{"gold_per_floor":[117,137,150,164,176,176,208,208,208,240,240,240,271,21,21,95,95,110,126,142,177,195,195,221,221,221,436,436,465,483,502,502,579,579,599,616,78,126,26,26,53,67,67,67,79,93,121,132,132,132,132,132,132,7,35,35],"floor_reached":56,"playtime":3904,"items_purged":["Strike_B","Defend_B","Strike_B"],"score":2363,"play_id":"ed8bb2c4-2624-4cde-8ca7-8dedebe9d554","local_time":"20190211100049","is_ascension_mode":true,"campfire_choices":[{"data":"Core Surge","floor":6.0,"key":"SMITH"},{"data":"Cold Snap","floor":8.0,"key":"SMITH"},{"data":"Buffer","floor":12.0,"key":"SMITH"},{"floor":15.0,"key":"REST"},{"data":"Buffer","floor":23.0,"key":"SMITH"},{"data":"Capacitor","floor":25.0,"key":"SMITH"},{"floor":32.0,"key":"REST"},{"data":"Defragment","floor":40.0,"key":"SMITH"},{"floor":44.0,"key":"RECALL"},{"data":"Creative AI","floor":49.0,"key":"SMITH"},{"data":"Discovery","floor":53.0,"key":"SMITH"}],"neow_cost":"PERCENT_DAMAGE","seed_source_timestamp":485244305642400,"circlet_count":0,"master_deck":["AscendersBane","Strike_B","Defend_B","Defend_B","Defend_B","Zap","Dualcast","Chill","FTL","BootSequence","Cold Snap+1","Core Surge+1","Coolheaded","Glacier","Rip and Tear+1","Buffer+1","Capacitor+1","Blizzard+1","Buffer+1","Rebound+1","Barrage+1","Sweeping Beam+1","Blizzard+1","Creative AI+1","White Noise","Hologram+1","Seek","Chill+1","Defragment+1","Discovery+1","Reinforced Body","Self Repair","PiercingWail","PiercingWail+1"],"special_seed":0,"relics":["Cracked Core","Prayer Wheel","Molten Egg 2","StoneCalendar","Singing Bowl","Girya","Mummified Hand","Philosopher\u0027s Stone","Red Mask","Lantern","Turnip","Old Coin","Du-Vu Doll","Coffee Dripper","PreservedInsect","Blood Vial","PrismaticShard","Incense Burner","Gremlin Horn","Art of War","Bronze Scales"],"potions_floor_usage":[56],"damage_taken":[{"damage":1.0,"enemies":"Cultist","floor":1.0,"turns":4.0},{"damage":0.0,"enemies":"2 Louse","floor":2.0,"turns":3.0},{"damage":0.0,"enemies":"Jaw Worm","floor":3.0,"turns":4.0},{"damage":2.0,"enemies":"2 Fungi Beasts","floor":4.0,"turns":3.0},{"damage":2.0,"enemies":"Large Slime","floor":5.0,"turns":5.0},{"damage":6.0,"enemies":"Lagavulin","floor":7.0,"turns":7.0},{"damage":16.0,"enemies":"Gremlin Nob","floor":10.0,"turns":4.0},{"damage":0.0,"enemies":"Lagavulin","floor":13.0,"turns":6.0},{"damage":0.0,"enemies":"The Guardian","floor":16.0,"turns":12.0},{"damage":7.0,"enemies":"2 Thieves","floor":18.0,"turns":4.0},{"damage":0.0,"enemies":"Spheric Guardian","floor":19.0,"turns":3.0},{"damage":21.0,"enemies":"3 Cultists","floor":20.0,"turns":5.0},{"damage":0.0,"enemies":"Masked Bandits","floor":21.0,"turns":5.0},{"damage":1.0,"enemies":"Sentry and Sphere","floor":22.0,"turns":5.0},{"damage":6.0,"enemies":"Slavers","floor":24.0,"turns":4.0},{"damage":0.0,"enemies":"Gremlin Leader","floor":29.0,"turns":5.0},{"damage":25.0,"enemies":"Shelled Parasite and Fungi","floor":30.0,"turns":7.0},{"damage":0.0,"enemies":"Snecko","floor":31.0,"turns":5.0},{"damage":0.0,"enemies":"Collector","floor":33.0,"turns":8.0},{"damage":0.0,"enemies":"3 Darklings","floor":35.0,"turns":7.0},{"damage":0.0,"enemies":"3 Shapes","floor":36.0,"turns":4.0},{"damage":51.0,"enemies":"2 Orb Walkers","floor":38.0,"turns":6.0},{"damage":0.0,"enemies":"Reptomancer","floor":41.0,"turns":4.0},{"damage":0.0,"enemies":"Jaw Worm Horde","floor":42.0,"turns":4.0},{"damage":26.0,"enemies":"Spire Growth","floor":45.0,"turns":5.0},{"damage":0.0,"enemies":"3 Darklings","floor":46.0,"turns":3.0},{"damage":0.0,"enemies":"Giant Head","floor":47.0,"turns":7.0},{"damage":0.0,"enemies":"Transient","floor":48.0,"turns":6.0},{"damage":31.0,"enemies":"Time Eater","floor":50.0,"turns":15.0},{"damage":5.0,"enemies":"Awakened One","floor":51.0,"turns":19.0},{"damage":46.0,"enemies":"Shield and Spear","floor":55.0,"turns":12.0},{"damage":52,"enemies":"The Heart","floor":56,"turns":5}],"seed_played":"2574306846555528389","potions_obtained":[{"floor":1.0,"key":"GamblersBrew"},{"floor":2.0,"key":"Poison Potion"},{"floor":7.0,"key":"EssenceOfSteel"},{"floor":13.0,"key":"Block Potion"},{"floor":16.0,"key":"Regen Potion"},{"floor":18.0,"key":"SkillPotion"},{"floor":24.0,"key":"GamblersBrew"},{"floor":29.0,"key":"Regen Potion"},{"floor":35.0,"key":"Explosive Potion"},{"floor":38.0,"key":"Regen Potion"},{"floor":41.0,"key":"AttackPotion"},{"floor":46.0,"key":"PowerPotion"}],"is_trial":false,"path_per_floor":["M","M","M","M","M","R","E","R","T","E","?","R","E","$","R","B",null,"M","M","M","?","M","R","E","R","T","?","?","E","M","M","R","B",null,"M","M","$","?","$","R","E","M","T","R","M","M","E","M","R","B","B",null,"R","$","E","B"],"character_chosen":"DEFECT","items_purchased":["Capacitor","Blizzard+1","PreservedInsect","Blood Vial","PrismaticShard"],"campfire_rested":2,"item_purchase_floors":[14,14,37,37,37],"current_hp_per_floor":[45,45,45,43,41,41,35,35,35,19,19,19,21,21,42,42,65,58,62,43,57,58,58,54,54,54,54,54,56,33,35,62,62,84,88,88,88,51,51,51,64,70,70,70,48,54,56,60,60,38,42,92,92,92,55,5],"gold":35,"neow_bonus":"ONE_RARE_RELIC","is_prod":false,"is_daily":false,"chose_seed":false,"campfire_upgraded":8,"win_rate":0,"timestamp":1549846849,"path_taken":["M","?","M","M","M","R","E","R","T","E","?","R","E","$","R","BOSS","M","M","?","?","M","R","E","R","T","?","?","E","M","M","R","BOSS","M","M","?","?","?","R","E","M","T","R","M","M","E","M","R","BOSS","BOSS","R","$","E","BOSS"],"build_version":"2019-01-23","purchased_purges":3,"victory":false,"max_hp_per_floor":[71,71,71,71,71,71,71,71,71,71,71,71,73,73,73,73,73,73,77,79,81,83,83,85,85,85,85,85,87,89,91,91,91,91,95,95,95,95,95,95,97,101,101,101,103,107,107,109,109,109,109,109,109,109,109,109],"card_choices":[{"not_picked":["Static Discharge","Rebound"],"picked":"Chill","floor":1.0},{"not_picked":["Turbo","Gash"],"picked":"FTL","floor":1.0},{"not_picked":["Compile Driver","Stack"],"picked":"BootSequence","floor":2.0},{"not_picked":["Fusion","Steam","Hologram"],"picked":"SKIP","floor":2.0},{"not_picked":["Stack","Force Field"],"picked":"Cold Snap","floor":3.0},{"not_picked":["Hologram","Rebound","Force Field"],"picked":"SKIP","floor":3.0},{"not_picked":["Hologram","Rebound","Force Field"],"picked":"SKIP","floor":3.0},{"not_picked":["Doom and Gloom","Rip and Tear"],"picked":"Core Surge","floor":4.0},{"not_picked":["Conserve Battery","Compile Driver","Aggregate"],"picked":"SKIP","floor":4.0},{"not_picked":["Turbo","Auto Shields"],"picked":"Coolheaded","floor":5.0},{"not_picked":["Chaos","Loop"],"picked":"Glacier","floor":5.0},{"not_picked":["Redo","Reboot"],"picked":"Rip and Tear","floor":7.0},{"not_picked":["Steam","Conserve Battery"],"picked":"Buffer","floor":10.0},{"not_picked":["Hello World","Recycle","Lockon+1"],"picked":"Singing Bowl","floor":13.0},{"not_picked":["Fission","Rainbow"],"picked":"Buffer","floor":16.0},{"not_picked":["Chaos","Steam"],"picked":"Rebound+1","floor":18.0},{"not_picked":["Redo","Lockon+1"],"picked":"Barrage+1","floor":18.0},{"not_picked":["Turbo","Chaos","Static Discharge"],"picked":"Singing Bowl","floor":19.0},{"not_picked":["Rebound+1","Streamline+1","Turbo+1"],"picked":"Singing Bowl","floor":19.0},{"not_picked":["Hello World","Barrage+1"],"picked":"Sweeping Beam+1","floor":20.0},{"not_picked":["Gash+1","Doom and Gloom+1","Conserve Battery"],"picked":"Singing Bowl","floor":20.0},{"not_picked":["Hello World","Rip and Tear+1","BootSequence"],"picked":"Singing Bowl","floor":21.0},{"not_picked":["Darkness","Stack","Barrage+1"],"picked":"Singing Bowl","floor":22.0},{"not_picked":["Hologram","Go for the Eyes+1"],"picked":"Blizzard+1","floor":22.0},{"not_picked":["Barrage+1","Auto Shields","Double Energy"],"picked":"Singing Bowl","floor":24.0},{"not_picked":["Undo","Darkness","Compile Driver+1"],"picked":"Singing Bowl","floor":29.0},{"not_picked":["Redo+1","Barrage+1","Melter+1"],"picked":"Singing Bowl","floor":30.0},{"not_picked":["Gash+1","Creative AI"],"picked":"White Noise","floor":30.0},{"not_picked":["Gash+1","Leap"],"picked":"Hologram+1","floor":31.0},{"not_picked":["Redo","Hologram","Sweeping Beam+1"],"picked":"Singing Bowl","floor":31.0},{"not_picked":["Thunder Strike+1","Core Surge+1"],"picked":"Seek","floor":33.0},{"not_picked":["Doom and Gloom+1","Reinforced Body","Reprogram"],"picked":"Singing Bowl","floor":35.0},{"not_picked":["Turbo","Stack","Leap+1"],"picked":"Singing Bowl","floor":35.0},{"not_picked":["Redo","Beam Cell+1"],"picked":"Chill+1","floor":36.0},{"not_picked":["Ball Lightning+1","Beam Cell+1"],"picked":"Defragment","floor":36.0},{"not_picked":["Jack Of All Trades+1","Dagger Spray+1"],"picked":"Discovery","floor":38.0},{"not_picked":["PanicButton","Thunderclap+1","Sucker Punch+1"],"picked":"Singing Bowl","floor":41.0},{"not_picked":["Anger+1","Quick Slash+1","Turbo+1"],"picked":"Singing Bowl","floor":42.0},{"not_picked":["Twin Strike+1","Terror","Go for the Eyes+1"],"picked":"Singing Bowl","floor":42.0},{"not_picked":["Turbo","Iron Wave+1","Blind"],"picked":"Singing Bowl","floor":45.0},{"not_picked":["Chrysalis","Slice+1"],"picked":"Reinforced Body","floor":45.0},{"not_picked":["Wild Strike+1","Armaments","Fire Breathing"],"picked":"Singing Bowl","floor":46.0},{"not_picked":["Doom and Gloom+1","Dagger Throw+1","Twin Strike+1"],"picked":"Singing Bowl","floor":46.0},{"not_picked":["Rebound+1","Reinforced Body+1"],"picked":"Self Repair","floor":47.0},{"not_picked":["Twin Strike+1","Blind","Sadistic Nature"],"picked":"Singing Bowl","floor":48.0},{"not_picked":["Recycle","Intimidate+1"],"picked":"PiercingWail","floor":48.0},{"not_picked":["Thinking Ahead","Blind"],"picked":"PiercingWail+1","floor":55.0}],"player_experience":1502849,"relics_obtained":[{"floor":7.0,"key":"Molten Egg 2"},{"floor":9.0,"key":"StoneCalendar"},{"floor":10.0,"key":"Singing Bowl"},{"floor":13.0,"key":"Mummified Hand"},{"floor":21.0,"key":"Red Mask"},{"floor":24.0,"key":"Lantern"},{"floor":26.0,"key":"Turnip"},{"floor":29.0,"key":"Du-Vu Doll"},{"floor":38.0,"key":"Incense Burner"},{"floor":41.0,"key":"Gremlin Horn"},{"floor":47.0,"key":"Art of War"},{"floor":55.0,"key":"Bronze Scales"}],"event_choices":[{"damage_healed":0.0,"max_hp_gain":0.0,"max_hp_loss":0.0,"gold_gain":0.0,"event_name":"WeMeetAgain","player_choice":"Gave Potion","floor":11.0,"gold_loss":0.0,"damage_taken":0.0,"relics_obtained":["Girya"]},{"damage_healed":0.0,"max_hp_gain":0.0,"max_hp_loss":0.0,"gold_gain":0.0,"event_name":"Masked Bandits","player_choice":"Fought Bandits","floor":21.0,"gold_loss":0.0,"damage_taken":0.0},{"damage_healed":0.0,"max_hp_gain":0.0,"max_hp_loss":0.0,"gold_gain":0.0,"event_name":"Addict","player_choice":"Obtained Relic","floor":27.0,"gold_loss":85.0,"damage_taken":0.0,"relics_obtained":["Old Coin"]},{"damage_healed":0.0,"max_hp_gain":0.0,"max_hp_loss":0.0,"gold_gain":0.0,"cards_transformed":["Strike_B"],"event_name":"Transmorgrifier","player_choice":"Transformed","floor":28.0,"gold_loss":0.0,"damage_taken":0.0,"cards_obtained":["Creative AI"]},{"damage_healed":0.0,"max_hp_gain":0.0,"max_hp_loss":0.0,"gold_gain":0.0,"event_name":"Mysterious Sphere","player_choice":"Fight","floor":38.0,"gold_loss":0.0,"damage_taken":0.0}],"is_beta":false,"boss_relics":[{"not_picked":["Pandora\u0027s Box","Astrolabe"],"picked":"Philosopher\u0027s Stone"},{"not_picked":["Tiny House","Fusion Hammer"],"picked":"Coffee Dripper"}],"items_purged_floors":[14,39,54],"is_endless":false,"potions_floor_spawned":[1,2,7,13,16,18,20,24,29,35,38,41,46],"killed_by":"The Heart","ascension_level":20}