{"path_per_floor":["M","M","?","$","?","E","R","M","T","M","R","M","E","M","R","B",null,"M","?","?","?","M","E","$","R","T","?","M","R","E","?","R"],"character_chosen":"DEFECT","items_purchased":["Beam Cell","Go for the Eyes"],"gold_per_floor":[119,129,129,32,32,63,63,87,87,101,101,114,155,169,169,295,295,315,315,240,163,182,222,96,96,120,120,133,133,164,79,79,79],"floor_reached":33,"campfire_rested":0,"playtime":1024,"current_hp_per_floor":[68,68,50,50,35,35,35,42,42,49,49,56,65,62,62,18,62,68,68,68,68,77,68,68,68,68,68,58,58,55,55,55,0],"items_purged":["Strike_B","Strike_B"],"gold":79,"score":446,"play_id":"1f353dde-adb2-4044-8262-d48bb77d1d82","local_time":"20180514001849","is_prod":false,"is_daily":false,"chose_seed":false,"is_ascension_mode":true,"campfire_upgraded":3,"timestamp":1526228329,"path_taken":["M","?","?","$","?","E","R","M","T","M","R","M","E","M","R","BOSS","M","?","?","?","?","E","$","R","T","?","M","R","E","?","R","BOSS"],"build_version":"2018-05-12v2","seed_source_timestamp":201253773744324,"purchased_purges":2,"victory":false,"master_deck":["Strike_B+1","Defend_B+1","Defend_B+1","Defend_B+1","Defend_B+1","Zap+1","Dualcast+1","Sunder+1","Self Repair+1","Beam Cell+1","Ball Lightning+1","FTL+1","Streamline+1","Barrage+1","Thunder Strike+1","J.A.X.","Go for the Eyes+1"],"max_hp_per_floor":[75,75,75,75,75,75,75,75,75,75,75,75,77,77,77,77,77,79,79,79,79,81,83,83,83,83,83,85,85,87,87,87,87],"relics":["Cracked Core","NeowsBlessing","Bloody Idol","Molten Egg 2","Bag of Preparation","Singing Bowl","Nuclear Battery","Shovel","Du-Vu Doll","Prayer Wheel","Dream Catcher","Bronze Scales","Dodecahedron","Ornamental Fan"],"card_choices":[{"not_picked":["Steam Power","Aggregate"],"picked":"Sunder","floor":1},{"not_picked":["Skim","Streamline"],"picked":"Self Repair","floor":2},{"not_picked":["Recycle","Beam Cell"],"picked":"Ball Lightning","floor":6},{"not_picked":["Self Repair","Capacitor","Steam"],"picked":"SKIP","floor":8},{"not_picked":["Scrape+1","Sweeping Beam+1"],"picked":"FTL+1","floor":10},{"not_picked":["Force Field","Storm"],"picked":"Streamline+1","floor":12},{"not_picked":["Stack","Meteor Strike+1","Ball Lightning+1"],"picked":"Singing Bowl","floor":13},{"not_picked":["Self Repair","Storm"],"picked":"Barrage+1","floor":14},{"not_picked":["Biased Cognition","Buffer"],"picked":"Thunder Strike+1","floor":16},{"not_picked":["Axe Kick+1","Barrage+1","Streamline+1"],"picked":"Singing Bowl","floor":18},{"not_picked":["Rip and Tear+1","Axe Kick+1","Darkness"],"picked":"Singing Bowl","floor":22},{"not_picked":["Beam Cell+1","Sunder+1","Barrage+1"],"picked":"Singing Bowl","floor":23},{"not_picked":["Chaos","Recycle","Hologram"],"picked":"Singing Bowl","floor":28},{"not_picked":["Redo","Undo","Stack"],"picked":"Singing Bowl","floor":30}],"player_experience":374267,"potions_floor_usage":[14,16,23,33,33,33],"damage_taken":[{"damage":0,"enemies":"Cultist","floor":1,"turns":1},{"damage":0,"enemies":"2 Louse","floor":2,"turns":1},{"damage":0,"enemies":"Lagavulin","floor":6,"turns":1},{"damage":0,"enemies":"Small Slimes","floor":8,"turns":1},{"damage":0,"enemies":"2 Fungi Beasts","floor":10,"turns":2},{"damage":0,"enemies":"Large Slime","floor":12,"turns":3},{"damage":0,"enemies":"Gremlin Nob","floor":13,"turns":2},{"damage":10,"enemies":"Lots of Slimes","floor":14,"turns":2},{"damage":54,"enemies":"Hexaghost","floor":16,"turns":5},{"damage":6,"enemies":"3 Byrds","floor":18,"turns":3},{"damage":3,"enemies":"Chosen","floor":22,"turns":2},{"damage":21,"enemies":"Slavers","floor":23,"turns":4},{"damage":27,"enemies":"Snake Plant","floor":28,"turns":3},{"damage":20,"enemies":"Book of Stabbing","floor":30,"turns":4},{"damage":77,"enemies":"Champ","floor":33,"turns":6}],"event_choices":[{"event_name":"Golden Idol","player_choice":"Take Damage","floor":3,"damage_taken":0},{"event_name":"Shining Light","player_choice":"Entered Light","floor":5,"damage_taken":0},{"event_name":"Back to Basics","player_choice":"Simplicity","floor":19,"damage_taken":0},{"event_name":"Beggar","player_choice":"Gave Gold","floor":20,"damage_taken":0},{"event_name":"Drug Dealer","player_choice":"Got JAXXED","floor":21,"damage_taken":0},{"event_name":"Forgotten Altar","player_choice":"Gave Idol","floor":27,"damage_taken":0},{"event_name":"Addict","player_choice":"Obtained Relic","floor":31,"damage_taken":0}],"boss_relics":[{"not_picked":["Philosopher\u0027s Stone","Runic Pyramid"],"picked":"Nuclear Battery"}],"potions_floor_spawned":[1,2,13,16,22,23,28],"seed_played":"7693320679895273945","killed_by":"Champ","ascension_level":6,"is_trial":false}