{"gold_per_floor":[110,110,33,183,183,183,222,241,241,241],"floor_reached":10,"playtime":124,"items_purged":[],"score":178,"play_id":"c51b13b6-4fc5-474f-9ade-b53a86f63bb3","local_time":"20190228191446","is_ascension_mode":true,"campfire_choices":[{"data":"Corruption","floor":6,"key":"SMITH"}],"neow_cost":"NONE","seed_source_timestamp":211495290030700,"circlet_count":0,"master_deck":["AscendersBane","Strike_R","Strike_R+1","Strike_R","Strike_R","Strike_R","Defend_R","Defend_R","Defend_R+1","Defend_R","Bash","Corruption+1","Doubt","Carnage","Seeing Red"],"relics":["Burning Blood","NeowsBlessing","Golden Idol","Ancient Tea Set","The Courier"],"potions_floor_usage":[10],"damage_taken":[{"damage":0,"enemies":"Jaw Worm","floor":1,"turns":1},{"damage":0,"enemies":"Gremlin Nob","floor":7,"turns":1},{"damage":0,"enemies":"2 Louse","floor":8,"turns":1},{"damage":2,"enemies":"3 Sentries","floor":10,"turns":2}],"seed_played":"7908202212316773408","potions_obtained":[{"floor":8,"key":"GamblersBrew"}],"is_trial":false,"path_per_floor":["M","?","$","?","?","R","E","M","T","E"],"character_chosen":"IRONCLAD","items_purchased":["Corruption"],"campfire_rested":0,"item_purchase_floors":[3],"current_hp_per_floor":[74,48,48,48,25,25,31,37,37,35],"gold":241,"neow_bonus":"THREE_ENEMY_KILL","is_prod":false,"is_daily":false,"chose_seed":false,"campfire_upgraded":1,"win_rate":0,"timestamp":1551348886,"path_taken":["M","?","$","?","?","R","E","M","T","E"],"build_version":"2019-01-23","purchased_purges":0,"victory":false,"max_hp_per_floor":[75,75,75,75,75,75,75,75,75,75],"card_choices":[{"not_picked":["Perfected Strike","Wild Strike","Cleave"],"picked":"SKIP","floor":1},{"not_picked":["Body Slam","Clash"],"picked":"Carnage","floor":7},{"not_picked":["Intimidate","Pummel"],"picked":"Seeing Red","floor":8}],"player_experience":1899421,"relics_obtained":[{"floor":7,"key":"Ancient Tea Set"},{"floor":9,"key":"The Courier"}],"event_choices":[{"damage_healed":0,"gold_gain":0,"player_choice":"Take Damage","damage_taken":26,"relics_obtained":["Golden Idol"],"max_hp_gain":0,"max_hp_loss":0,"event_name":"Golden Idol","floor":2,"gold_loss":0},{"damage_healed":0,"gold_gain":150,"player_choice":"AGREE","damage_taken":0,"max_hp_gain":0,"max_hp_loss":0,"event_name":"Liars Game","floor":4,"gold_loss":0,"cards_obtained":["Doubt"]},{"damage_healed":0,"gold_gain":0,"player_choice":"Entered Light","damage_taken":23,"max_hp_gain":0,"max_hp_loss":0,"event_name":"Shining Light","floor":5,"gold_loss":0,"cards_upgraded":["Defend_R","Strike_R"]}],"is_beta":false,"boss_relics":[],"items_purged_floors":[],"is_endless":false,"potions_floor_spawned":[8],"killed_by":"3 Sentries","ascension_level":20}