{"gold_per_floor":[112,112,131,131,147,178,178,216,216,241,241,282,282,282],"floor_reached":14,"playtime":245,"items_purged":[],"score":216,"play_id":"3f4b7281-7268-4f75-87c2-20c32c605609","local_time":"20190421131004","is_ascension_mode":true,"campfire_choices":[{"data":"Bash","floor":7,"key":"SMITH"},{"data":"True Grit","floor":13,"key":"SMITH"}],"neow_cost":"NONE","seed_source_timestamp":465382184276800,"circlet_count":0,"master_deck":["AscendersBane","Strike_R","Strike_R","Strike_R","Strike_R","Strike_R","Defend_R","Defend_R","Defend_R","Defend_R","Bash+1","Inflame","Pommel Strike","Evolve","Carnage","True Grit+1","Sword Boomerang"],"relics":["Burning Blood","NeowsBlessing","Golden Idol","Vajra","Torii","Paper Frog","Dodecahedron"],"potions_floor_usage":[6,6,8,14],"damage_taken":[{"damage":0,"enemies":"Jaw Worm","floor":1,"turns":1},{"damage":0,"enemies":"Cultist","floor":3,"turns":1},{"damage":0,"enemies":"Small Slimes","floor":5,"turns":1},{"damage":25,"enemies":"Lagavulin","floor":6,"turns":7},{"damage":30,"enemies":"3 Sentries","floor":8,"turns":8},{"damage":16,"enemies":"2 Fungi Beasts","floor":10,"turns":3},{"damage":8,"enemies":"Gremlin Nob","floor":12,"turns":3},{"damage":9,"enemies":"The Mushroom Lair","floor":14,"turns":2}],"seed_played":"1486393820632934399","potions_obtained":[{"floor":1,"key":"Regen Potion"},{"floor":2,"key":"Poison Potion"},{"floor":6,"key":"Energy Potion"},{"floor":12,"key":"Energy Potion"}],"is_trial":false,"path_per_floor":["M","?","M","?","M","E","R","E","T","M","?","E","R","?"],"character_chosen":"IRONCLAD","items_purchased":[],"campfire_rested":0,"item_purchase_floors":[],"current_hp_per_floor":[74,74,75,49,55,51,51,27,27,17,17,15,15,6],"gold":282,"neow_bonus":"THREE_ENEMY_KILL","is_prod":false,"is_daily":false,"chose_seed":false,"campfire_upgraded":2,"win_rate":0,"timestamp":1555819804,"path_taken":["M","?","?","?","M","E","R","E","T","M","?","E","R","?"],"build_version":"2019-01-23","purchased_purges":0,"victory":false,"max_hp_per_floor":[75,75,75,75,75,75,75,75,75,75,75,75,75,75],"card_choices":[{"not_picked":["Fire Breathing","Warcry","Sword Boomerang"],"picked":"SKIP","floor":1},{"not_picked":["Flex","Wild Strike"],"picked":"Inflame","floor":3},{"not_picked":["Clash","Sever Soul"],"picked":"Pommel Strike","floor":5},{"not_picked":["Bludgeon","Blood for Blood"],"picked":"Evolve","floor":6},{"not_picked":["Havoc","Pommel Strike"],"picked":"Carnage","floor":8},{"not_picked":["Body Slam","Metallicize"],"picked":"True Grit","floor":10},{"not_picked":["Warcry","Wild Strike"],"picked":"Sword Boomerang","floor":12}],"player_experience":3269441,"relics_obtained":[{"floor":6,"key":"Vajra"},{"floor":8,"key":"Torii"},{"floor":9,"key":"Paper Frog"},{"floor":12,"key":"Dodecahedron"}],"event_choices":[{"damage_healed":0,"gold_gain":0,"player_choice":"Got Potions","damage_taken":0,"max_hp_gain":0,"max_hp_loss":0,"event_name":"Lab","floor":2,"gold_loss":0},{"damage_healed":0,"gold_gain":0,"player_choice":"Take Damage","damage_taken":26,"relics_obtained":["Golden Idol"],"max_hp_gain":0,"max_hp_loss":0,"event_name":"Golden Idol","floor":4,"gold_loss":0},{"damage_healed":0,"gold_gain":0,"player_choice":"Ignored","damage_taken":0,"max_hp_gain":0,"max_hp_loss":0,"event_name":"Shining Light","floor":11,"gold_loss":0},{"damage_healed":0,"gold_gain":0,"player_choice":"Fought Mushrooms","damage_taken":0,"max_hp_gain":0,"max_hp_loss":0,"event_name":"Mushrooms","floor":14,"gold_loss":0}],"is_beta":false,"boss_relics":[],"items_purged_floors":[],"is_endless":false,"potions_floor_spawned":[1,6,12],"killed_by":"The Mushroom Lair","ascension_level":20}