{"gold_per_floor":[117,117,117,136,136,165,165,200,200,200,200,200],"floor_reached":12,"playtime":184,"items_purged":[],"score":218,"play_id":"363ec7ef-520a-42f9-9c40-0660b5be10c9","local_time":"20190205183031","is_ascension_mode":true,"campfire_choices":[{"data":"Defend_B","floor":7,"key":"SMITH"},{"data":"Gash","floor":11,"key":"SMITH"}],"neow_cost":"NONE","seed_source_timestamp":1420131794800,"circlet_count":0,"master_deck":["AscendersBane","Strike_B","Strike_B","Strike_B","Strike_B","Defend_B+1","Defend_B","Defend_B","Zap+1","Dualcast","Gash+1","Regret","Cold Snap"],"relics":["Cracked Core","NeowsBlessing","FossilizedHelix","Singing Bowl","Smiling Mask","DataDisk"],"potions_floor_usage":[],"damage_taken":[{"damage":0,"enemies":"Cultist","floor":1,"turns":1},{"damage":0,"enemies":"Jaw Worm","floor":4,"turns":1},{"damage":0,"enemies":"3 Sentries","floor":6,"turns":1},{"damage":40,"enemies":"Lagavulin","floor":8,"turns":8},{"damage":30,"enemies":"Gremlin Nob","floor":12,"turns":3}],"seed_played":"-7097880062497941458","potions_obtained":[{"floor":4,"key":"LiquidBronze"},{"floor":6,"key":"AttackPotion"}],"is_trial":false,"path_per_floor":["M","?","?","M","?","E","R","E","T","?","R","E"],"character_chosen":"DEFECT","items_purchased":[],"campfire_rested":0,"item_purchase_floors":[],"current_hp_per_floor":[64,64,57,57,57,59,59,19,19,19,19,0],"gold":200,"neow_bonus":"THREE_ENEMY_KILL","is_prod":false,"is_daily":false,"chose_seed":false,"campfire_upgraded":2,"win_rate":0,"timestamp":1549359031,"path_taken":["M","?","?","M","?","E","R","E","T","?","R","E"],"build_version":"2019-01-23","purchased_purges":0,"victory":false,"max_hp_per_floor":[71,71,71,71,71,73,73,73,73,73,73,73],"card_choices":[{"not_picked":["Leap","Redo"],"picked":"Gash","floor":1},{"not_picked":["Reprogram","Compile Driver","Conserve Battery"],"picked":"SKIP","floor":4},{"not_picked":["Turbo","Hologram","Redo"],"picked":"Singing Bowl","floor":6},{"not_picked":["Barrage","Hologram"],"picked":"Cold Snap","floor":8}],"player_experience":1378827,"relics_obtained":[{"floor":6,"key":"Singing Bowl"},{"floor":8,"key":"Smiling Mask"}],"event_choices":[{"damage_healed":0,"gold_gain":0,"player_choice":"Grow","damage_taken":0,"max_hp_gain":0,"max_hp_loss":0,"event_name":"Living Wall","floor":2,"gold_loss":0,"cards_upgraded":["Zap"]},{"cards_removed":["Defend_B"],"damage_healed":0,"gold_gain":0,"player_choice":"Card Removal","damage_taken":7,"max_hp_gain":0,"max_hp_loss":0,"event_name":"Golden Wing","floor":3,"gold_loss":0},{"damage_healed":0,"gold_gain":0,"player_choice":"Box","damage_taken":0,"relics_obtained":["FossilizedHelix"],"max_hp_gain":0,"max_hp_loss":0,"event_name":"Big Fish","floor":5,"gold_loss":0,"cards_obtained":["Regret"]},{"damage_healed":0,"gold_gain":0,"player_choice":"Gave Potion","damage_taken":0,"relics_obtained":["DataDisk"],"max_hp_gain":0,"max_hp_loss":0,"event_name":"WeMeetAgain","floor":10,"gold_loss":0}],"is_beta":false,"boss_relics":[],"items_purged_floors":[],"is_endless":false,"potions_floor_spawned":[4,6],"killed_by":"Gremlin Nob","ascension_level":20}