{"gold_per_floor":[117,192,142,152,17,17,46,46,71,71,103,17,45,56,56,158,158,172,188,206,64,64,64,81,93,93,93,103,103],"floor_reached":29,"playtime":1266,"items_purged":["Strike_R"],"score":440,"play_id":"cc85750b-4b05-42a1-b01e-68068c8f0c00","local_time":"20180720062507","is_ascension_mode":true,"campfire_choices":[{"data":"Limit Break","floor":6,"key":"SMITH"},{"data":"Bash","floor":8,"key":"SMITH"},{"data":"Thunderclap","floor":10,"key":"SMITH"},{"floor":15,"key":"REST"},{"data":"Heavy Blade","floor":23,"key":"SMITH"},{"data":"Bite","floor":27,"key":"SMITH"}],"neow_cost":"NONE","seed_source_timestamp":391419101231602,"circlet_count":0,"master_deck":["Defend_R","Defend_R","Defend_R","Bash+1","AscendersBane","Thunderclap+1","Limit Break+1","Shrug It Off","Brutality","Heavy Blade+1","Battle Trance","Demon Form","True Grit","Headbutt","True Grit+1","Whirlwind","Bite+1","Bite","Bite","Bite","Bite","Metallicize","Rupture"],"relics":["Burning Blood","NeowsBlessing","Pantograph","Bronze Scales","Magic Flower","Ice Cream","Coffee Dripper","Peace Pipe"],"potions_floor_usage":[11,18],"damage_taken":[{"damage":0,"enemies":"Jaw Worm","floor":1,"turns":1},{"damage":0,"enemies":"Cultist","floor":4,"turns":1},{"damage":0,"enemies":"Gremlin Nob","floor":7,"turns":1},{"damage":40,"enemies":"Lagavulin","floor":11,"turns":6},{"damage":39,"enemies":"Gremlin Nob","floor":13,"turns":4},{"damage":5,"enemies":"Small Slimes","floor":14,"turns":3},{"damage":96,"enemies":"Slime Boss","floor":16,"turns":13},{"damage":3,"enemies":"3 Byrds","floor":18,"turns":2},{"damage":19,"enemies":"Shell Parasite","floor":19,"turns":5},{"damage":43,"enemies":"Sentry and Sphere","floor":20,"turns":7},{"damage":18,"enemies":"Snecko","floor":24,"turns":5},{"damage":46,"enemies":"Slaver and Parasite","floor":25,"turns":6},{"damage":33,"enemies":"Snake Plant","floor":28,"turns":5},{"damage":41,"enemies":"Book of Stabbing","floor":29,"turns":4}],"seed_played":"8949702220936922867","potions_obtained":[{"floor":4,"key":"Poison Potion"},{"floor":14,"key":"FairyPotion"},{"floor":16,"key":"Fire Potion"},{"floor":24,"key":"FearPotion"},{"floor":28,"key":"SpeedPotion"}],"is_trial":false,"path_per_floor":["M","?","?","M","$","R","E","R","T","R","E","$","E","M","R","B",null,"M","M","M","$","?","R","M","M","T","R","M"],"character_chosen":"IRONCLAD","items_purchased":["Limit Break","Heavy Blade","Battle Trance","Whirlwind"],"campfire_rested":1,"item_purchase_floors":[5,12,12,21],"current_hp_per_floor":[78,67,67,73,73,73,79,79,79,79,45,45,15,19,43,17,64,70,60,26,26,26,26,32,25,25,25,24,0],"gold":103,"neow_bonus":"THREE_ENEMY_KILL","is_prod":false,"is_daily":false,"chose_seed":false,"campfire_upgraded":5,"win_rate":0,"timestamp":1532039107,"path_taken":["M","?","?","M","$","R","E","R","T","R","E","$","E","M","R","BOSS","M","M","M","$","?","R","M","M","T","R","M","E"],"build_version":"2018-07-19","purchased_purges":1,"victory":false,"max_hp_per_floor":[80,80,80,80,80,80,80,80,80,80,80,80,80,80,80,80,80,80,80,80,80,56,56,56,56,56,56,56,56],"card_choices":[{"not_picked":["Armaments","Wild Strike","Bloodletting"],"picked":"SKIP","floor":1},{"not_picked":["Wild Strike","Dual Wield"],"picked":"Thunderclap","floor":4},{"not_picked":["Pummel","Intimidate"],"picked":"Shrug It Off","floor":7},{"not_picked":["Clothesline","Seeing Red"],"picked":"Brutality","floor":11},{"not_picked":["Uppercut","Rage","Bloodletting"],"picked":"SKIP","floor":13},{"not_picked":["Shrug It Off","Thunderclap","Havoc"],"picked":"SKIP","floor":14},{"not_picked":["Berserk","Juggernaut"],"picked":"Demon Form","floor":16},{"not_picked":["Perfected Strike","Hemokinesis+1"],"picked":"True Grit","floor":18},{"not_picked":["True Grit","Clothesline+1"],"picked":"Headbutt","floor":19},{"not_picked":["Seeing Red","Sever Soul+1"],"picked":"True Grit+1","floor":20},{"not_picked":["Anger","Infernal Blade","Second Wind"],"picked":"SKIP","floor":24},{"not_picked":["Sever Soul","Power Through+1"],"picked":"Metallicize","floor":25},{"not_picked":["Entrench","Havoc"],"picked":"Rupture","floor":28}],"player_experience":444910,"relics_obtained":[{"floor":7,"key":"Pantograph"},{"floor":9,"key":"Bronze Scales"},{"floor":11,"key":"Magic Flower"},{"floor":13,"key":"Ice Cream"},{"floor":26,"key":"Peace Pipe"}],"event_choices":[{"event_name":"World of Goop","player_choice":"Gather Gold","floor":2,"damage_taken":0},{"event_name":"The Cleric","player_choice":"Card Removal","floor":3,"damage_taken":0},{"event_name":"Vampires","player_choice":"Became a vampire","floor":22,"damage_taken":0}],"is_beta":true,"boss_relics":[{"not_picked":["Fusion Hammer","Astrolabe"],"picked":"Coffee Dripper"}],"items_purged_floors":[21],"is_endless":false,"potions_floor_spawned":[4,14,16,24,28],"killed_by":"Book of Stabbing","ascension_level":11}