{"gold_per_floor":[119,119,119,131,131,164,164,197,197,215,140,140,171,190,190,261,261,280,290,205,69,85,85,113,113,160,189,189,189],"floor_reached":29,"playtime":777,"items_purged":["Defend_B"],"score":608,"play_id":"1f37258a-22a4-4e17-9a0b-22e9ee0c602c","local_time":"20190302231038","is_ascension_mode":true,"campfire_choices":[{"data":"Barrage","floor":7,"key":"SMITH"},{"data":"Static Discharge","floor":12,"key":"SMITH"},{"data":"Zap","floor":15,"key":"SMITH"},{"floor":23,"key":"REST"},{"floor":25,"key":"REST"}],"neow_cost":"NONE","seed_source_timestamp":82729435627700,"circlet_count":0,"master_deck":["AscendersBane","Strike_B","Strike_B+1","Strike_B+1","Zap+1","Dualcast","Ball Lightning","Coolheaded","Barrage+1","Static Discharge+1","Gash","Echo Form","Turbo+1","Go for the Eyes+1","Ball Lightning+1","Cold Snap","Loop","Conserve Battery","Consume+1","Seek"],"relics":["Cracked Core","NeowsBlessing","Torii","Shuriken","Incense Burner","Cables","Astrolabe","Ancient Tea Set","Smiling Mask","Whetstone","Blood Vial"],"potions_floor_usage":[14,24,24],"damage_taken":[{"damage":0,"enemies":"Small Slimes","floor":1,"turns":1},{"damage":0,"enemies":"Cultist","floor":4,"turns":1},{"damage":0,"enemies":"Gremlin Nob","floor":6,"turns":1},{"damage":14,"enemies":"3 Sentries","floor":8,"turns":6},{"damage":7,"enemies":"Jaw Worm","floor":10,"turns":2},{"damage":6,"enemies":"Gremlin Nob","floor":13,"turns":3},{"damage":0,"enemies":"Exordium Wildlife","floor":14,"turns":3},{"damage":8,"enemies":"Hexaghost","floor":16,"turns":5},{"damage":9,"enemies":"Spheric Guardian","floor":18,"turns":3},{"damage":0,"enemies":"Chosen","floor":19,"turns":3},{"damage":21,"enemies":"Sentry and Sphere","floor":22,"turns":4},{"damage":34,"enemies":"Slavers","floor":24,"turns":3},{"damage":10,"enemies":"Gremlin Leader","floor":27,"turns":6},{"damage":1,"enemies":"Snecko","floor":29,"turns":3}],"seed_played":"-8414989094694499809","potions_obtained":[{"floor":1,"key":"GamblersBrew"},{"floor":8,"key":"SteroidPotion"},{"floor":14,"key":"Fruit Juice"},{"floor":19,"key":"Swift Potion"},{"floor":24,"key":"Strength Potion"}],"is_trial":false,"path_per_floor":["M","$","?","M","$","E","R","E","T","M","$","R","E","M","R","B",null,"M","M","?","$","M","R","E","R","T","E","?","M"],"character_chosen":"DEFECT","items_purchased":["Loop","Conserve Battery"],"campfire_rested":2,"item_purchase_floors":[21,21],"current_hp_per_floor":[64,64,64,64,64,64,64,50,50,43,43,43,37,42,42,34,66,57,57,57,57,36,58,24,46,46,36,25,26],"gold":189,"neow_bonus":"THREE_ENEMY_KILL","is_prod":false,"is_daily":false,"chose_seed":false,"campfire_upgraded":3,"win_rate":0,"timestamp":1551535838,"path_taken":["M","$","?","M","$","E","R","E","T","?","$","R","E","M","R","BOSS","M","M","?","$","M","R","E","R","T","E","?","M"],"build_version":"2019-01-23","purchased_purges":1,"victory":false,"max_hp_per_floor":[71,71,71,71,71,71,71,71,71,71,71,71,71,76,76,76,76,76,76,76,76,76,76,76,76,76,76,76,76],"card_choices":[{"not_picked":["Fusion","Reinforced Body"],"picked":"Ball Lightning","floor":1},{"not_picked":["Storm","Rebound"],"picked":"Coolheaded","floor":4},{"not_picked":["Blizzard","Beam Cell"],"picked":"Barrage","floor":6},{"not_picked":["Ball Lightning","Undo"],"picked":"Static Discharge","floor":8},{"not_picked":["Leap","Recycle"],"picked":"Gash","floor":10},{"not_picked":["Doom and Gloom","Ball Lightning","Hello World"],"picked":"SKIP","floor":13},{"not_picked":["Stack","Compile Driver","Reprogram"],"picked":"SKIP","floor":14},{"not_picked":["Core Surge","Amplify"],"picked":"Echo Form","floor":16},{"not_picked":["Compile Driver","Recycle"],"picked":"Cold Snap","floor":18},{"not_picked":["Steam Power","Sweeping Beam","Stack"],"picked":"SKIP","floor":19},{"not_picked":["Double Energy","Scrape"],"picked":"Consume+1","floor":22},{"not_picked":["Creative AI","Leap"],"picked":"Seek","floor":24},{"not_picked":["Go for the Eyes","Leap","Redo"],"picked":"SKIP","floor":27}],"player_experience":1947024,"relics_obtained":[{"floor":6,"key":"Torii"},{"floor":8,"key":"Shuriken"},{"floor":9,"key":"Incense Burner"},{"floor":13,"key":"Cables"},{"floor":24,"key":"Smiling Mask"},{"floor":26,"key":"Whetstone"},{"floor":27,"key":"Blood Vial"}],"event_choices":[{"cards_removed":["Defend_B"],"damage_healed":0,"gold_gain":0,"player_choice":"Purged","damage_taken":0,"max_hp_gain":0,"max_hp_loss":0,"event_name":"Purifier","floor":3,"gold_loss":0},{"damage_healed":0,"gold_gain":0,"player_choice":"Obtained Relic","damage_taken":0,"relics_obtained":["Ancient Tea Set"],"max_hp_gain":0,"max_hp_loss":0,"event_name":"Addict","floor":20,"gold_loss":85},{"damage_healed":0,"gold_gain":0,"player_choice":"Damaged","damage_taken":11,"max_hp_gain":0,"max_hp_loss":0,"event_name":"Wheel of Change","floor":28,"gold_loss":0}],"is_beta":false,"boss_relics":[{"not_picked":["Empty Cage","Orrery"],"picked":"Astrolabe"}],"items_purged_floors":[11],"is_endless":false,"potions_floor_spawned":[1,8,13,14,19,24],"killed_by":"Snecko","ascension_level":20}