{"gold_per_floor":[218,229,229,229,248,248,277,277,277,290,270,270,299,34,34,108,108,126,136,136,136,146,146,173,88,88,88,101,101,26,54,54,127,127,147,147,164,27,44,69,100,137,149,161,190,232,244,171,171,171,171],"floor_reached":51,"playtime":2468,"items_purged":["Defend_B","Melter+1"],"score":1712,"play_id":"7a67817a-c3d7-46c1-91e8-9bfe5f841eba","local_time":"20190410205528","is_ascension_mode":true,"campfire_choices":[{"data":"Zap","floor":6,"key":"SMITH"},{"data":"Sunder","floor":8,"key":"SMITH"},{"floor":12,"key":"DIG"},{"floor":15,"key":"DIG"},{"data":"Defragment","floor":23,"key":"SMITH"},{"floor":29,"key":"DIG"},{"floor":32,"key":"DIG"},{"floor":44,"key":"REST"},{"floor":47,"key":"RECALL"},{"floor":49,"key":"DIG"}],"neow_cost":"NONE","seed_source_timestamp":325390538238200,"circlet_count":0,"master_deck":["AscendersBane","Defend_B","Defend_B","Zap+1","Dualcast","Chill","Cold Snap+1","Conserve Battery","Sunder+1","Coolheaded","Coolheaded","Seek","Conserve Battery+1","Multi-Cast+1","Defragment+1","Turbo","Seek","Chaos+1","Reboot","Glacier","Fission","Loop","Consume+1","Rainbow","Biased Cognition","Coolheaded"],"relics":["Cracked Core","Shovel","Cables","PreservedInsect","Bag of Marbles","DataDisk","Sundial","Astrolabe","Enchiridion","Potion Belt","Matryoshka","Ancient Tea Set","Orichalcum","Unceasing Top","StoneCalendar","Mango","Nunchaku","Black Star","Whetstone","MawBank","Peace Pipe","Bottled Lightning","Bronze Scales","Mercury Hourglass","Lantern","Ginger"],"potions_floor_usage":[16,22,24,33,51],"damage_taken":[{"damage":1,"enemies":"Small Slimes","floor":1,"turns":3},{"damage":0,"enemies":"2 Louse","floor":2,"turns":3},{"damage":0,"enemies":"Cultist","floor":5,"turns":3},{"damage":15,"enemies":"3 Sentries","floor":7,"turns":10},{"damage":0,"enemies":"Looter","floor":10,"turns":2},{"damage":6,"enemies":"Gremlin Nob","floor":13,"turns":3},{"damage":10,"enemies":"The Guardian","floor":16,"turns":12},{"damage":3,"enemies":"Shell Parasite","floor":18,"turns":5},{"damage":0,"enemies":"Spheric Guardian","floor":19,"turns":1},{"damage":6,"enemies":"Snecko","floor":22,"turns":6},{"damage":0,"enemies":"Book of Stabbing","floor":24,"turns":4},{"damage":0,"enemies":"Centurion and Healer","floor":28,"turns":5},{"damage":0,"enemies":"Gremlin Leader","floor":31,"turns":4},{"damage":25,"enemies":"Collector","floor":33,"turns":13},{"damage":0,"enemies":"3 Darklings","floor":35,"turns":7},{"damage":0,"enemies":"Orb Walker","floor":37,"turns":4},{"damage":4,"enemies":"Maw","floor":39,"turns":9},{"damage":0,"enemies":"Nemesis","floor":40,"turns":7},{"damage":0,"enemies":"3 Darklings","floor":41,"turns":7},{"damage":49,"enemies":"Reptomancer","floor":42,"turns":7},{"damage":0,"enemies":"Sphere and 2 Shapes","floor":45,"turns":6},{"damage":8,"enemies":"Giant Head","floor":46,"turns":8},{"damage":16,"enemies":"Awakened One","floor":50,"turns":26},{"damage":18,"enemies":"Donu and Deca","floor":51,"turns":8}],"seed_played":"1960782718563334647","potions_obtained":[{"floor":5,"key":"SkillPotion"},{"floor":7,"key":"Swift Potion"},{"floor":11,"key":"Explosive Potion"},{"floor":16,"key":"FearPotion"},{"floor":18,"key":"Regen Potion"},{"floor":31,"key":"Regen Potion"},{"floor":33,"key":"Energy Potion"},{"floor":41,"key":"Strength Potion"},{"floor":42,"key":"FearPotion"}],"is_trial":false,"path_per_floor":["M","M","?","?","M","R","E","R","T","M","?","R","E","$","R","B",null,"M","M","?","?","M","R","E","?","T","T","M","R","?","E","R","B",null,"M","?","M","$","M","E","M","E","T","R","M","E","R","$","R","B","B"],"character_chosen":"DEFECT","items_purchased":["DataDisk","Coolheaded","Loop","FocusPotion"],"campfire_rested":1,"item_purchase_floors":[14,14,38,48],"current_hp_per_floor":[63,63,56,56,56,56,41,41,41,41,41,41,35,35,35,25,60,57,57,57,36,45,45,45,45,45,45,45,45,45,59,59,49,76,76,76,76,76,72,72,72,23,23,48,48,40,40,40,40,24,6],"gold":171,"neow_bonus":"HUNDRED_GOLD","is_prod":false,"is_daily":false,"chose_seed":false,"campfire_upgraded":3,"win_rate":0,"timestamp":1554897328,"path_taken":["M","M","?","?","?","R","E","R","T","M","?","R","E","?","R","BOSS","M","M","?","?","M","R","E","?","T","?","M","R","?","E","R","BOSS","M","?","M","$","?","E","M","E","T","R","M","E","R","?","R","BOSS","BOSS"],"build_version":"2019-01-23","purchased_purges":2,"victory":false,"max_hp_per_floor":[71,71,71,71,71,71,71,71,71,71,71,71,71,71,71,71,71,71,71,71,71,71,71,71,71,71,71,71,71,71,85,85,85,85,85,85,85,85,85,85,85,85,85,85,85,85,85,85,85,85,85],"card_choices":[{"not_picked":["Conserve Battery","Coolheaded"],"picked":"Chill","floor":1},{"not_picked":["Reinforced Body","Compile Driver"],"picked":"Cold Snap","floor":2},{"not_picked":["Barrage","Beam Cell"],"picked":"Conserve Battery","floor":5},{"not_picked":["Sweeping Beam","Streamline"],"picked":"Sunder","floor":7},{"not_picked":["Undo","Ball Lightning"],"picked":"Coolheaded","floor":10},{"not_picked":["Barrage","Sweeping Beam","Beam Cell"],"picked":"SKIP","floor":13},{"not_picked":["Multi-Cast","Hyperbeam"],"picked":"Seek","floor":16},{"not_picked":["Steam","Compile Driver"],"picked":"Defragment","floor":18},{"not_picked":["Compile Driver","Cold Snap"],"picked":"Turbo","floor":19},{"not_picked":["Cold Snap","Conserve Battery+1","Leap"],"picked":"SKIP","floor":22},{"not_picked":["Cold Snap","Conserve Battery+1","Leap"],"picked":"SKIP","floor":22},{"not_picked":["Streamline","Compile Driver","Beam Cell"],"picked":"SKIP","floor":24},{"not_picked":["Steam Power","Stack"],"picked":"Seek","floor":28},{"not_picked":["Steam","Hologram"],"picked":"Chaos+1","floor":31},{"not_picked":["Multi-Cast","Seek"],"picked":"Reboot","floor":33},{"not_picked":["Rebound+1","Beam Cell"],"picked":"Glacier","floor":35},{"not_picked":["Storm","Redo","Gash+1"],"picked":"SKIP","floor":37},{"not_picked":["Hologram","Gash"],"picked":"Consume+1","floor":39},{"not_picked":["Glacier","Sunder"],"picked":"Rainbow","floor":40},{"not_picked":["Conserve Battery+1","Doom and Gloom","Stack"],"picked":"SKIP","floor":41},{"not_picked":["Barrage","Chaos"],"picked":"Biased Cognition","floor":42},{"not_picked":["Rebound","Gash"],"picked":"Coolheaded","floor":45},{"not_picked":["Cold Snap","Rebound+1","Force Field+1"],"picked":"SKIP","floor":46}],"player_experience":3040974,"relics_obtained":[{"floor":7,"key":"Shovel"},{"floor":9,"key":"Cables"},{"floor":12,"key":"PreservedInsect"},{"floor":13,"key":"Bag of Marbles"},{"floor":15,"key":"Sundial"},{"floor":21,"key":"Enchiridion"},{"floor":24,"key":"Potion Belt"},{"floor":26,"key":"Ancient Tea Set"},{"floor":27,"key":"Orichalcum"},{"floor":27,"key":"Unceasing Top"},{"floor":29,"key":"StoneCalendar"},{"floor":31,"key":"Mango"},{"floor":32,"key":"Nunchaku"},{"floor":40,"key":"Whetstone"},{"floor":40,"key":"MawBank"},{"floor":42,"key":"Peace Pipe"},{"floor":42,"key":"Bottled Lightning"},{"floor":43,"key":"Bronze Scales"},{"floor":46,"key":"Mercury Hourglass"},{"floor":46,"key":"Lantern"},{"floor":49,"key":"Ginger"}],"event_choices":[{"cards_removed":["Strike_B"],"damage_healed":0,"gold_gain":0,"player_choice":"Card Removal","damage_taken":7,"max_hp_gain":0,"max_hp_loss":0,"event_name":"Golden Wing","floor":3,"gold_loss":0},{"damage_healed":0,"gold_gain":0,"cards_transformed":["Strike_B"],"player_choice":"Transformed","damage_taken":0,"max_hp_gain":0,"max_hp_loss":0,"event_name":"Transmorgrifier","floor":4,"gold_loss":0,"cards_obtained":["Sweeping Beam"]},{"damage_healed":0,"gold_gain":0,"player_choice":"Bought 1 Potion","damage_taken":0,"max_hp_gain":0,"max_hp_loss":0,"event_name":"The Woman in Blue","floor":11,"gold_loss":0},{"damage_healed":0,"gold_gain":0,"player_choice":"Ignored","damage_taken":0,"max_hp_gain":0,"max_hp_loss":0,"event_name":"The Mausoleum","floor":20,"gold_loss":0},{"damage_healed":0,"gold_gain":0,"player_choice":"Obtained Book","damage_taken":21,"max_hp_gain":0,"max_hp_loss":0,"event_name":"Cursed Tome","floor":21,"gold_loss":0},{"damage_healed":0,"gold_gain":0,"player_choice":"Obtained Relic","damage_taken":0,"relics_obtained":["Matryoshka"],"max_hp_gain":0,"max_hp_loss":0,"event_name":"Addict","floor":25,"gold_loss":85},{"cards_removed":["Sweeping Beam"],"damage_healed":0,"gold_gain":0,"player_choice":"Gave Gold","damage_taken":0,"max_hp_gain":0,"max_hp_loss":0,"event_name":"Beggar","floor":30,"gold_loss":75},{"damage_healed":0,"gold_gain":0,"player_choice":"1 cards matched","damage_taken":0,"max_hp_gain":0,"max_hp_loss":0,"event_name":"Match and Keep!","floor":36,"gold_loss":0,"cards_obtained":["Fission"]}],"is_beta":false,"boss_relics":[{"not_picked":["Ectoplasm","Nuclear Battery"],"picked":"Astrolabe"},{"not_picked":["Calling Bell","Velvet Choker"],"picked":"Black Star"}],"items_purged_floors":[14,38],"is_endless":false,"potions_floor_spawned":[5,7,16,18,19,31,33,41,42],"killed_by":"Donu and Deca","ascension_level":20}