{"gold_per_floor":[119,136,93,93,14,45,57,82,82,82,114,126,141,172,172,248,248,265,283,283,198,217,217,233,267,267,267,281,5,30,43,43,120,120,139,139,64,8,27,27,38,38,64,64,64,74,74,101,101,101,101],"floor_reached":52,"playtime":2286,"items_purged":["Strike_R"],"score":1975,"play_id":"20cd4f2c-4b60-46b9-bdfb-7cd64049869e","local_time":"20190420142551","is_ascension_mode":true,"campfire_choices":[{"data":"Bash","floor":10.0,"key":"SMITH"},{"data":"Shockwave","floor":15.0,"key":"SMITH"},{"data":"True Grit","floor":23.0,"key":"SMITH"},{"data":"Inflame","floor":27.0,"key":"SMITH"},{"data":"Barricade","floor":32.0,"key":"SMITH"},{"data":"Armaments","floor":40,"key":"SMITH"},{"data":"Corruption","floor":42,"key":"SMITH"},{"data":"Dark Embrace","floor":45,"key":"SMITH"},{"data":"Offering","floor":47,"key":"SMITH"},{"data":"Shockwave","floor":49,"key":"SMITH"}],"neow_cost":"NONE","seed_source_timestamp":381446727433700,"circlet_count":0,"master_deck":["AscendersBane","Defend_R","Defend_R","Defend_R","Defend_R","Bash+1","Battle Trance","Reckless Charge","Inflame+1","Feel No Pain","Power Through","Inflame","True Grit+1","Offering+1","Shockwave+1","Reaper","Ghostly Armor","Armaments+1","Seeing Red","Flex","Cleave","Barricade+1","Finesse","Evolve","Dropkick","Disarm","Dark Embrace+1","Burning Pact+1","Corruption+1","Entrench","Shockwave+1","Shrug It Off","Doubt","Second Wind","Barricade"],"special_seed":0,"relics":["Burning Blood","NeowsBlessing","Turnip","Kunai","Shuriken","Matryoshka","Mercury Hourglass","Coffee Dripper","Blue Candle","Letter Opener","Smiling Mask","Happy Flower","Oddly Smooth Stone","Mark of Pain","Ancient Tea Set","Strawberry","Potion Belt"],"potions_floor_usage":[33],"damage_taken":[{"damage":0.0,"enemies":"Cultist","floor":1.0,"turns":1.0},{"damage":0.0,"enemies":"2 Louse","floor":2.0,"turns":1.0},{"damage":0.0,"enemies":"Gremlin Nob","floor":6.0,"turns":1.0},{"damage":7.0,"enemies":"Small Slimes","floor":7.0,"turns":4.0},{"damage":14.0,"enemies":"3 Sentries","floor":8.0,"turns":7.0},{"damage":20.0,"enemies":"Lagavulin","floor":11.0,"turns":6.0},{"damage":10.0,"enemies":"Exordium Thugs","floor":12.0,"turns":6.0},{"damage":3.0,"enemies":"3 Louse","floor":13.0,"turns":5.0},{"damage":24.0,"enemies":"3 Sentries","floor":14.0,"turns":10.0},{"damage":26.0,"enemies":"Hexaghost","floor":16.0,"turns":9.0},{"damage":13.0,"enemies":"3 Byrds","floor":18.0,"turns":5.0},{"damage":19.0,"enemies":"2 Thieves","floor":19.0,"turns":4.0},{"damage":6.0,"enemies":"Centurion and Healer","floor":22.0,"turns":9.0},{"damage":10.0,"enemies":"Shelled Parasite and Fungi","floor":24.0,"turns":7.0},{"damage":14.0,"enemies":"Slavers","floor":25.0,"turns":5.0},{"damage":32.0,"enemies":"Cultist and Chosen","floor":28.0,"turns":6.0},{"damage":27.0,"enemies":"Gremlin Leader","floor":30.0,"turns":5.0},{"damage":32.0,"enemies":"Snake Plant","floor":31.0,"turns":5.0},{"damage":26,"enemies":"Champ","floor":33,"turns":23},{"damage":72,"enemies":"3 Darklings","floor":35,"turns":5},{"damage":6,"enemies":"Orb Walker","floor":39,"turns":3},{"damage":41,"enemies":"3 Darklings","floor":41,"turns":5},{"damage":38,"enemies":"Jaw Worm Horde","floor":46,"turns":4},{"damage":6,"enemies":"Reptomancer","floor":48,"turns":5},{"damage":18,"enemies":"Donu and Deca","floor":50,"turns":7},{"damage":14,"enemies":"Time Eater","floor":51,"turns":17}],"seed_played":"-1632425593618165268","potions_obtained":[{"floor":2.0,"key":"Explosive Potion"},{"floor":6.0,"key":"Fire Potion"},{"floor":12.0,"key":"PowerPotion"},{"floor":14.0,"key":"SkillPotion"},{"floor":18.0,"key":"Fire Potion"},{"floor":30.0,"key":"Ancient Potion"},{"floor":39,"key":"EssenceOfSteel"}],"is_trial":false,"path_per_floor":["M","M","$","?","$","E","M","E","T","R","E","M","M","E","R","B",null,"M","M","?","?","M","R","M","E","T","R","M","$","E","M","R","B",null,"M","?","$","$","M","R","M","R","T","?","R","M","R","E","R","B","B",null],"character_chosen":"IRONCLAD","items_purchased":["Battle Trance","Inflame","Finesse","Evolve","Strength Potion","Entrench","PowerPotion"],"campfire_rested":0,"item_purchase_floors":[3,5,29,29,29,37,38],"current_hp_per_floor":[74,75,75,75,75,75,74,66,66,66,52,48,51,33,33,13,60,65,68,68,68,75,75,75,75,75,75,55,55,60,34,34,24,62,10,10,10,10,23,23,9,9,16,82,82,81,81,82,82,82,74],"gold":101,"neow_bonus":"THREE_ENEMY_KILL","is_prod":false,"is_daily":false,"chose_seed":false,"campfire_upgraded":10,"win_rate":0,"timestamp":1555737951,"path_taken":["M","?","$","?","$","E","M","E","T","R","E","M","M","E","R","BOSS","M","M","?","?","M","R","M","E","T","R","M","$","E","M","R","BOSS","M","?","?","$","M","R","M","R","T","?","R","M","R","E","R","BOSS","BOSS"],"build_version":"2019-01-23","purchased_purges":1,"victory":true,"max_hp_per_floor":[75,75,75,75,75,75,75,75,75,75,75,75,75,75,75,75,75,75,75,75,75,75,75,75,75,75,75,75,75,75,75,75,75,75,75,75,75,75,75,75,75,75,82,82,82,82,82,82,82,82,82],"card_choices":[{"not_picked":["Thunderclap","Havoc","Clothesline"],"picked":"SKIP","floor":1.0},{"not_picked":["Warcry","Rupture","Clash"],"picked":"SKIP","floor":2.0},{"not_picked":["Dual Wield","Sword Boomerang"],"picked":"Feel No Pain","floor":6.0},{"not_picked":["Burning Pact","Cleave"],"picked":"Power Through","floor":7.0},{"not_picked":["Hemokinesis","Inflame","Sever Soul"],"picked":"SKIP","floor":8.0},{"not_picked":["Hemokinesis","Sever Soul"],"picked":"Inflame","floor":8.0},{"not_picked":["Power Through","Battle Trance"],"picked":"True Grit","floor":11.0},{"not_picked":["Warcry","Anger"],"picked":"Offering","floor":12.0},{"not_picked":["Anger","Intimidate","Perfected Strike"],"picked":"SKIP","floor":13.0},{"not_picked":["Body Slam","Headbutt"],"picked":"Shockwave","floor":14.0},{"not_picked":["Dark Embrace","Demon Form"],"picked":"Reaper","floor":16.0},{"not_picked":["Blood for Blood","True Grit","Ghostly Armor"],"picked":"SKIP","floor":18.0},{"not_picked":["Blood for Blood","True Grit"],"picked":"Ghostly Armor","floor":18.0},{"not_picked":["Armaments","Headbutt","Wild Strike+1"],"picked":"SKIP","floor":19.0},{"not_picked":["Headbutt","Wild Strike+1"],"picked":"Armaments","floor":19.0},{"not_picked":["Rampage+1","Clothesline","Body Slam"],"picked":"SKIP","floor":22.0},{"not_picked":["Clash","Anger"],"picked":"Cleave","floor":24.0},{"not_picked":["Iron Wave","Inflame","Rage"],"picked":"SKIP","floor":25.0},{"not_picked":["Evolve","Shrug It Off"],"picked":"Barricade","floor":28.0},{"not_picked":["Wild Strike","Thunderclap"],"picked":"Dropkick","floor":30.0},{"not_picked":["Thunderclap","Iron Wave"],"picked":"Disarm","floor":31.0},{"not_picked":["Feed","Immolate"],"picked":"Dark Embrace","floor":33},{"not_picked":["Pummel","Clash"],"picked":"Burning Pact+1","floor":35},{"not_picked":["Cleave","Warcry"],"picked":"Shockwave","floor":39},{"not_picked":["Searing Blow","Cleave+1"],"picked":"Shrug It Off","floor":41},{"not_picked":["Warcry+1","Clothesline+1"],"picked":"Second Wind","floor":46},{"not_picked":["Fiend Fire","Armaments"],"picked":"Barricade","floor":48}],"player_experience":3247071,"relics_obtained":[{"floor":6.0,"key":"Turnip"},{"floor":8.0,"key":"Kunai"},{"floor":9.0,"key":"Shuriken"},{"floor":11.0,"key":"Matryoshka"},{"floor":14.0,"key":"Mercury Hourglass"},{"floor":25.0,"key":"Letter Opener"},{"floor":26.0,"key":"Smiling Mask"},{"floor":26.0,"key":"Happy Flower"},{"floor":30.0,"key":"Oddly Smooth Stone"},{"floor":43,"key":"Ancient Tea Set"},{"floor":43,"key":"Strawberry"},{"floor":48,"key":"Potion Belt"}],"event_choices":[{"damage_healed":0.0,"max_hp_gain":0.0,"max_hp_loss":0.0,"gold_gain":0.0,"cards_transformed":["Strike_R"],"event_name":"Transmorgrifier","player_choice":"Transformed","floor":4.0,"gold_loss":0.0,"damage_taken":0.0,"cards_obtained":["Reckless Charge"]},{"damage_healed":0.0,"max_hp_gain":0.0,"max_hp_loss":0.0,"gold_gain":0.0,"cards_transformed":["Strike_R","Strike_R"],"event_name":"Drug Dealer","player_choice":"Became Test Subject","floor":20.0,"gold_loss":0.0,"damage_taken":0.0,"cards_obtained":["Seeing Red","Flex"]},{"damage_healed":0.0,"max_hp_gain":0.0,"max_hp_loss":0.0,"gold_gain":0.0,"event_name":"Addict","player_choice":"Obtained Relic","floor":21.0,"gold_loss":85.0,"damage_taken":0.0,"relics_obtained":["Blue Candle"]},{"damage_healed":0,"gold_gain":0,"cards_transformed":["Strike_R"],"player_choice":"Transformed","damage_taken":0,"max_hp_gain":0,"max_hp_loss":0,"event_name":"Transmorgrifier","floor":36,"gold_loss":0,"cards_obtained":["Corruption"]},{"damage_healed":66,"gold_gain":0,"player_choice":"Heal","damage_taken":0,"max_hp_gain":0,"max_hp_loss":0,"event_name":"MindBloom","floor":44,"gold_loss":0,"cards_obtained":["Doubt"]}],"is_beta":false,"boss_relics":[{"not_picked":["Lizard Tail","Astrolabe"],"picked":"Coffee Dripper"},{"not_picked":["Fusion Hammer","Black Star"],"picked":"Mark of Pain"}],"items_purged_floors":[29],"is_endless":false,"potions_floor_spawned":[2,6,7,12,14,18,19,24,30,39,41],"ascension_level":20}