{"gold_per_floor":[112,112,112,123,123,157,157,190,202,233,257,280,318,330,342,354],"floor_reached":16,"playtime":715,"items_purged":[],"score":261,"play_id":"e4dba4e5-8c20-4701-9329-6479b253f794","local_time":"20190304162417","is_ascension_mode":true,"campfire_choices":[{"data":"Ball Lightning","floor":7,"key":"SMITH"},{"data":"Ball Lightning","floor":15,"key":"SMITH"}],"neow_cost":"NONE","seed_source_timestamp":1131827108947599,"circlet_count":0,"master_deck":["AscendersBane","Strike_B","Strike_B","Strike_B","Strike_B","Defend_B","Defend_B","Defend_B","Defend_B","Zap","Dualcast","Self Repair","Self Repair","Ball Lightning+1","Ball Lightning","Ball Lightning+1"],"relics":["Cracked Core","NeowsBlessing","Singing Bowl","Cables","MawBank","Bottled Tornado","Oddly Smooth Stone"],"potions_floor_usage":[8,10,13],"damage_taken":[{"damage":0,"enemies":"Jaw Worm","floor":1,"turns":1},{"damage":0,"enemies":"2 Louse","floor":4,"turns":1},{"damage":0,"enemies":"Lagavulin","floor":6,"turns":1},{"damage":17,"enemies":"Gremlin Nob","floor":8,"turns":4},{"damage":2,"enemies":"Small Slimes","floor":10,"turns":4},{"damage":8,"enemies":"2 Fungi Beasts","floor":11,"turns":3},{"damage":18,"enemies":"Large Slime","floor":12,"turns":3},{"damage":10,"enemies":"3 Sentries","floor":13,"turns":5},{"damage":80,"enemies":"Hexaghost","floor":16,"turns":9}],"seed_played":"4840551737690780829","potions_obtained":[{"floor":6,"key":"EssenceOfSteel"},{"floor":8,"key":"SkillPotion"},{"floor":11,"key":"Fire Potion"}],"is_trial":false,"path_per_floor":["M","?","?","M","$","E","R","E","T","M","M","M","E","?","R","B"],"character_chosen":"DEFECT","items_purchased":[],"campfire_rested":0,"item_purchase_floors":[],"current_hp_per_floor":[64,46,69,69,69,69,69,68,68,75,75,73,77,77,77,0],"gold":354,"neow_bonus":"THREE_ENEMY_KILL","is_prod":false,"is_daily":false,"chose_seed":false,"campfire_upgraded":2,"win_rate":0,"timestamp":1551709457,"path_taken":["M","?","?","M","$","E","R","E","T","M","M","M","E","?","R","BOSS"],"build_version":"2019-01-23","purchased_purges":0,"victory":false,"max_hp_per_floor":[71,71,71,71,71,71,71,73,73,75,75,77,77,77,77,77],"card_choices":[{"not_picked":["Stack","Steam"],"picked":"Self Repair","floor":1},{"not_picked":["Doom and Gloom","Rip and Tear"],"picked":"Self Repair","floor":4},{"not_picked":["Barrage","Redo"],"picked":"Ball Lightning","floor":6},{"not_picked":["Sunder","Go for the Eyes","Darkness"],"picked":"Singing Bowl","floor":8},{"not_picked":["Gash","Skim","Rip and Tear"],"picked":"Singing Bowl","floor":10},{"not_picked":["Double Energy","Gash"],"picked":"Ball Lightning","floor":11},{"not_picked":["Beam Cell","Barrage","Leap"],"picked":"Singing Bowl","floor":12},{"not_picked":["Stack","Leap"],"picked":"Ball Lightning","floor":13}],"player_experience":1029030,"relics_obtained":[{"floor":6,"key":"Cables"},{"floor":8,"key":"MawBank"},{"floor":9,"key":"Bottled Tornado"},{"floor":13,"key":"Oddly Smooth Stone"}],"event_choices":[{"damage_healed":0,"gold_gain":0,"player_choice":"Success","damage_taken":18,"relics_obtained":["Singing Bowl"],"max_hp_gain":0,"max_hp_loss":0,"event_name":"Scrap Ooze","floor":2,"gold_loss":0},{"damage_healed":23,"gold_gain":0,"player_choice":"Banana","damage_taken":0,"max_hp_gain":0,"max_hp_loss":0,"event_name":"Big Fish","floor":3,"gold_loss":0},{"damage_healed":0,"gold_gain":0,"player_choice":"Ignored","damage_taken":0,"max_hp_gain":0,"max_hp_loss":0,"event_name":"Liars Game","floor":14,"gold_loss":0}],"is_beta":false,"boss_relics":[],"items_purged_floors":[],"is_endless":false,"potions_floor_spawned":[6,8,11],"killed_by":"Hexaghost","ascension_level":16}