{"gold_per_floor":[112,112,129,148,163,163,191,40,91,91,91,104,104,104,104,197,197,218,218,168,186,101,101,121,121,121,121,121,139,164,177,177,272,272,290,290,215,215,340,383,383,416,416,439,439,452,465,365,365,365,365,365,365,159,159],"floor_reached":55,"playtime":2076,"items_purged":["Doom and Gloom+1","Defend_B","Defend_B"],"score":1925,"play_id":"be9c9fe0-6cbf-4575-b01d-6160575808c7","local_time":"20190413202431","is_ascension_mode":true,"campfire_choices":[{"data":"Doom and Gloom","floor":6,"key":"SMITH"},{"floor":15,"key":"REST"},{"data":"Biased Cognition","floor":23,"key":"SMITH"},{"data":"Darkness","floor":25,"key":"SMITH"},{"data":"Coolheaded","floor":28,"key":"SMITH"},{"data":"Coolheaded","floor":32,"key":"SMITH"},{"data":"Defragment","floor":45,"key":"SMITH"},{"floor":49,"key":"RECALL"},{"floor":53,"key":"REST"}],"neow_cost":"NONE","seed_source_timestamp":116481860067700,"circlet_count":0,"master_deck":["AscendersBane","Strike_B","Defend_B","Defend_B","Zap","Dualcast","Self Repair","Coolheaded+1","Tempest","Biased Cognition+1","Core Surge","Tempest","Darkness+1","Turbo","Glacier+1","Electrodynamics","Coolheaded+1","Multi-Cast","Coolheaded+1","Consume","Defragment+1","Seek"],"relics":["Cracked Core","NeowsBlessing","Meat on the Bone","Lantern","DataDisk","Golden Idol","WarpedTongs","Empty Cage","FossilizedHelix","Sozu","Unceasing Top","Blood Vial","Letter Opener","Dodecahedron"],"potions_floor_usage":[16,51,55],"damage_taken":[{"damage":0,"enemies":"Jaw Worm","floor":1,"turns":1},{"damage":0,"enemies":"Cultist","floor":3,"turns":1},{"damage":0,"enemies":"Small Slimes","floor":4,"turns":1},{"damage":12,"enemies":"Blue Slaver","floor":5,"turns":4},{"damage":29,"enemies":"Lagavulin","floor":7,"turns":7},{"damage":14,"enemies":"Large Slime","floor":12,"turns":4},{"damage":12,"enemies":"Slime Boss","floor":16,"turns":5},{"damage":9,"enemies":"Spheric Guardian","floor":18,"turns":4},{"damage":20,"enemies":"2 Thieves","floor":21,"turns":4},{"damage":0,"enemies":"Sentry and Sphere","floor":24,"turns":2},{"damage":0,"enemies":"Snecko","floor":29,"turns":4},{"damage":0,"enemies":"Centurion and Healer","floor":30,"turns":4},{"damage":0,"enemies":"Sentry and Sphere","floor":31,"turns":2},{"damage":5,"enemies":"Champ","floor":33,"turns":15},{"damage":0,"enemies":"3 Darklings","floor":35,"turns":3},{"damage":0,"enemies":"Mind Bloom Boss Battle","floor":39,"turns":4},{"damage":0,"enemies":"Nemesis","floor":40,"turns":7},{"damage":0,"enemies":"Reptomancer","floor":42,"turns":6},{"damage":0,"enemies":"Orb Walker","floor":44,"turns":2},{"damage":0,"enemies":"Transient","floor":46,"turns":6},{"damage":0,"enemies":"4 Shapes","floor":47,"turns":3},{"damage":41,"enemies":"Time Eater","floor":50,"turns":14},{"damage":41,"enemies":"Donu and Deca","floor":51,"turns":9},{"damage":60,"enemies":"Shield and Spear","floor":55,"turns":6}],"seed_played":"1298771137056198699","potions_obtained":[{"floor":1,"key":"Fire Potion"},{"floor":3,"key":"LiquidBronze"},{"floor":4,"key":"Block Potion"},{"floor":12,"key":"FocusPotion"},{"floor":18,"key":"LiquidBronze"},{"floor":24,"key":"GamblersBrew"}],"is_trial":false,"path_per_floor":["M","?","M","M","M","R","E","$","T","?","?","M","?","?","R","B",null,"M","?","?","M","?","R","M","R","T","?","R","M","M","M","R","B",null,"M","?","$","?","?","E","?","E","T","M","R","M","M","$","R","B","B",null,"R","$","E"],"character_chosen":"DEFECT","items_purchased":["Biased Cognition","Seek"],"campfire_rested":2,"item_purchase_floors":[8,54],"current_hp_per_floor":[64,64,71,71,66,66,44,44,44,20,20,25,25,25,46,53,67,65,65,65,45,45,45,45,45,45,45,45,52,59,59,59,61,69,71,67,67,67,67,67,63,67,67,67,67,67,67,67,67,45,25,57,67,67,7],"gold":159,"neow_bonus":"THREE_ENEMY_KILL","is_prod":false,"is_daily":false,"chose_seed":false,"campfire_upgraded":6,"win_rate":0,"timestamp":1555154671,"path_taken":["M","?","M","?","M","R","E","$","T","?","?","?","?","?","R","BOSS","M","?","?","?","?","R","M","R","T","?","R","M","M","?","R","BOSS","M","?","$","?","?","E","?","E","T","M","R","?","?","$","R","BOSS","BOSS","R","$","E"],"build_version":"2019-01-23","purchased_purges":3,"victory":false,"max_hp_per_floor":[71,71,71,71,71,71,71,71,71,71,71,71,71,71,71,71,71,71,71,71,71,71,71,71,71,71,71,71,71,71,71,71,71,71,71,67,67,67,67,67,67,67,67,67,67,67,67,67,67,67,67,67,67,67,67],"card_choices":[{"not_picked":["Melter","Chaos"],"picked":"Self Repair","floor":1},{"not_picked":["Reinforced Body","Static Discharge"],"picked":"Coolheaded","floor":3},{"not_picked":["Steam","Hologram"],"picked":"Tempest","floor":4},{"not_picked":["Hologram","Go for the Eyes"],"picked":"Doom and Gloom","floor":5},{"not_picked":["Rebound","Meteor Strike","Chaos"],"picked":"SKIP","floor":7},{"not_picked":["Go for the Eyes","Stack","Double Energy"],"picked":"SKIP","floor":12},{"not_picked":["Buffer","Hyperbeam"],"picked":"Core Surge","floor":16},{"not_picked":["Ball Lightning","Stack","Rebound"],"picked":"SKIP","floor":18},{"not_picked":["Skim","Ball Lightning"],"picked":"Turbo","floor":21},{"not_picked":["Beam Cell","Stack"],"picked":"Glacier+1","floor":24},{"not_picked":["Barrage","Self Repair"],"picked":"Electrodynamics","floor":29},{"not_picked":["Fusion+1","Auto Shields","Ball Lightning"],"picked":"SKIP","floor":30},{"not_picked":["Beam Cell","Auto Shields"],"picked":"Coolheaded","floor":31},{"not_picked":["All For One","Machine Learning"],"picked":"Multi-Cast","floor":33},{"not_picked":["Static Discharge+1","Rip and Tear"],"picked":"Coolheaded+1","floor":35},{"not_picked":["Barrage","Sweeping Beam"],"picked":"Consume","floor":39},{"not_picked":["Stack","Sweeping Beam","Leap"],"picked":"SKIP","floor":40},{"not_picked":["Stack+1","Core Surge"],"picked":"Defragment","floor":42},{"not_picked":["Leap","Chaos","Compile Driver"],"picked":"SKIP","floor":44},{"not_picked":["Scrape","Steam","Cold Snap"],"picked":"SKIP","floor":46},{"not_picked":["Rebound","Streamline","Leap+1"],"picked":"SKIP","floor":47}],"player_experience":3107356,"relics_obtained":[{"floor":7,"key":"Lantern"},{"floor":9,"key":"DataDisk"},{"floor":39,"key":"Unceasing Top"},{"floor":40,"key":"Blood Vial"},{"floor":42,"key":"Letter Opener"},{"floor":43,"key":"Dodecahedron"}],"event_choices":[{"damage_healed":0,"gold_gain":0,"player_choice":"Gave Potion","damage_taken":0,"relics_obtained":["Meat on the Bone"],"max_hp_gain":0,"max_hp_loss":0,"event_name":"WeMeetAgain","floor":2,"gold_loss":0},{"damage_healed":0,"gold_gain":0,"player_choice":"Take Damage","damage_taken":24,"relics_obtained":["Golden Idol"],"max_hp_gain":0,"max_hp_loss":0,"event_name":"Golden Idol","floor":10,"gold_loss":0},{"damage_healed":0,"gold_gain":0,"player_choice":"Rummage","damage_taken":0,"relics_obtained":["WarpedTongs"],"max_hp_gain":0,"max_hp_loss":0,"event_name":"Accursed Blacksmith","floor":11,"gold_loss":0,"cards_obtained":["Pain"]},{"damage_healed":0,"gold_gain":0,"player_choice":"Ignored","damage_taken":0,"max_hp_gain":0,"max_hp_loss":0,"event_name":"Liars Game","floor":13,"gold_loss":0},{"damage_healed":0,"gold_gain":0,"player_choice":"Searched \u00271\u0027 times","damage_taken":0,"max_hp_gain":0,"max_hp_loss":0,"event_name":"Dead Adventurer","floor":14,"gold_loss":0},{"damage_healed":0,"gold_gain":0,"cards_transformed":["Strike_B","Strike_B"],"player_choice":"Became Test Subject","damage_taken":0,"max_hp_gain":0,"max_hp_loss":0,"event_name":"Drug Dealer","floor":19,"gold_loss":0,"cards_obtained":["Tempest","Darkness"]},{"damage_healed":0,"gold_gain":0,"player_choice":"Bet on Murderer","damage_taken":0,"max_hp_gain":0,"max_hp_loss":0,"event_name":"The Joust","floor":20,"gold_loss":50},{"damage_healed":0,"gold_gain":0,"player_choice":"Obtained Relic","damage_taken":0,"relics_obtained":["FossilizedHelix"],"max_hp_gain":0,"max_hp_loss":0,"event_name":"Addict","floor":22,"gold_loss":85},{"damage_healed":0,"gold_gain":0,"player_choice":"Got Potions","damage_taken":0,"max_hp_gain":0,"max_hp_loss":0,"event_name":"Lab","floor":27,"gold_loss":0},{"damage_healed":0,"gold_gain":0,"player_choice":"Max HP","damage_taken":0,"max_hp_gain":0,"max_hp_loss":4,"event_name":"Winding Halls","floor":36,"gold_loss":0},{"damage_healed":0,"gold_gain":0,"player_choice":"Ignored","damage_taken":0,"max_hp_gain":0,"max_hp_loss":0,"event_name":"Mysterious Sphere","floor":38,"gold_loss":0},{"damage_healed":0,"gold_gain":0,"player_choice":"Fight","damage_taken":0,"max_hp_gain":0,"max_hp_loss":0,"event_name":"MindBloom","floor":39,"gold_loss":0},{"damage_healed":0,"gold_gain":0,"player_choice":"Bought 0 Potions","damage_taken":0,"max_hp_gain":0,"max_hp_loss":0,"event_name":"The Woman in Blue","floor":41,"gold_loss":0}],"is_beta":false,"boss_relics":[{"not_picked":["White Beast Statue","Calling Bell"],"picked":"Empty Cage"},{"not_picked":["Lizard Tail","Astrolabe"],"picked":"Sozu"}],"items_purged_floors":[37,48,54],"is_endless":false,"potions_floor_spawned":[1,3,4,12,18,24,35,42,46],"killed_by":"Shield and Spear","ascension_level":20}