{"gold_per_floor":[115,190,190,340,92,122,122,157,157,26,58,58,77,77,77,148,148,162,87,87,87,104,104,134,134,204,223,28,28,28],"floor_reached":30,"playtime":1461,"items_purged":["Doubt","Strike_B"],"score":620,"play_id":"dcf3156b-9832-4c7b-bda1-3ffa2fed6725","local_time":"20190210193531","is_ascension_mode":true,"campfire_choices":[{"data":"Consume","floor":7,"key":"SMITH"},{"data":"Capacitor","floor":12,"key":"SMITH"},{"data":"Streamline","floor":15,"key":"SMITH"},{"data":"Buffer","floor":23,"key":"SMITH"}],"neow_cost":"NONE","seed_source_timestamp":436044081689200,"circlet_count":0,"master_deck":["AscendersBane","Strike_B","Strike_B","Defend_B","Defend_B","Defend_B","Zap","Dualcast","Consume+1","Self Repair","Streamline+1","Cold Snap","Capacitor+1","Buffer+1","Genetic Algorithm","Reboot","Capacitor","Melter+1","Sunder+1","Coolheaded+1","Self Repair"],"relics":["Cracked Core","NeowsBlessing","Anchor","Letter Opener","Art of War","Kunai","Cables","Busted Crown","Toxic Egg 2","Gremlin Horn","Molten Egg 2"],"potions_floor_usage":[16,30],"damage_taken":[{"damage":0,"enemies":"Small Slimes","floor":1,"turns":1},{"damage":0,"enemies":"Gremlin Nob","floor":6,"turns":1},{"damage":0,"enemies":"Lagavulin","floor":8,"turns":1},{"damage":36,"enemies":"Gremlin Nob","floor":11,"turns":5},{"damage":2,"enemies":"Jaw Worm","floor":13,"turns":4},{"damage":1,"enemies":"Hexaghost","floor":16,"turns":9},{"damage":0,"enemies":"Spheric Guardian","floor":18,"turns":3},{"damage":26,"enemies":"3 Byrds","floor":22,"turns":5},{"damage":9,"enemies":"Gremlin Leader","floor":24,"turns":9},{"damage":13,"enemies":"Centurion and Healer","floor":27,"turns":6},{"damage":16,"enemies":"Book of Stabbing","floor":30,"turns":4}],"seed_played":"6982152937384048101","potions_obtained":[{"floor":11,"key":"SpeedPotion"},{"floor":27,"key":"EssenceOfSteel"}],"is_trial":false,"path_per_floor":["M","?","$","?","$","E","R","E","T","$","E","R","M","T","R","B",null,"M","?","?","?","M","R","E","?","T","M","$","T","E"],"character_chosen":"DEFECT","items_purchased":["Consume","Self Repair","Capacitor","Block Potion","Coolheaded+1","Self Repair"],"campfire_rested":0,"item_purchase_floors":[5,5,10,10,28,28],"current_hp_per_floor":[64,53,53,53,53,53,53,53,53,53,24,24,29,29,29,35,62,62,62,42,42,23,23,21,21,21,15,15,15,0],"gold":28,"neow_bonus":"THREE_ENEMY_KILL","is_prod":false,"is_daily":false,"chose_seed":false,"campfire_upgraded":4,"win_rate":0,"timestamp":1549794931,"path_taken":["M","?","$","?","$","E","R","E","T","?","E","R","M","?","R","BOSS","M","?","?","?","M","R","E","?","T","?","$","?","E"],"build_version":"2019-01-23","purchased_purges":2,"victory":false,"max_hp_per_floor":[71,71,71,71,71,71,71,71,71,71,71,71,71,71,71,71,71,71,71,76,76,76,76,76,76,76,76,76,76,76],"card_choices":[{"not_picked":["Barrage","Stack","Compile Driver"],"picked":"SKIP","floor":1},{"not_picked":["Compile Driver","Barrage"],"picked":"Streamline","floor":6},{"not_picked":["BootSequence","Genetic Algorithm"],"picked":"Cold Snap","floor":8},{"not_picked":["Hello World","Stack"],"picked":"Buffer","floor":11},{"not_picked":["Gash","Rip and Tear"],"picked":"Genetic Algorithm","floor":13},{"not_picked":["Biased Cognition","Hyperbeam"],"picked":"Reboot","floor":16},{"not_picked":["Ball Lightning"],"picked":"SKIP","floor":18},{"not_picked":[],"picked":"Melter+1","floor":22},{"not_picked":[],"picked":"Sunder+1","floor":24},{"not_picked":["Tempest+1"],"picked":"SKIP","floor":27}],"player_experience":1495764,"relics_obtained":[{"floor":6,"key":"Anchor"},{"floor":8,"key":"Letter Opener"},{"floor":9,"key":"Art of War"},{"floor":11,"key":"Kunai"},{"floor":14,"key":"Cables"},{"floor":24,"key":"Toxic Egg 2"},{"floor":26,"key":"Gremlin Horn"},{"floor":29,"key":"Molten Egg 2"}],"event_choices":[{"damage_healed":0,"gold_gain":75,"player_choice":"Gather Gold","damage_taken":11,"max_hp_gain":0,"max_hp_loss":0,"event_name":"World of Goop","floor":2,"gold_loss":0},{"damage_healed":0,"gold_gain":150,"player_choice":"AGREE","damage_taken":0,"max_hp_gain":0,"max_hp_loss":0,"event_name":"Liars Game","floor":4,"gold_loss":0,"cards_obtained":["Doubt"]},{"cards_removed":["Defend_B"],"damage_healed":0,"gold_gain":0,"player_choice":"Gave Gold","damage_taken":0,"max_hp_gain":0,"max_hp_loss":0,"event_name":"Beggar","floor":19,"gold_loss":75},{"damage_healed":0,"gold_gain":0,"player_choice":"Shed Blood","damage_taken":25,"max_hp_gain":5,"max_hp_loss":0,"event_name":"Forgotten Altar","floor":20,"gold_loss":0},{"damage_healed":0,"gold_gain":0,"player_choice":"Read","damage_taken":0,"max_hp_gain":0,"max_hp_loss":0,"event_name":"The Library","floor":21,"gold_loss":0,"cards_obtained":["Capacitor"]},{"cards_removed":["Strike_B"],"damage_healed":0,"gold_gain":0,"player_choice":"Purged","damage_taken":0,"max_hp_gain":0,"max_hp_loss":0,"event_name":"Purifier","floor":25,"gold_loss":0}],"is_beta":false,"boss_relics":[{"not_picked":["Astrolabe","White Beast Statue"],"picked":"Busted Crown"}],"items_purged_floors":[5,28],"is_endless":false,"potions_floor_spawned":[11,27],"killed_by":"Book of Stabbing","ascension_level":20}