{"gold_per_floor":[109,8,8,8,20,20,20,54,81,99,160,177,205,205,205,280,280,293,309,309,309,322,322],"floor_reached":23,"playtime":624,"items_purged":[],"score":448,"play_id":"49e3e5ed-d29f-4835-a904-c3728510e140","local_time":"20190310144817","is_ascension_mode":true,"campfire_choices":[{"data":"Darkness","floor":6,"key":"SMITH"},{"data":"Static Discharge","floor":15,"key":"SMITH"}],"neow_cost":"NONE","seed_source_timestamp":102623275691500,"circlet_count":0,"master_deck":["AscendersBane","Strike_B","Defend_B","Defend_B","Defend_B","Defend_B","Zap","Dualcast","Darkness+1","Static Discharge+1","White Noise","Recycle","Coolheaded","Core Surge","Rainbow","Defragment","Go for the Eyes","Storm","Defragment"],"relics":["Cracked Core","NeowsBlessing","Bottled Lightning","Tiny Chest","Odd Mushroom","Nuclear Battery"],"potions_floor_usage":[16,22],"damage_taken":[{"damage":0,"enemies":"Jaw Worm","floor":1,"turns":1},{"damage":0,"enemies":"Cultist","floor":5,"turns":1},{"damage":0,"enemies":"Lagavulin","floor":8,"turns":1},{"damage":3,"enemies":"Small Slimes","floor":10,"turns":2},{"damage":5,"enemies":"3 Sentries","floor":11,"turns":3},{"damage":9,"enemies":"3 Louse","floor":12,"turns":2},{"damage":25,"enemies":"The Mushroom Lair","floor":13,"turns":4},{"damage":11,"enemies":"Hexaghost","floor":16,"turns":8},{"damage":24,"enemies":"2 Thieves","floor":18,"turns":4},{"damage":12,"enemies":"Chosen","floor":19,"turns":4},{"damage":12,"enemies":"Snecko","floor":22,"turns":4},{"damage":0,"enemies":"Snake Plant","floor":23,"turns":1}],"seed_played":"482779003147161053","potions_obtained":[{"floor":3,"key":"Dexterity Potion"},{"floor":5,"key":"PowerPotion"},{"floor":10,"key":"PowerPotion"},{"floor":22,"key":"Swift Potion"}],"is_trial":false,"path_per_floor":["M","$","?","$","M","R","$","E","T","M","E","M","?","?","R","B",null,"M","M","?","?","M","M"],"character_chosen":"DEFECT","items_purchased":["Static Discharge","Fire Potion"],"campfire_rested":0,"item_purchase_floors":[2,2],"current_hp_per_floor":[64,64,64,64,64,64,64,64,64,61,56,47,22,15,15,4,54,30,18,18,18,6,6],"gold":322,"neow_bonus":"THREE_ENEMY_KILL","is_prod":false,"is_daily":false,"chose_seed":false,"campfire_upgraded":2,"win_rate":0,"timestamp":1552196897,"path_taken":["M","$","?","?","?","R","$","E","T","M","E","?","?","?","R","BOSS","M","M","?","?","M","M"],"build_version":"2019-01-23","purchased_purges":0,"victory":false,"max_hp_per_floor":[71,71,71,71,71,71,71,71,71,71,71,71,71,71,71,71,71,71,71,71,71,71,71],"card_choices":[{"not_picked":["Leap","Steam"],"picked":"Darkness","floor":1},{"not_picked":["Doom and Gloom","Lockon"],"picked":"White Noise","floor":5},{"not_picked":["Tempest","Chaos"],"picked":"Recycle","floor":8},{"not_picked":["Steam","Gash"],"picked":"Coolheaded","floor":10},{"not_picked":["Stack","Fusion"],"picked":"Core Surge","floor":11},{"not_picked":["Go for the Eyes","Skim","Steam"],"picked":"SKIP","floor":12},{"not_picked":["Machine Learning","Meteor Strike"],"picked":"Rainbow","floor":16},{"not_picked":["Sweeping Beam+1","Ball Lightning+1","Redo"],"picked":"SKIP","floor":18},{"not_picked":["Aggregate","Sweeping Beam"],"picked":"Defragment","floor":19},{"not_picked":["Skim+1","Streamline","Steam"],"picked":"SKIP","floor":22}],"player_experience":2146440,"relics_obtained":[{"floor":8,"key":"Bottled Lightning"},{"floor":11,"key":"Tiny Chest"},{"floor":13,"key":"Odd Mushroom"}],"event_choices":[{"damage_healed":0,"gold_gain":0,"player_choice":"Got Potions","damage_taken":0,"max_hp_gain":0,"max_hp_loss":0,"event_name":"Lab","floor":3,"gold_loss":0},{"damage_healed":0,"gold_gain":0,"player_choice":"Fought Mushrooms","damage_taken":0,"max_hp_gain":0,"max_hp_loss":0,"event_name":"Mushrooms","floor":13,"gold_loss":0},{"cards_removed":["Strike_B"],"damage_healed":0,"gold_gain":0,"player_choice":"Card Removal","damage_taken":7,"max_hp_gain":0,"max_hp_loss":0,"event_name":"Golden Wing","floor":14,"gold_loss":0},{"damage_healed":0,"gold_gain":0,"cards_transformed":["Strike_B","Strike_B"],"player_choice":"Became Test Subject","damage_taken":0,"max_hp_gain":0,"max_hp_loss":0,"event_name":"Drug Dealer","floor":20,"gold_loss":0,"cards_obtained":["Go for the Eyes","Storm"]},{"damage_healed":0,"gold_gain":0,"player_choice":"Read","damage_taken":0,"max_hp_gain":0,"max_hp_loss":0,"event_name":"The Library","floor":21,"gold_loss":0,"cards_obtained":["Defragment"]}],"is_beta":false,"boss_relics":[{"not_picked":["Black Star","Tiny House"],"picked":"Nuclear Battery"}],"items_purged_floors":[],"is_endless":false,"potions_floor_spawned":[5,10,11,13,22],"killed_by":"Snake Plant","ascension_level":20}