{"gold_per_floor":[115,10,10,285,304,304,23,23,48,73,73,101,101,118,118,193,193,205,120,120,170,196,196,216,216,216,234,259,259,278,278,278,349,349,360,370,370,470,30,58,58,58,58,58,70,70,85,108,120,132,144,156,168,96,126,126],"floor_reached":57,"playtime":1688,"items_purged":["Strike_R","Writhe"],"score":2754,"play_id":"30bc8be1-f52e-474c-bc43-55e2cb38d599","local_time":"20190406152825","is_ascension_mode":true,"campfire_choices":[{"data":"Regret","floor":6.0,"key":"PURGE"},{"data":"Whirlwind","floor":8.0,"key":"SMITH"},{"floor":13.0,"key":"REST"},{"data":"Inflame","floor":15.0,"key":"SMITH"},{"data":"Strike_R","floor":23.0,"key":"PURGE"},{"data":"Strike_R","floor":25.0,"key":"PURGE"},{"data":"Strike_R","floor":29.0,"key":"PURGE"},{"data":"Armaments","floor":32.0,"key":"SMITH"},{"floor":42.0,"key":"REST"},{"data":"Flex","floor":44.0,"key":"PURGE"},{"floor":49.0,"key":"RECALL"},{"data":"Bash+1","floor":53.0,"key":"PURGE"}],"neow_cost":"PERCENT_DAMAGE","seed_source_timestamp":0,"circlet_count":0,"master_deck":["AscendersBane","Defend_R","Defend_R","Defend_R","Defend_R","Whirlwind+1","Evolve","Inflame+1","Shockwave","Limit Break","True Grit+1","Second Wind","Dropkick","Battle Trance","Armaments+1","Barricade","Body Slam+1","Armaments+1","Burning Pact","Offering","Entrench+1","Shrug It Off"],"special_seed":0,"relics":["Burning Blood","Peace Pipe","Tiny Chest","Bronze Scales","Regal Pillow","Bottled Flame","Philosopher\u0027s Stone","Bag of Preparation","Pen Nib","Dream Catcher","PreservedInsect","Fusion Hammer","StoneCalendar","Happy Flower","Oddly Smooth Stone","Juzu Bracelet","Whetstone","Gremlin Horn","MawBank","Vajra"],"potions_floor_usage":[56,56],"damage_taken":[{"damage":13.0,"enemies":"Small Slimes","floor":1.0,"turns":5.0},{"damage":3.0,"enemies":"Cultist","floor":5.0,"turns":4.0},{"damage":5.0,"enemies":"3 Sentries","floor":10.0,"turns":2.0},{"damage":32.0,"enemies":"Gremlin Nob","floor":12.0,"turns":4.0},{"damage":0.0,"enemies":"2 Louse","floor":14.0,"turns":1.0},{"damage":38.0,"enemies":"The Guardian","floor":16.0,"turns":11.0},{"damage":9.0,"enemies":"Chosen","floor":18.0,"turns":4.0},{"damage":0.0,"enemies":"3 Byrds","floor":24.0,"turns":4.0},{"damage":5.0,"enemies":"Snecko","floor":27.0,"turns":5.0},{"damage":0.0,"enemies":"Slavers","floor":28.0,"turns":1.0},{"damage":12.0,"enemies":"Sentry and Sphere","floor":30.0,"turns":4.0},{"damage":29.0,"enemies":"Champ","floor":33.0,"turns":8.0},{"damage":21.0,"enemies":"3 Darklings","floor":35.0,"turns":5.0},{"damage":18.0,"enemies":"3 Shapes","floor":36.0,"turns":6.0},{"damage":23.0,"enemies":"Mind Bloom Boss Battle","floor":38.0,"turns":8.0},{"damage":5.0,"enemies":"Reptomancer","floor":40.0,"turns":3.0},{"damage":6.0,"enemies":"3 Darklings","floor":45.0,"turns":2.0},{"damage":6.0,"enemies":"Spire Growth","floor":47.0,"turns":4.0},{"damage":39.0,"enemies":"Time Eater","floor":50.0,"turns":7.0},{"damage":18.0,"enemies":"Donu and Deca","floor":51.0,"turns":8.0},{"damage":6.0,"enemies":"Shield and Spear","floor":55.0,"turns":1.0},{"damage":34,"enemies":"The Heart","floor":56,"turns":9}],"seed_played":"6763665796493477704","potions_obtained":[{"floor":1.0,"key":"Energy Potion"},{"floor":14.0,"key":"GamblersBrew"},{"floor":18.0,"key":"Poison Potion"},{"floor":35.0,"key":"SkillPotion"},{"floor":40.0,"key":"Energy Potion"},{"floor":47.0,"key":"SpeedPotion"}],"is_trial":false,"path_per_floor":["M","$","?","?","M","R","$","R","T","E","?","E","R","M","R","B",null,"M","?","?","?","T","R","M","R","T","M","E","R","M","?","R","B",null,"M","M","?","?","$","E","T","R","T","R","M","T","M","T","R","B","B",null,"R","$","E","B",null],"character_chosen":"IRONCLAD","items_purchased":["Flex","Fire Potion","Tiny Chest","Inflame","Happy Flower","Burning Pact","GamblersBrew","Ancient Potion"],"campfire_rested":2,"item_purchase_floors":[2,2,7,7,39,39,39,54],"current_hp_per_floor":[43,43,43,43,46,46,46,46,46,47,47,21,58,64,64,32,64,61,61,61,61,61,61,67,67,67,68,74,74,68,68,68,45,68,53,41,41,24,24,25,25,62,62,62,62,62,62,62,62,29,17,61,61,61,61,33],"gold":126,"neow_bonus":"ONE_RARE_RELIC","is_prod":false,"is_daily":false,"chose_seed":false,"campfire_upgraded":3,"win_rate":0,"timestamp":1554532105,"path_taken":["M","$","?","?","?","R","?","R","T","E","?","E","R","M","R","BOSS","M","?","?","?","?","R","M","R","T","M","E","R","M","?","R","BOSS","M","M","?","?","$","E","?","R","T","R","M","?","M","?","R","BOSS","BOSS","R","$","E","BOSS"],"build_version":"2019-01-23","purchased_purges":2,"victory":true,"max_hp_per_floor":[75,75,75,75,75,75,75,75,75,75,75,75,75,75,75,75,75,75,75,75,75,75,75,75,75,75,75,75,75,75,75,75,75,75,75,75,75,75,75,75,75,75,75,75,75,75,75,75,75,75,75,75,75,75,75,75],"card_choices":[{"not_picked":["Shrug It Off","Rupture"],"picked":"Whirlwind","floor":1.0},{"not_picked":["Combust","Pummel"],"picked":"Evolve","floor":5.0},{"not_picked":["Anger","Whirlwind","Metallicize"],"picked":"SKIP","floor":10.0},{"not_picked":["Power Through","Rage"],"picked":"Shockwave","floor":12.0},{"not_picked":["Thunderclap","Body Slam","Anger"],"picked":"SKIP","floor":14.0},{"not_picked":["Impervious","Berserk"],"picked":"Limit Break","floor":16.0},{"not_picked":["Spot Weakness","Rupture"],"picked":"True Grit+1","floor":18.0},{"not_picked":["Anger","Feel No Pain"],"picked":"Dropkick","floor":24.0},{"not_picked":["True Grit","Shockwave"],"picked":"Battle Trance","floor":27.0},{"not_picked":["Wild Strike","Ghostly Armor","Corruption"],"picked":"SKIP","floor":28.0},{"not_picked":["Uppercut","Warcry"],"picked":"Armaments","floor":30.0},{"not_picked":["Limit Break","Immolate"],"picked":"Barricade","floor":33.0},{"not_picked":["Headbutt","Dual Wield"],"picked":"Body Slam","floor":35.0},{"not_picked":["Perfected Strike","Body Slam"],"picked":"Armaments+1","floor":36.0},{"not_picked":["Heavy Blade+1","Warcry"],"picked":"Offering","floor":40.0},{"not_picked":["Flex","Armaments","Rampage+1"],"picked":"SKIP","floor":45.0},{"not_picked":["Havoc","Clash"],"picked":"Entrench+1","floor":47.0},{"not_picked":["Bludgeon","Clothesline+1"],"picked":"Shrug It Off","floor":55.0}],"player_experience":2914092,"relics_obtained":[{"floor":9.0,"key":"Bronze Scales"},{"floor":10.0,"key":"Regal Pillow"},{"floor":12.0,"key":"Bottled Flame"},{"floor":22.0,"key":"Pen Nib"},{"floor":28.0,"key":"Dream Catcher"},{"floor":38.0,"key":"StoneCalendar"},{"floor":40.0,"key":"Oddly Smooth Stone"},{"floor":41.0,"key":"Juzu Bracelet"},{"floor":43.0,"key":"Whetstone"},{"floor":46.0,"key":"Gremlin Horn"},{"floor":48.0,"key":"MawBank"},{"floor":55.0,"key":"Vajra"}],"event_choices":[{"damage_healed":0.0,"max_hp_gain":0.0,"max_hp_loss":0.0,"gold_gain":0.0,"event_name":"The Cleric","player_choice":"Leave","floor":3.0,"gold_loss":0.0,"damage_taken":0.0},{"damage_healed":0.0,"max_hp_gain":0.0,"max_hp_loss":0.0,"gold_gain":275.0,"event_name":"Golden Shrine","player_choice":"Desecrate","floor":4.0,"gold_loss":0.0,"damage_taken":0.0,"cards_obtained":["Regret"]},{"cards_removed":["Strike_R"],"damage_healed":0.0,"max_hp_gain":0.0,"max_hp_loss":0.0,"gold_gain":0.0,"event_name":"Living Wall","player_choice":"Forget","floor":11.0,"gold_loss":0.0,"damage_taken":0.0},{"damage_healed":0.0,"max_hp_gain":0.0,"max_hp_loss":0.0,"gold_gain":0.0,"event_name":"Addict","player_choice":"Obtained Relic","floor":19.0,"gold_loss":85.0,"damage_taken":0.0,"relics_obtained":["Bag of Preparation"]},{"damage_healed":0.0,"max_hp_gain":0.0,"max_hp_loss":0.0,"gold_gain":0.0,"event_name":"The Library","player_choice":"Read","floor":20.0,"gold_loss":0.0,"damage_taken":0.0,"cards_obtained":["Second Wind"]},{"damage_healed":0.0,"max_hp_gain":0.0,"max_hp_loss":0.0,"gold_gain":50.0,"event_name":"Nest","player_choice":"Stole From Cult","floor":21.0,"gold_loss":0.0,"damage_taken":0.0},{"damage_healed":0.0,"max_hp_gain":0.0,"max_hp_loss":0.0,"gold_gain":0.0,"event_name":"The Mausoleum","player_choice":"Opened","floor":31.0,"gold_loss":0.0,"damage_taken":0.0,"relics_obtained":["PreservedInsect"],"cards_obtained":["Writhe"]},{"damage_healed":0.0,"max_hp_gain":0.0,"max_hp_loss":0.0,"gold_gain":0.0,"event_name":"Tomb of Lord Red Mask","player_choice":"Ignored","floor":37.0,"gold_loss":0.0,"damage_taken":0.0},{"damage_healed":0.0,"max_hp_gain":0.0,"max_hp_loss":0.0,"gold_gain":0.0,"event_name":"MindBloom","player_choice":"Fight","floor":38.0,"gold_loss":0.0,"damage_taken":0.0}],"is_beta":false,"boss_relics":[{"not_picked":["Astrolabe","Orrery"],"picked":"Philosopher\u0027s Stone"},{"not_picked":["Empty Cage","Runic Dome"],"picked":"Fusion Hammer"}],"items_purged_floors":[7,39],"is_endless":false,"potions_floor_spawned":[1,5,14,18,24,33,35,40,47,55],"ascension_level":20}