{"gold_per_floor":[359,359,359,434,330,330,62,86,86,105,105,118,118,118],"floor_reached":14,"playtime":511,"items_purged":[],"score":156,"play_id":"14db6a2a-5503-4b5c-91a4-4942a9c6686b","local_time":"20190424202426","is_ascension_mode":true,"campfire_choices":[{"floor":6,"key":"REST"},{"data":"Apotheosis","floor":11,"key":"SMITH"},{"floor":13,"key":"REST"}],"neow_cost":"PERCENT_DAMAGE","seed_source_timestamp":203670150740700,"circlet_count":0,"master_deck":["AscendersBane","Strike_R","Strike_R","Strike_R","Strike_R","Defend_R","Defend_R","Defend_R","Defend_R","Bash","Spot Weakness","Feel No Pain","Shrug It Off","Apotheosis+1","Combust","Body Slam","Shockwave"],"relics":["Burning Blood","Golden Idol","Molten Egg 2"],"potions_floor_usage":[12,14],"damage_taken":[{"damage":3,"enemies":"2 Louse","floor":1,"turns":3},{"damage":0,"enemies":"Small Slimes","floor":8,"turns":5},{"damage":7,"enemies":"Jaw Worm","floor":10,"turns":4},{"damage":22,"enemies":"Lots of Slimes","floor":12,"turns":5},{"damage":44,"enemies":"Gremlin Nob","floor":14,"turns":3}],"seed_played":"5618271591843338631","potions_obtained":[{"floor":1,"key":"PowerPotion"},{"floor":8,"key":"Block Potion"},{"floor":12,"key":"Dexterity Potion"}],"is_trial":false,"path_per_floor":["M","?","?","?","$","R","$","M","T","M","R","M","R","E"],"character_chosen":"IRONCLAD","items_purchased":["Feel No Pain","Shrug It Off","Apotheosis","Combust"],"campfire_rested":2,"item_purchase_floors":[5,5,7,7],"current_hp_per_floor":[53,27,20,9,9,31,31,37,37,36,36,20,42,0],"gold":118,"neow_bonus":"TWO_FIFTY_GOLD","is_prod":false,"is_daily":false,"chose_seed":false,"campfire_upgraded":1,"win_rate":0,"timestamp":1556105066,"path_taken":["M","?","?","?","$","R","$","?","T","M","R","?","R","E"],"build_version":"2019-01-23","purchased_purges":0,"victory":false,"max_hp_per_floor":[75,75,75,75,75,75,75,75,75,75,75,75,75,75],"card_choices":[{"not_picked":["Dropkick","Perfected Strike"],"picked":"Spot Weakness","floor":1},{"not_picked":["Sentinel","Perfected Strike"],"picked":"Body Slam","floor":8},{"not_picked":["Warcry","Heavy Blade+1"],"picked":"Shockwave","floor":10},{"not_picked":["Sever Soul+1","Iron Wave+1","Reckless Charge+1"],"picked":"SKIP","floor":12}],"player_experience":3351530,"relics_obtained":[{"floor":9,"key":"Molten Egg 2"}],"event_choices":[{"damage_healed":0,"gold_gain":0,"player_choice":"Take Damage","damage_taken":26,"relics_obtained":["Golden Idol"],"max_hp_gain":0,"max_hp_loss":0,"event_name":"Golden Idol","floor":2,"gold_loss":0},{"cards_removed":["Strike_R"],"damage_healed":0,"gold_gain":0,"player_choice":"Card Removal","damage_taken":7,"max_hp_gain":0,"max_hp_loss":0,"event_name":"Golden Wing","floor":3,"gold_loss":0},{"damage_healed":0,"gold_gain":75,"player_choice":"Gather Gold","damage_taken":11,"max_hp_gain":0,"max_hp_loss":0,"event_name":"World of Goop","floor":4,"gold_loss":0}],"is_beta":false,"boss_relics":[],"items_purged_floors":[],"is_endless":false,"potions_floor_spawned":[1,8,12],"killed_by":"Gremlin Nob","ascension_level":20}