{"gold_per_floor":[117,117,135,155,175,200,200,212,282,282],"floor_reached":10,"playtime":306,"items_purged":[],"score":70,"play_id":"8fcc7dd7-c98d-4f66-9451-a8b8ffc935b5","local_time":"20181124001231","is_ascension_mode":false,"campfire_choices":[{"floor":7,"key":"REST"}],"neow_cost":"NONE","seed_source_timestamp":605085018164673,"circlet_count":0,"master_deck":["Strike_B","Strike_B","Strike_B","Strike_B","Defend_B","Defend_B","Defend_B","Defend_B","Zap","Dualcast","Thunder Strike","Capacitor","Sweeping Beam","Static Discharge","Leap","Loop","Steam Power","Tempest"],"relics":["Cracked Core","Calipers","Ornamental Fan"],"potions_floor_usage":[],"damage_taken":[{"damage":6,"enemies":"Jaw Worm","floor":1,"turns":4},{"damage":1,"enemies":"Cultist","floor":3,"turns":4},{"damage":3,"enemies":"Small Slimes","floor":4,"turns":3},{"damage":11,"enemies":"Red Slaver","floor":5,"turns":4},{"damage":47,"enemies":"Lagavulin","floor":6,"turns":7},{"damage":21,"enemies":"2 Fungi Beasts","floor":8,"turns":5},{"damage":9,"enemies":"Blue Slaver","floor":10,"turns":4}],"seed_played":"-1804010432262645415","potions_obtained":[{"floor":1,"key":"PowerPotion"},{"floor":3,"key":"Ancient Potion"}],"is_trial":false,"path_per_floor":["M","?","M","M","M","E","R","M","T","M"],"character_chosen":"DEFECT","items_purchased":[],"campfire_rested":1,"item_purchase_floors":[],"current_hp_per_floor":[69,69,68,65,54,7,29,8,8,0],"gold":282,"neow_bonus":"ONE_RANDOM_RARE_CARD","is_prod":false,"is_daily":false,"chose_seed":false,"campfire_upgraded":0,"win_rate":0.0,"timestamp":1543039951,"path_taken":["M","?","M","?","M","E","R","M","T","M"],"build_version":"2018-11-15","purchased_purges":0,"victory":false,"max_hp_per_floor":[75,75,75,75,75,75,75,75,75,75],"card_choices":[{"not_picked":["Doom and Gloom","Ball Lightning"],"picked":"Capacitor","floor":1},{"not_picked":["Gash","Defragment"],"picked":"Static Discharge","floor":3},{"not_picked":["Cold Snap","Beam Cell"],"picked":"Leap","floor":4},{"not_picked":["Chaos","Hologram"],"picked":"Loop","floor":5},{"not_picked":["Fission","Redo"],"picked":"Steam Power","floor":6},{"not_picked":["Hologram","Chaos"],"picked":"Tempest","floor":8}],"player_experience":17333,"relics_obtained":[{"floor":6,"key":"Calipers"},{"floor":9,"key":"Ornamental Fan"}],"event_choices":[{"damage_healed":0,"gold_gain":0,"player_choice":"1 cards matched","damage_taken":0,"max_hp_gain":0,"max_hp_loss":0,"event_name":"Match and Keep!","floor":2,"gold_loss":0,"cards_obtained":["Sweeping Beam"]}],"is_beta":false,"boss_relics":[],"items_purged_floors":[],"is_endless":false,"potions_floor_spawned":[1,3],"killed_by":"Blue Slaver","ascension_level":0}