{"gold_per_floor":[13,163,133,14,34,34,59,59,106,131,131,196,208,224,224,303,303,315,675,140,140,6,6,6,33,33,33,33,33,52,62,62,136,136,149,149,176,188,200,212,249,311,323,335,366,389,401,444,456,468,480],"floor_reached":51,"playtime":1731,"items_purged":["Doubt"],"score":1550,"play_id":"4bdc9e60-6fc4-4dbf-baa5-892aab8bb187","local_time":"20190401185243","is_ascension_mode":true,"campfire_choices":[{"data":"Bash","floor":6.0,"key":"SMITH"},{"data":"Inflame","floor":8.0,"key":"SMITH"},{"floor":11.0,"key":"REST"},{"data":"Disarm","floor":15.0,"key":"SMITH"},{"floor":23.0,"key":"REST"},{"data":"Barricade","floor":27.0,"key":"SMITH"},{"data":"Shrug It Off","floor":29.0,"key":"SMITH"},{"data":"Whirlwind","floor":32.0,"key":"SMITH"},{"floor":40,"key":"REST"},{"data":"True Grit","floor":44,"key":"SMITH"},{"floor":49,"key":"RECALL"}],"neow_cost":"NO_GOLD","seed_source_timestamp":285620720085400,"circlet_count":0,"master_deck":["AscendersBane","Defend_R","Defend_R","Defend_R","Bash+1","Seeing Red","Inflame+1","Ghostly Armor","Shrug It Off+1","Disarm+1","Barricade+1","Carnage+1","Feel No Pain","True Grit+1","Bite","Bite","Bite","Bite","Dark Embrace","Whirlwind+1","Juggernaut","Dark Embrace+1","Demon Form+1","Secret Technique+1","Shrug It Off","Madness","Madness","Entrench+1","Shrug It Off","Power Through"],"special_seed":0,"relics":["Burning Blood","Ginger","Whetstone","Juzu Bracelet","Ice Cream","Darkstone Periapt","Sozu","Mummified Hand","Bottled Tornado","Pear","Blue Candle","Astrolabe","MawBank","Lantern","Blood Vial"],"potions_floor_usage":[],"damage_taken":[{"damage":8.0,"enemies":"2 Louse","floor":1.0,"turns":4.0},{"damage":7.0,"enemies":"Cultist","floor":5.0,"turns":4.0},{"damage":36.0,"enemies":"Lagavulin","floor":7.0,"turns":8.0},{"damage":32.0,"enemies":"Gremlin Nob","floor":10.0,"turns":4.0},{"damage":36.0,"enemies":"Gremlin Nob","floor":12.0,"turns":4.0},{"damage":0.0,"enemies":"Jaw Worm","floor":13.0,"turns":4.0},{"damage":0.0,"enemies":"2 Fungi Beasts","floor":14.0,"turns":3.0},{"damage":0.0,"enemies":"The Guardian","floor":16.0,"turns":13.0},{"damage":18.0,"enemies":"2 Thieves","floor":18.0,"turns":4.0},{"damage":29.0,"enemies":"Slavers","floor":25.0,"turns":7.0},{"damage":0.0,"enemies":"Chosen","floor":30.0,"turns":7.0},{"damage":18.0,"enemies":"Centurion and Healer","floor":31.0,"turns":7.0},{"damage":69,"enemies":"Automaton","floor":33,"turns":12},{"damage":29,"enemies":"3 Shapes","floor":35,"turns":4},{"damage":17,"enemies":"Nemesis","floor":41,"turns":5},{"damage":10,"enemies":"3 Darklings","floor":45,"turns":2},{"damage":0,"enemies":"Maw","floor":46,"turns":9},{"damage":1,"enemies":"Giant Head","floor":48,"turns":9},{"damage":57,"enemies":"Donu and Deca","floor":50,"turns":15},{"damage":33,"enemies":"Awakened One","floor":51,"turns":3}],"seed_played":"8861729876866498012","potions_obtained":[{"floor":3.0,"key":"Dexterity Potion"},{"floor":3.0,"key":"EntropicBrew"},{"floor":7.0,"key":"Energy Potion"},{"floor":10.0,"key":"BloodPotion"},{"floor":13.0,"key":"SteroidPotion"},{"floor":16.0,"key":"GamblersBrew"}],"is_trial":false,"path_per_floor":["M","?","?","$","M","R","E","R","T","E","R","?","M","M","R","B",null,"M","?","$","?","$","R","?","E","T","R","?","R","M","M","R","B",null,"M","?","T","$","?","R","E","?","T","R","M","M","$","E","R","B","B"],"character_chosen":"IRONCLAD","items_purchased":["Inflame","Mummified Hand","Bottled Tornado","Feel No Pain","True Grit"],"campfire_rested":3,"item_purchase_floors":[4,20,20,22,22],"current_hp_per_floor":[66,66,66,66,65,65,35,35,35,9,31,8,14,20,20,26,63,51,16,16,16,16,38,38,35,35,35,35,35,62,62,62,17,51,34,34,34,34,23,41,42,36,36,36,34,60,60,62,62,37,14],"gold":480,"neow_bonus":"ONE_RARE_RELIC","is_prod":false,"is_daily":false,"chose_seed":false,"campfire_upgraded":7,"win_rate":0,"timestamp":1554112363,"path_taken":["M","?","?","$","?","R","E","R","T","E","R","?","M","M","R","BOSS","M","?","?","?","$","R","?","E","T","R","?","R","M","M","R","BOSS","M","?","?","?","?","R","E","?","T","R","M","M","$","E","R","BOSS","BOSS"],"build_version":"2019-01-23","purchased_purges":1,"victory":false,"max_hp_per_floor":[75,75,75,75,75,75,75,75,75,75,75,75,75,75,75,75,75,75,75,75,75,75,75,52,62,62,62,62,62,62,62,62,62,62,62,62,62,62,62,62,62,62,62,62,62,62,62,62,62,62,62],"card_choices":[{"not_picked":["Warcry","Cleave"],"picked":"Seeing Red","floor":1.0},{"not_picked":["Iron Wave","Sever Soul","Anger"],"picked":"SKIP","floor":5.0},{"not_picked":["Iron Wave","Thunderclap","Bloodletting"],"picked":"SKIP","floor":7.0},{"not_picked":["Spot Weakness","Dual Wield"],"picked":"Ghostly Armor","floor":10.0},{"not_picked":["Hemokinesis","Heavy Blade"],"picked":"Shrug It Off","floor":12.0},{"not_picked":["Power Through","Body Slam","Infernal Blade"],"picked":"SKIP","floor":13.0},{"not_picked":["Pommel Strike","Clothesline"],"picked":"Disarm","floor":14.0},{"not_picked":["Bludgeon","Berserk"],"picked":"Barricade","floor":16.0},{"not_picked":["Flex","Iron Wave"],"picked":"Carnage+1","floor":18.0},{"not_picked":["Combust","Pommel Strike"],"picked":"Dark Embrace","floor":25.0},{"not_picked":["Anger","Iron Wave"],"picked":"Dropkick","floor":30.0},{"not_picked":["Cleave+1","Armaments+1"],"picked":"Whirlwind","floor":31.0},{"not_picked":["Immolate","Barricade"],"picked":"Juggernaut","floor":33},{"not_picked":["Inflame","Clash"],"picked":"Shrug It Off","floor":35},{"not_picked":["Inflame+1","Wild Strike"],"picked":"Entrench+1","floor":41},{"not_picked":["Headbutt","Flame Barrier"],"picked":"Shrug It Off","floor":45},{"not_picked":["Heavy Blade+1","Metallicize","Pommel Strike"],"picked":"SKIP","floor":46},{"not_picked":["Pommel Strike","Bloodletting+1"],"picked":"Power Through","floor":48}],"player_experience":2804756,"relics_obtained":[{"floor":7.0,"key":"Whetstone"},{"floor":9.0,"key":"Juzu Bracelet"},{"floor":10.0,"key":"Ice Cream"},{"floor":12.0,"key":"Darkstone Periapt"},{"floor":25.0,"key":"Pear"},{"floor":26.0,"key":"Blue Candle"},{"floor":37,"key":"MawBank"},{"floor":41,"key":"Lantern"},{"floor":48,"key":"Blood Vial"}],"event_choices":[{"damage_healed":0.0,"max_hp_gain":0.0,"max_hp_loss":0.0,"gold_gain":150.0,"event_name":"Liars Game","player_choice":"AGREE","floor":2.0,"gold_loss":0.0,"damage_taken":0.0,"cards_obtained":["Doubt"]},{"damage_healed":0.0,"max_hp_gain":0.0,"max_hp_loss":0.0,"gold_gain":0.0,"event_name":"The Woman in Blue","player_choice":"Bought 2 Potions","floor":3.0,"gold_loss":0.0,"damage_taken":0.0},{"damage_healed":0.0,"max_hp_gain":0.0,"max_hp_loss":0.0,"gold_gain":0.0,"event_name":"Dead Adventurer","player_choice":"Searched \u00272\u0027 times","floor":12.0,"gold_loss":0.0,"damage_taken":0.0},{"damage_healed":0.0,"max_hp_gain":0.0,"max_hp_loss":0.0,"gold_gain":360.0,"event_name":"Knowing Skull","player_choice":"GOLD GOLD GOLD GOLD ","floor":19.0,"potions_obtained":[],"gold_loss":0.0,"damage_taken":35.0,"cards_obtained":[]},{"damage_healed":0.0,"max_hp_gain":0.0,"max_hp_loss":0.0,"gold_gain":0.0,"event_name":"Cursed Tome","player_choice":"Ignored","floor":21.0,"gold_loss":0.0,"damage_taken":0.0},{"damage_healed":0.0,"max_hp_gain":0.0,"max_hp_loss":23.0,"gold_gain":0.0,"event_name":"Vampires","player_choice":"Became a vampire","floor":24.0,"gold_loss":0.0,"damage_taken":0.0,"cards_obtained":["Bite","Bite","Bite","Bite","Bite"]},{"damage_healed":0.0,"max_hp_gain":0.0,"max_hp_loss":0.0,"gold_gain":0.0,"event_name":"Beggar","player_choice":"Ignored","floor":28.0,"gold_loss":0.0,"damage_taken":0.0},{"damage_healed":0,"gold_gain":0,"player_choice":"Ignored","damage_taken":0,"max_hp_gain":0,"max_hp_loss":0,"event_name":"Tomb of Lord Red Mask","floor":36,"gold_loss":0},{"damage_healed":0,"gold_gain":0,"player_choice":"Embrace Madness","damage_taken":11,"max_hp_gain":0,"max_hp_loss":0,"event_name":"Winding Halls","floor":39,"gold_loss":0,"cards_obtained":["Madness","Madness"]},{"damage_healed":0,"gold_gain":50,"player_choice":"Touch","damage_taken":6,"max_hp_gain":0,"max_hp_loss":0,"event_name":"FaceTrader","floor":42,"gold_loss":0}],"is_beta":false,"boss_relics":[{"not_picked":["Empty Cage","Black Blood"],"picked":"Sozu"},{"not_picked":["Coffee Dripper","Busted Crown"],"picked":"Astrolabe"}],"items_purged_floors":[4],"is_endless":false,"potions_floor_spawned":[7,10,13,16,18,30,31,41,45],"killed_by":"Awakened One","ascension_level":20}