{"gold_per_floor":[362,362,379,397,414,414,447,447,447,463,463,54,54,76,76,76],"floor_reached":16,"playtime":493,"items_purged":[],"score":200,"play_id":"85e81bd5-500f-4e28-bdd3-dce1a914d86a","local_time":"20190308123444","is_ascension_mode":true,"campfire_choices":[{"floor":6,"key":"REST"},{"data":"Consume","floor":11,"key":"SMITH"},{"floor":13,"key":"REST"},{"data":"Zap","floor":15,"key":"SMITH"}],"neow_cost":"PERCENT_DAMAGE","seed_source_timestamp":75987235216600,"circlet_count":0,"master_deck":["AscendersBane","Strike_B","Strike_B","Strike_B+1","Strike_B","Defend_B","Defend_B","Defend_B","Defend_B","Zap+1","Dualcast","Cold Snap+1","Chill","BootSequence","Consume+1","Self Repair","Rip and Tear","Gash"],"relics":["Cracked Core","Happy Flower","Blue Candle","OrangePellets","Odd Mushroom"],"potions_floor_usage":[7,10,16,16],"damage_taken":[{"damage":7,"enemies":"Jaw Worm","floor":1,"turns":3},{"damage":0,"enemies":"Small Slimes","floor":3,"turns":2},{"damage":0,"enemies":"Cultist","floor":4,"turns":3},{"damage":0,"enemies":"2 Fungi Beasts","floor":5,"turns":4},{"damage":15,"enemies":"3 Sentries","floor":7,"turns":11},{"damage":19,"enemies":"Exordium Thugs","floor":10,"turns":6},{"damage":20,"enemies":"The Mushroom Lair","floor":14,"turns":4},{"damage":11,"enemies":"Hexaghost","floor":16,"turns":9}],"seed_played":"8627649151464952855","potions_obtained":[{"floor":4,"key":"Block Potion"},{"floor":5,"key":"Weak Potion"},{"floor":8,"key":"Dexterity Potion"}],"is_trial":false,"path_per_floor":["M","?","M","M","M","R","E","?","T","M","R","$","R","?","R","B"],"character_chosen":"DEFECT","items_purchased":["OrangePellets","Self Repair","Strength Potion","Rip and Tear"],"campfire_rested":2,"item_purchase_floors":[12,12,12,12],"current_hp_per_floor":[39,18,18,18,18,39,24,24,24,5,5,5,26,6,6,0],"gold":76,"neow_bonus":"TWO_FIFTY_GOLD","is_prod":false,"is_daily":false,"chose_seed":false,"campfire_upgraded":2,"win_rate":0,"timestamp":1552016084,"path_taken":["M","?","M","M","M","R","E","?","T","?","R","$","R","?","R","BOSS"],"build_version":"2019-01-23","purchased_purges":0,"victory":false,"max_hp_per_floor":[71,71,71,71,71,71,71,71,71,71,71,71,71,71,71,71],"card_choices":[{"not_picked":["FTL","Compile Driver"],"picked":"Cold Snap","floor":1},{"not_picked":["Steam Power","Beam Cell","Hologram"],"picked":"SKIP","floor":3},{"not_picked":["Reinforced Body","Static Discharge"],"picked":"Chill","floor":4},{"not_picked":["Conserve Battery","Scrape","Sweeping Beam"],"picked":"SKIP","floor":5},{"not_picked":["Ball Lightning","Sweeping Beam"],"picked":"BootSequence","floor":7},{"not_picked":["Steam Power","Gash"],"picked":"Consume","floor":10},{"not_picked":["Redo","Blizzard"],"picked":"Gash","floor":14}],"player_experience":2066948,"relics_obtained":[{"floor":7,"key":"Happy Flower"},{"floor":9,"key":"Blue Candle"},{"floor":14,"key":"Odd Mushroom"}],"event_choices":[{"damage_healed":0,"gold_gain":0,"player_choice":"Entered Light","damage_taken":21,"max_hp_gain":0,"max_hp_loss":0,"event_name":"Shining Light","floor":2,"gold_loss":0,"cards_upgraded":["Strike_B","Cold Snap"]},{"damage_healed":0,"gold_gain":0,"player_choice":"Got Potions","damage_taken":0,"max_hp_gain":0,"max_hp_loss":0,"event_name":"Lab","floor":8,"gold_loss":0},{"damage_healed":0,"gold_gain":0,"player_choice":"Fought Mushrooms","damage_taken":0,"max_hp_gain":0,"max_hp_loss":0,"event_name":"Mushrooms","floor":14,"gold_loss":0}],"is_beta":false,"boss_relics":[],"items_purged_floors":[],"is_endless":false,"potions_floor_spawned":[4,5],"killed_by":"Hexaghost","ascension_level":20}