{"gold_per_floor":[211,361,16,33,33,60,60,85,85,85,85,103,114,125,125,200,200,219,219,46,321,335,335,335],"floor_reached":24,"playtime":772,"items_purged":["Doubt"],"score":412,"play_id":"72ae11e9-da53-4eb1-ae81-5e4476f057a7","local_time":"20190220161912","is_ascension_mode":true,"campfire_choices":[{"floor":7,"key":"REST"},{"floor":11,"key":"REST"},{"floor":15,"key":"REST"},{"data":"Zap","floor":23,"key":"SMITH"}],"neow_cost":"NONE","seed_source_timestamp":15772915010600,"circlet_count":0,"master_deck":["AscendersBane","Strike_B+1","Strike_B","Strike_B","Strike_B+1","Defend_B","Defend_B+1","Defend_B","Defend_B","Zap+1","Dualcast","FTL+1","Cold Snap","Lockon","Coolheaded","Melter","Beam Cell","Beam Cell","All For One","Cold Snap","Regret","Core Surge"],"relics":["Cracked Core","ClockworkSouvenir","Question Card","Whetstone","Happy Flower","Cursed Key","Bag of Preparation"],"potions_floor_usage":[8,16,19],"damage_taken":[{"damage":1,"enemies":"Cultist","floor":1,"turns":3},{"damage":3,"enemies":"Small Slimes","floor":4,"turns":3},{"damage":19,"enemies":"Lagavulin","floor":6,"turns":7},{"damage":28,"enemies":"3 Sentries","floor":8,"turns":6},{"damage":0,"enemies":"2 Louse","floor":12,"turns":1},{"damage":10,"enemies":"Lots of Slimes","floor":13,"turns":3},{"damage":8,"enemies":"3 Louse","floor":14,"turns":2},{"damage":34,"enemies":"Slime Boss","floor":16,"turns":12},{"damage":12,"enemies":"2 Thieves","floor":18,"turns":4},{"damage":0,"enemies":"Shell Parasite","floor":19,"turns":1},{"damage":14,"enemies":"Snake Plant","floor":22,"turns":3},{"damage":40,"enemies":"Book of Stabbing","floor":24,"turns":3}],"seed_played":"-884483384932255732","potions_obtained":[{"floor":1,"key":"Energy Potion"},{"floor":6,"key":"Strength Potion"},{"floor":8,"key":"Weak Potion"},{"floor":10,"key":"SmokeBomb"}],"is_trial":false,"path_per_floor":["M","?","$","M","?","E","R","E","T","?","R","M","M","M","R","B",null,"M","M","$","?","M","R","E"],"character_chosen":"DEFECT","items_purchased":["ClockworkSouvenir","FTL","Bag of Preparation"],"campfire_rested":3,"item_purchase_floors":[3,3,20],"current_hp_per_floor":[63,63,63,60,39,20,41,13,13,13,34,34,24,16,37,3,54,42,42,42,42,28,28,0],"gold":335,"neow_bonus":"HUNDRED_GOLD","is_prod":false,"is_daily":false,"chose_seed":false,"campfire_upgraded":1,"win_rate":0,"timestamp":1550647152,"path_taken":["M","?","$","M","?","E","R","E","T","?","R","M","M","?","R","BOSS","M","M","$","?","?","R","E"],"build_version":"2019-01-23","purchased_purges":1,"victory":false,"max_hp_per_floor":[71,71,71,71,71,71,71,71,71,71,71,71,71,71,71,71,71,71,71,71,71,71,71,71],"card_choices":[{"not_picked":["Storm","Barrage","Stack"],"picked":"SKIP","floor":1},{"not_picked":["Rip and Tear","Capacitor"],"picked":"Cold Snap","floor":4},{"not_picked":["Rebound","Hologram"],"picked":"Lockon","floor":6},{"not_picked":["Hologram","Hyperbeam","Leap"],"picked":"Coolheaded","floor":8},{"not_picked":["Gash","Skim","Go for the Eyes"],"picked":"Melter","floor":12},{"not_picked":["Gash","Go for the Eyes","Rebound"],"picked":"Beam Cell","floor":13},{"not_picked":["Double Energy","Coolheaded","Steam"],"picked":"Beam Cell","floor":14},{"not_picked":["Rainbow","Buffer","Meteor Strike"],"picked":"All For One","floor":16},{"not_picked":["Fusion+1","Redo","Ball Lightning"],"picked":"Cold Snap","floor":18},{"not_picked":["Coolheaded","Scrape","Steam"],"picked":"Core Surge","floor":22}],"player_experience":1673346,"relics_obtained":[{"floor":6,"key":"Question Card"},{"floor":8,"key":"Whetstone"},{"floor":9,"key":"Happy Flower"}],"event_choices":[{"damage_healed":0,"gold_gain":150,"player_choice":"AGREE","damage_taken":0,"max_hp_gain":0,"max_hp_loss":0,"event_name":"Liars Game","floor":2,"gold_loss":0,"cards_obtained":["Doubt"]},{"damage_healed":0,"gold_gain":0,"player_choice":"Entered Light","damage_taken":21,"max_hp_gain":0,"max_hp_loss":0,"event_name":"Shining Light","floor":5,"gold_loss":0,"cards_upgraded":["Strike_B","Defend_B"]},{"damage_healed":0,"gold_gain":0,"player_choice":"Got Potions","damage_taken":0,"max_hp_gain":0,"max_hp_loss":0,"event_name":"Lab","floor":10,"gold_loss":0},{"damage_healed":0,"gold_gain":275,"player_choice":"Desecrate","damage_taken":0,"max_hp_gain":0,"max_hp_loss":0,"event_name":"Golden Shrine","floor":21,"gold_loss":0,"cards_obtained":["Regret"]}],"is_beta":false,"boss_relics":[{"not_picked":["Nuclear Battery","Black Star"],"picked":"Cursed Key"}],"items_purged_floors":[3],"is_endless":false,"potions_floor_spawned":[1,6,8,14,19],"killed_by":"Book of Stabbing","ascension_level":20}