{"path_per_floor":["M","?","M","M","M","E","?","$","T","R","M","R","?","M","R","B",null,"M","$","?","?","?"],"character_chosen":"THE_SILENT","items_purchased":["Terror","Quick Slash","Deep Breath"],"gold_per_floor":[118,193,205,223,240,272,272,112,112,112,127,127,127,137,137,236,236,249,53,53,53,53],"floor_reached":23,"campfire_rested":1,"playtime":1856,"current_hp_per_floor":[70,59,59,49,45,41,27,27,27,27,7,28,28,21,21,13,70,60,60,60,60,60],"items_purged":["Strike_G","Defend_G"],"gold":53,"play_id":"a5bdb46b-e36d-4751-8f0e-45aa24bc716e","is_prod":false,"is_daily":false,"is_ascension_mode":false,"campfire_upgraded":2,"path_taken":["M","?","M","?","M","E","?","$","T","R","M","R","?","M","R","BOSS","M","$","?","?","?","E"],"build_version":"2018-01-25-PROD3","purchased_purges":2,"victory":false,"master_deck":["Defend_G","Defend_G","Defend_G","Strike_G+1","Strike_G+1","Survivor","Neutralize+1","All Out Attack","Prepared","Acrobatics","Backstab","Heel Hook","Flying Knee","Sucker Punch+1","Terror","Quick Slash","Acrobatics","Underhanded Strike","Envenom","Dagger Throw+1","Deep Breath","Dagger Throw+1"],"max_hp_per_floor":[70,70,70,70,70,70,70,70,70,70,70,70,70,70,70,70,70,70,70,70,70,70],"relics":["Ring of the Snake","Pen Nib","Dodecahedron","Eternal Feather"],"card_choices":[{"not_picked":["Underhanded Strike","Catalyst"],"picked":"Acrobatics"},{"not_picked":["Distraction","Dash"],"picked":"Backstab"},{"not_picked":["Quick Slash","Acrobatics"],"picked":"Heel Hook"},{"not_picked":["Well Laid Plans","Heel Hook"],"picked":"Flying Knee"},{"not_picked":["Choke","Dagger Spray"],"picked":"Sucker Punch"},{"not_picked":["Outmaneuver","Riddle With Holes"],"picked":"Acrobatics"},{"not_picked":["Phantasmal Killer","Deflect"],"picked":"Underhanded Strike"},{"not_picked":["Unload","Night Terror"],"picked":"Envenom"},{"not_picked":["Dagger Spray","Dodge and Roll"],"picked":"Dagger Throw"}],"player_experience":52123,"potions_floor_usage":[6,11],"damage_taken":[{"damage":0,"enemies":"2 Louse","floor":1,"turns":1},{"damage":0,"enemies":"Small Slimes","floor":3,"turns":4},{"damage":10,"enemies":"Blue Slaver","floor":4,"turns":5},{"damage":4,"enemies":"Gremlin Gang","floor":5,"turns":3},{"damage":4,"enemies":"3 Sentries","floor":6,"turns":7},{"damage":20,"enemies":"Large Slime","floor":11,"turns":4},{"damage":7,"enemies":"Looter","floor":14,"turns":3},{"damage":8,"enemies":"Slime Boss","floor":16,"turns":8},{"damage":10,"enemies":"Spheric Guardian","floor":18,"turns":4},{"damage":70,"enemies":"Slavers","floor":23,"turns":3}],"event_choices":[{"event_name":"World of Goop","player_choice":"Gather Gold","floor":2,"damage_taken":0},{"event_name":"Shining Light","player_choice":"Entered Light","floor":7,"damage_taken":0},{"event_name":"Purifier","player_choice":"One Purge","floor":13,"damage_taken":0},{"event_name":"Vampires","player_choice":"Ignored","floor":20,"damage_taken":0},{"event_name":"Duplicator","player_choice":"One dupe","floor":21,"damage_taken":0},{"event_name":"Back to Basics","player_choice":"Elegance","floor":22,"damage_taken":0}],"boss_relics":[{"not_picked":["Tiny House","Lizard Tail"],"picked":"Eternal Feather"}],"potions_floor_spawned":[4,5,6,11],"seed_played":"7892843292347677774","killed_by":"Slavers","ascension_level":0,"is_trial":false}