{"gold_per_floor":[114,129,142,67,81,81,109,69,92,111,111,111,131,151,151,225,225,238,238,40,52,70,105,105,116,162,162,162],"floor_reached":28,"playtime":749,"items_purged":[],"score":484,"play_id":"a5d2648f-e625-4bfd-8382-bf7cb8ee2067","local_time":"20190405194501","is_ascension_mode":true,"campfire_choices":[{"floor":6,"key":"REST"},{"data":"Darkness","floor":12,"key":"SMITH"},{"data":"Consume","floor":15,"key":"SMITH"},{"data":"Loop","floor":24,"key":"SMITH"},{"data":"Blizzard","floor":27,"key":"SMITH"}],"neow_cost":"NONE","seed_source_timestamp":635628644715300,"circlet_count":0,"master_deck":["AscendersBane","Strike_B","Strike_B","Strike_B","Strike_B","Defend_B","Defend_B","Defend_B","Defend_B","Zap","Dualcast","Consume+1","Darkness+1","Coolheaded","Loop+1","Sunder","Rainbow","Compile Driver+1","Decay","Glacier","Blizzard+1","Amplify"],"relics":["Cracked Core","NeowsBlessing","Art of War","Coffee Dripper","DataDisk","Ancient Tea Set","Centennial Puzzle"],"potions_floor_usage":[23,23],"damage_taken":[{"damage":0,"enemies":"Cultist","floor":1,"turns":1},{"damage":0,"enemies":"Jaw Worm","floor":2,"turns":1},{"damage":0,"enemies":"2 Louse","floor":3,"turns":1},{"damage":42,"enemies":"Lots of Slimes","floor":5,"turns":5},{"damage":11,"enemies":"Lagavulin","floor":7,"turns":7},{"damage":1,"enemies":"Looter","floor":8,"turns":4},{"damage":5,"enemies":"2 Fungi Beasts","floor":10,"turns":4},{"damage":17,"enemies":"3 Louse","floor":13,"turns":4},{"damage":10,"enemies":"Looter","floor":14,"turns":4},{"damage":23,"enemies":"Slime Boss","floor":16,"turns":6},{"damage":1,"enemies":"Spheric Guardian","floor":18,"turns":3},{"damage":8,"enemies":"Chosen","floor":21,"turns":4},{"damage":18,"enemies":"Snake Plant","floor":22,"turns":4},{"damage":21,"enemies":"Slavers","floor":23,"turns":3},{"damage":4,"enemies":"3 Cultists","floor":25,"turns":7},{"damage":19,"enemies":"Book of Stabbing","floor":28,"turns":2}],"seed_played":"-706632080043698733","potions_obtained":[{"floor":10,"key":"FocusPotion"},{"floor":13,"key":"PowerPotion"},{"floor":14,"key":"PowerPotion"}],"is_trial":false,"path_per_floor":["M","M","M","$","M","R","E","M","T","M","?","R","M","M","R","B",null,"M","?","$","M","M","E","R","M","T","R","E"],"character_chosen":"DEFECT","items_purchased":["Darkness","DataDisk","Glacier"],"campfire_rested":1,"item_purchase_floors":[4,20,20],"current_hp_per_floor":[64,64,64,64,22,43,32,31,31,26,81,81,64,54,54,31,69,68,68,68,60,42,21,21,17,17,17,0],"gold":162,"neow_bonus":"THREE_ENEMY_KILL","is_prod":false,"is_daily":false,"chose_seed":false,"campfire_upgraded":4,"win_rate":0,"timestamp":1554461101,"path_taken":["M","?","M","?","?","R","E","M","T","?","?","R","?","M","R","BOSS","M","?","$","M","?","E","R","M","T","R","E"],"build_version":"2019-01-23","purchased_purges":0,"victory":false,"max_hp_per_floor":[71,71,71,71,71,71,71,71,71,71,81,81,81,81,81,81,81,81,81,81,81,81,81,81,81,81,81,81],"card_choices":[{"not_picked":["Sweeping Beam","Leap","Reprogram"],"picked":"SKIP","floor":1},{"not_picked":["Go for the Eyes","Ball Lightning"],"picked":"Consume","floor":2},{"not_picked":["Compile Driver","Barrage","Go for the Eyes"],"picked":"SKIP","floor":3},{"not_picked":["Heatsinks","White Noise"],"picked":"Coolheaded","floor":5},{"not_picked":["Conserve Battery","Hologram"],"picked":"Reboot","floor":7},{"not_picked":["Sweeping Beam","Ball Lightning","Hologram"],"picked":"SKIP","floor":8},{"not_picked":["Tempest","Rip and Tear"],"picked":"Loop","floor":10},{"not_picked":["Genetic Algorithm","Compile Driver"],"picked":"Sunder","floor":13},{"not_picked":["FTL","Turbo","Conserve Battery"],"picked":"SKIP","floor":14},{"not_picked":["FTL","Turbo","Conserve Battery"],"picked":"SKIP","floor":14},{"not_picked":["Machine Learning","Amplify"],"picked":"Rainbow","floor":16},{"not_picked":["Leap","Steam"],"picked":"Compile Driver+1","floor":18},{"not_picked":["Go for the Eyes","Compile Driver+1"],"picked":"Blizzard","floor":21},{"not_picked":["Turbo","Rebound","Compile Driver"],"picked":"SKIP","floor":22},{"not_picked":["Chaos","Force Field"],"picked":"Amplify","floor":23},{"not_picked":["Sweeping Beam","Stack","Doom and Gloom"],"picked":"SKIP","floor":25}],"player_experience":2894688,"relics_obtained":[{"floor":7,"key":"Art of War"},{"floor":23,"key":"Ancient Tea Set"},{"floor":26,"key":"Centennial Puzzle"}],"event_choices":[{"cards_removed":["Reboot"],"damage_healed":45,"gold_gain":0,"player_choice":"Offered Rare","damage_taken":0,"max_hp_gain":10,"max_hp_loss":0,"event_name":"Bonfire Elementals","floor":11,"gold_loss":0},{"damage_healed":0,"gold_gain":0,"player_choice":"Cursed","damage_taken":0,"max_hp_gain":0,"max_hp_loss":0,"event_name":"Wheel of Change","floor":19,"gold_loss":0,"cards_obtained":["Decay"]}],"is_beta":false,"boss_relics":[{"not_picked":["White Beast Statue","Fusion Hammer"],"picked":"Coffee Dripper"}],"items_purged_floors":[],"is_endless":false,"potions_floor_spawned":[10,13,14,18,22],"killed_by":"Book of Stabbing","ascension_level":20}