{"path_per_floor":["M","M","$","M","?","R","M","R","T","E","M","M","R","M","R","B",null,"M","M"],"character_chosen":"DEFECT","items_purchased":["Capacitor","Coolheaded"],"gold_per_floor":[218,237,65,79,79,79,96,96,177,204,215,232,232,244,244,341,341,355,372,372],"floor_reached":20,"campfire_rested":0,"playtime":1698,"current_hp_per_floor":[72,64,64,59,59,59,59,59,59,55,40,40,40,32,32,32,75,73,46,0],"items_purged":["Strike_B"],"gold":372,"score":228,"play_id":"7f9a8c52-f6c7-4dc4-a806-35cbc347b606","local_time":"20180430170029","is_prod":false,"is_daily":false,"chose_seed":false,"is_ascension_mode":false,"campfire_upgraded":4,"timestamp":1525078829,"path_taken":["M","M","$","M","?","R","M","R","T","E","M","M","R","?","R","BOSS","M","M","M"],"build_version":"2018-04-27v3","seed_source_timestamp":0,"purchased_purges":1,"victory":false,"master_deck":["Strike_B","Strike_B","Strike_B","Defend_B","Defend_B","Defend_B","Zap","Dualcast","Impulse","Glacier","Capacitor+1","Coolheaded+1","Go for the Eyes","Darkness+1","Rebound","Impulse+1","Machine Learning","Fusion","Capacitor+1","Skim"],"max_hp_per_floor":[75,75,75,75,75,75,75,75,75,75,75,75,75,75,75,75,75,75,75,75],"relics":["Cracked Core","Ornamental Fan","Omamori","Sozu"],"card_choices":[{"not_picked":["Skim","Go for the Eyes"],"picked":"Impulse","floor":1.0},{"not_picked":["Heatsinks","Reinforced Body"],"picked":"Glacier","floor":2.0},{"not_picked":["Rip and Tear","Steam Power"],"picked":"Go for the Eyes","floor":7.0},{"not_picked":["Cold Snap","Sweeping Beam"],"picked":"Darkness","floor":10.0},{"not_picked":["Stack","Coolheaded"],"picked":"Rebound","floor":11.0},{"not_picked":["Glacier","Melter"],"picked":"Impulse","floor":12.0},{"not_picked":["Reprogram","Axe Kick"],"picked":"Machine Learning","floor":14.0},{"not_picked":["Redo","All For One"],"picked":"Fusion","floor":16.0},{"not_picked":["Skim","Scrape"],"picked":"Capacitor","floor":18},{"not_picked":["Loop","Ball Lightning"],"picked":"Skim","floor":19}],"player_experience":295515,"potions_floor_usage":[19,20],"damage_taken":[{"damage":3.0,"enemies":"Jaw Worm","floor":1.0,"turns":4.0},{"damage":8.0,"enemies":"Small Slimes","floor":2.0,"turns":3.0},{"damage":5.0,"enemies":"Cultist","floor":4.0,"turns":4.0},{"damage":0.0,"enemies":"Blue Slaver","floor":7.0,"turns":5.0},{"damage":4.0,"enemies":"3 Sentries","floor":10.0,"turns":11.0},{"damage":15.0,"enemies":"Exordium Thugs","floor":11.0,"turns":6.0},{"damage":0.0,"enemies":"2 Fungi Beasts","floor":12.0,"turns":5.0},{"damage":8.0,"enemies":"3 Louse","floor":14.0,"turns":5.0},{"damage":0.0,"enemies":"The Guardian","floor":16.0,"turns":12.0},{"damage":2,"enemies":"Shell Parasite","floor":18,"turns":7},{"damage":27,"enemies":"2 Thieves","floor":19,"turns":5},{"damage":62,"enemies":"Chosen and Byrds","floor":20,"turns":4}],"event_choices":[{"event_name":"Living Wall","player_choice":"Forget","floor":5.0,"damage_taken":0.0}],"boss_relics":[{"not_picked":["Philosopher\u0027s Stone","Snecko Eye"],"picked":"Sozu"}],"potions_floor_spawned":[4,10,11,14,16,18,19],"seed_played":"5303821234948716333","killed_by":"Chosen and Byrds","ascension_level":0,"is_trial":false}