{"path_per_floor":["M","$","?","M","?","E","$","R","T","M","$","M","M","?","R","B",null,"M","M","M","?","$","E","?","R","T","R","M","R","?","M","R","B",null,"M","?","M","M"],"character_chosen":"IRONCLAD","items_purchased":["Anchor","Wild Strike","Blood for Blood","Girya"],"gold_per_floor":[115,115,190,208,208,249,47,47,73,86,17,42,60,160,160,280,280,295,316,332,332,34,72,72,72,72,72,92,92,92,112,112,236,236,259,259,282,301],"floor_reached":39,"campfire_rested":3,"playtime":2671,"current_hp_per_floor":[80,80,69,68,68,35,35,59,59,77,77,75,80,80,80,44,80,78,83,80,80,80,35,35,60,60,85,84,84,84,84,84,27,89,70,89,85,29],"items_purged":[],"gold":301,"play_id":"0ff3293b-334a-47a4-8d87-f3e4afe074f9","is_prod":false,"is_daily":false,"is_ascension_mode":false,"campfire_upgraded":1,"path_taken":["M","$","?","M","?","E","?","R","T","M","?","?","M","?","R","BOSS","M","M","M","?","$","E","?","R","T","R","M","R","?","?","R","BOSS","M","?","?","M","M"],"build_version":"2018-02-01-PROD3","purchased_purges":0,"victory":false,"master_deck":["Strike_R","Strike_R","Strike_R","Strike_R","Strike_R","Defend_R","Defend_R","Defend_R","Defend_R","Bash","Flex","Anger","Injury","Infernal Blade","Wild Strike","Reaper","Spot Weakness","Heavy Blade","Spot Weakness+1","Inflame","Reaper","Anger","Clothesline","Pommel Strike","Feed","Heavy Blade","Cleave+1","Armaments+1","Flex","Reaper","Iron Wave","Metallicize","Shrug It Off","Metallicize","Pommel Strike","Thunderclap","Demon Form","Heavy Blade+1","Blood for Blood+1","Disarm+1"],"max_hp_per_floor":[80,80,80,80,80,80,80,80,80,80,80,80,80,80,80,80,80,80,83,86,86,86,86,86,86,86,86,89,89,89,89,89,89,89,89,89,92,95],"relics":["Black Blood","Prayer Wheel","Golden Idol","Dream Catcher","Anchor","Orichalcum","Orrery","Girya","Oddly Smooth Stone","Torii"],"card_choices":[{"not_picked":["Headbutt","Twin Strike"],"picked":"Flex"},{"not_picked":["Uppercut","Rage"],"picked":"Anger"},{"not_picked":["Corruption","Heavy Blade"],"picked":"Infernal Blade"},{"not_picked":["Perfected Strike","Flex"],"picked":"Reaper"},{"not_picked":["Flex","Headbutt"],"picked":"Spot Weakness"},{"not_picked":["Second Wind","Metallicize"],"picked":"Heavy Blade"},{"not_picked":["Warcry","Blood for Blood"],"picked":"Spot Weakness"},{"not_picked":["Rage","Feel No Pain"],"picked":"Inflame"},{"not_picked":["Limit Break","Exhume"],"picked":"Reaper"},{"not_picked":["Body Slam","Headbutt"],"picked":"Anger"},{"not_picked":["Havoc","Perfected Strike"],"picked":"Clothesline"},{"not_picked":["Corruption","Pommel Strike"],"picked":"Sword Boomerang"},{"not_picked":["Shrug It Off","Combust"],"picked":"Pommel Strike"},{"not_picked":["Metallicize","Clash"],"picked":"Feed"},{"not_picked":["Pommel Strike","Dropkick"],"picked":"Heavy Blade"},{"not_picked":["Pummel","Combust"],"picked":"Cleave"},{"not_picked":["Immolate","Perfected Strike"],"picked":"Armaments"},{"not_picked":["True Grit","Body Slam"],"picked":"Flex"},{"not_picked":["Armaments","Feel No Pain"],"picked":"Iron Wave"},{"not_picked":["Anger","Rampage"],"picked":"Metallicize"},{"not_picked":["Body Slam","Burning Pact"],"picked":"Shrug It Off"},{"not_picked":["Shockwave","Combust"],"picked":"Metallicize"},{"not_picked":["Sword Boomerang","Offering"],"picked":"Thunderclap"},{"not_picked":["Double Tap","Brutality"],"picked":"Demon Form"},{"not_picked":["Warcry","Pummel"],"picked":"Heavy Blade"},{"not_picked":["Body Slam","Power Through"],"picked":"Blood for Blood"},{"not_picked":["Combust","Havoc"],"picked":"Disarm"}],"player_experience":93574,"potions_floor_usage":[6,19,20,20,37,39],"damage_taken":[{"damage":6,"enemies":"Jaw Worm","floor":1,"turns":4},{"damage":7,"enemies":"Small Slimes","floor":4,"turns":3},{"damage":39,"enemies":"3 Sentries","floor":6,"turns":10},{"damage":0,"enemies":"2 Louse","floor":10,"turns":2},{"damage":8,"enemies":"Exordium Wildlife","floor":12,"turns":5},{"damage":4,"enemies":"Looter","floor":13,"turns":3},{"damage":53,"enemies":"Hexaghost","floor":16,"turns":8},{"damage":8,"enemies":"Shell Parasite","floor":18,"turns":4},{"damage":4,"enemies":"Spheric Guardian","floor":19,"turns":3},{"damage":22,"enemies":"Slaver and Parasite","floor":20,"turns":6},{"damage":72,"enemies":"Book of Stabbing","floor":23,"turns":7},{"damage":10,"enemies":"Snecko","floor":28,"turns":4},{"damage":14,"enemies":"Centurion and Healer","floor":31,"turns":6},{"damage":80,"enemies":"Automaton","floor":33,"turns":10},{"damage":29,"enemies":"3 Shapes","floor":35,"turns":4},{"damage":40,"enemies":"3 Darklings","floor":37,"turns":5},{"damage":69,"enemies":"Sphere and 2 Shapes","floor":38,"turns":7}],"event_choices":[{"event_name":"World of Goop","player_choice":"Gather Gold","floor":3,"damage_taken":0},{"event_name":"Golden Idol","player_choice":"Take Wound","floor":5,"damage_taken":0},{"event_name":"Golden Shrine","player_choice":"Pray","floor":14,"damage_taken":0},{"event_name":"Drug Dealer","player_choice":"Ignored","floor":21,"damage_taken":0},{"event_name":"Duplicator","player_choice":"One dupe","floor":24,"damage_taken":0},{"event_name":"Transmorgrifier","player_choice":"Transform","floor":30,"damage_taken":0},{"event_name":"Bonfire Elementals","player_choice":"UNCOMMON","floor":36,"damage_taken":0}],"boss_relics":[{"not_picked":["Cursed Key","Astrolabe"],"picked":"Orrery"},{"not_picked":["Tiny House","Runic Cube"],"picked":"Black Blood"}],"potions_floor_spawned":[4,6,10,12,18,35,38],"seed_played":"7052452958702692482","killed_by":"4 Shapes","ascension_level":0,"is_trial":false}