{"gold_per_floor":[113,131,30,30,50,50,85,97,109,121,133,145,191,220,232,244],"floor_reached":16,"playtime":267,"items_purged":[],"score":216,"play_id":"182d8509-f243-47e5-a608-3f33b47c93a2","local_time":"20190326202324","is_ascension_mode":true,"campfire_choices":[{"data":"Carnage","floor":6,"key":"SMITH"},{"data":"Discovery","floor":8,"key":"SMITH"},{"data":"Bash","floor":10,"key":"SMITH"},{"data":"Armaments","floor":15,"key":"SMITH"}],"neow_cost":"NONE","seed_source_timestamp":178129449124400,"circlet_count":0,"master_deck":["AscendersBane","Strike_R","Strike_R","Strike_R","Strike_R","Strike_R","Defend_R+1","Defend_R+1","Defend_R","Defend_R","Bash+1","Shrug It Off","Carnage+1","Discovery+1","Armaments+1","True Grit"],"relics":["Burning Blood","NeowsBlessing","Shuriken","MawBank","War Paint"],"potions_floor_usage":[13,16],"damage_taken":[{"damage":0,"enemies":"Small Slimes","floor":1,"turns":1},{"damage":0,"enemies":"Cultist","floor":2,"turns":1},{"damage":0,"enemies":"2 Louse","floor":5,"turns":1},{"damage":25,"enemies":"Lagavulin","floor":7,"turns":6},{"damage":8,"enemies":"Gremlin Nob","floor":13,"turns":3},{"damage":26,"enemies":"Lots of Slimes","floor":14,"turns":5},{"damage":26,"enemies":"Hexaghost","floor":16,"turns":9}],"seed_played":"4428366977854773987","potions_obtained":[{"floor":2,"key":"FearPotion"},{"floor":5,"key":"Swift Potion"},{"floor":12,"key":"Explosive Potion"}],"is_trial":false,"path_per_floor":["M","M","$","?","M","R","E","R","T","R","$","?","E","M","R","B"],"character_chosen":"IRONCLAD","items_purchased":["Discovery"],"campfire_rested":0,"item_purchase_floors":[3],"current_hp_per_floor":[74,75,75,75,75,75,56,56,56,56,56,56,54,34,34,8],"gold":244,"neow_bonus":"THREE_ENEMY_KILL","is_prod":false,"is_daily":false,"chose_seed":false,"campfire_upgraded":4,"win_rate":0,"timestamp":1553599404,"path_taken":["M","M","$","?","M","R","E","R","T","R","?","?","E","M","R","BOSS"],"build_version":"2019-01-23","purchased_purges":0,"victory":false,"max_hp_per_floor":[75,75,75,75,75,75,75,75,75,75,75,75,75,75,75,75],"card_choices":[{"not_picked":["Headbutt","Clash"],"picked":"Shrug It Off","floor":1},{"not_picked":["Uppercut","Pummel"],"picked":"Carnage","floor":2},{"not_picked":["Clash","Wild Strike","Iron Wave"],"picked":"SKIP","floor":5},{"not_picked":["Havoc","Thunderclap","Burning Pact"],"picked":"SKIP","floor":7},{"not_picked":["Havoc","Thunderclap","Burning Pact"],"picked":"SKIP","floor":7},{"not_picked":["Clash","Uppercut"],"picked":"Armaments","floor":13},{"not_picked":["Pummel","Warcry"],"picked":"True Grit","floor":14}],"player_experience":2613092,"relics_obtained":[{"floor":7,"key":"MawBank"},{"floor":13,"key":"War Paint"}],"event_choices":[{"damage_healed":0,"gold_gain":0,"player_choice":"Gave Potion","damage_taken":0,"relics_obtained":["Shuriken"],"max_hp_gain":0,"max_hp_loss":0,"event_name":"WeMeetAgain","floor":4,"gold_loss":0},{"damage_healed":0,"gold_gain":0,"player_choice":"Got Potions","damage_taken":0,"max_hp_gain":0,"max_hp_loss":0,"event_name":"Lab","floor":12,"gold_loss":0}],"is_beta":false,"boss_relics":[],"items_purged_floors":[],"is_endless":false,"potions_floor_spawned":[2,5],"killed_by":"Hexaghost","ascension_level":20}