{"path_per_floor":["M","?","M","?","?","E","R","E","T","R","E","M","E","$","R","B",null,"M","?","M","M","?","E","M","?","T","M","?","T","E","?","R","B",null,"M","$","?","?","$","E","M","?","T","R","M","R","M","M","R"],"character_chosen":"THE_SILENT","items_purchased":["Apotheosis","Calipers","Leg Sweep","Girya","Regen Potion"],"gold_per_floor":[119,119,136,136,136,175,175,215,215,215,250,268,309,40,40,160,160,181,181,199,212,212,246,259,298,298,314,314,314,350,550,550,671,671,696,327,327,549,89,127,150,219,219,219,243,243,258,271,271],"floor_reached":50,"campfire_rested":1,"playtime":5380,"current_hp_per_floor":[63,63,63,50,35,23,23,31,31,31,22,22,15,15,15,8,60,59,59,52,40,40,41,41,41,41,41,41,41,38,38,61,56,72,72,72,72,72,72,65,61,61,61,61,63,63,58,58,58],"items_purged":["Strike_G","Defend_G"],"gold":271,"score":695,"play_id":"bed09069-7895-4bed-9354-8268e77480f9","local_time":"20180308011950","is_prod":false,"is_daily":false,"is_ascension_mode":true,"campfire_upgraded":3,"timestamp":1520443190,"path_taken":["M","?","M","?","?","E","R","E","T","R","E","M","E","$","R","BOSS","M","?","M","M","?","E","M","?","T","M","?","?","E","?","R","BOSS","M","$","?","?","$","E","M","?","T","R","M","R","M","M","R","BOSS"],"build_version":"2018-03-06-BETA","purchased_purges":4,"victory":false,"master_deck":["Defend_G","Defend_G","Survivor","Neutralize+1","Skewer+1","Die Die Die+1","Backstab+1","Well Laid Plans+1","Flying Knee","Tactician","Apotheosis+1","Tools of the Trade+1","Dagger Spray","Backflip","A Thousand Cuts+1","Cloak And Dagger","Finisher","PiercingWail+1","Envenom+1","Glass Knife","Burst","Storm of Steel+1","Skewer+1","Phantasmal Killer+1","Catalyst","Leg Sweep","Outmaneuver+1","Cloak And Dagger+1","Bane+1"],"max_hp_per_floor":[63,63,63,63,63,63,63,77,77,77,77,77,77,77,77,77,77,77,77,77,77,77,77,77,77,77,77,77,77,77,77,77,77,77,77,77,77,77,77,77,79,79,79,79,81,81,83,83,83],"relics":["Ring of the Snake","Golden Idol","Frozen Egg 2","Mango","Juzu Bracelet","Bottled Flame","Tough Bandages","Orrery","Bag of Marbles","Red Mask","Oddly Smooth Stone","Singing Bowl","Gambling Chip","Thread and Needle","Astrolabe","Calipers","Girya","Ancient Tea Set","Tingsha","Ninja Scroll"],"card_choices":[{"not_picked":["Eviscerate","Dagger Spray"],"picked":"Backstab"},{"not_picked":["Choke","Flying Knee"],"picked":"Well Laid Plans"},{"not_picked":["PiercingWail","Quick Slash"],"picked":"Flying Knee"},{"not_picked":["Quick Slash","Backstab"],"picked":"Tactician"},{"not_picked":["Tactician","Die Die Die"],"picked":"Tools of the Trade"},{"not_picked":["Flying Knee","Deadly Poison"],"picked":"Dagger Spray"},{"not_picked":["Infinite Blades","Blade Dance"],"picked":"Backflip"},{"not_picked":["Blur","Flying Knee"],"picked":"A Thousand Cuts"},{"not_picked":["Flying Knee","Expertise"],"picked":"Cloak And Dagger"},{"not_picked":["Prepared","Dagger Spray"],"picked":"Finisher"},{"not_picked":["Deflect","Underhanded Strike"],"picked":"PiercingWail"},{"not_picked":["Flying Knee","Poisoned Stab"],"picked":"Envenom"},{"not_picked":["Dash","Skewer"],"picked":"Quick Slash"},{"not_picked":["Quick Slash","Sucker Punch"],"picked":"Glass Knife"},{"not_picked":["Tools of the Trade","Bullet Time"],"picked":"Burst"},{"not_picked":["All Out Attack","Cloak And Dagger"],"picked":"Catalyst"},{"not_picked":["Setup","Prepared"],"picked":"Outmaneuver"},{"not_picked":["Sucker Punch","Wraith Form"],"picked":"Cloak And Dagger"},{"not_picked":["Dagger Spray","Dodge and Roll"],"picked":"Bane"}],"player_experience":173633,"potions_floor_usage":[6,13,23,25,30,47,50,50,50],"damage_taken":[{"damage":0,"enemies":"2 Louse","floor":1,"turns":2},{"damage":0,"enemies":"Jaw Worm","floor":3,"turns":2},{"damage":12,"enemies":"Lagavulin","floor":6,"turns":8},{"damage":6,"enemies":"Gremlin Nob","floor":8,"turns":3},{"damage":9,"enemies":"3 Sentries","floor":11,"turns":4},{"damage":0,"enemies":"Cultist","floor":12,"turns":2},{"damage":7,"enemies":"Lagavulin","floor":13,"turns":6},{"damage":7,"enemies":"The Guardian","floor":16,"turns":8},{"damage":1,"enemies":"Spheric Guardian","floor":18,"turns":3},{"damage":7,"enemies":"Shell Parasite","floor":20,"turns":4},{"damage":12,"enemies":"Centurion and Healer","floor":21,"turns":5},{"damage":14,"enemies":"Book of Stabbing","floor":23,"turns":7},{"damage":0,"enemies":"Chosen and Byrds","floor":24,"turns":5},{"damage":0,"enemies":"Masked Bandits","floor":25,"turns":2},{"damage":0,"enemies":"Snake Plant","floor":27,"turns":3},{"damage":3,"enemies":"Gremlin Leader","floor":30,"turns":5},{"damage":5,"enemies":"Champ","floor":33,"turns":10},{"damage":0,"enemies":"3 Shapes","floor":35,"turns":3},{"damage":7,"enemies":"Giant Head","floor":40,"turns":7},{"damage":6,"enemies":"3 Darklings","floor":41,"turns":4},{"damage":0,"enemies":"Mysterious Sphere","floor":42,"turns":4},{"damage":0,"enemies":"Spire Growth","floor":45,"turns":2},{"damage":7,"enemies":"Maw","floor":47,"turns":3},{"damage":0,"enemies":"4 Shapes","floor":48,"turns":5},{"damage":75,"enemies":"Awakened One","floor":50,"turns":5}],"event_choices":[{"event_name":"Living Wall","player_choice":"Grow","floor":2,"damage_taken":0},{"event_name":"Shining Light","player_choice":"Entered Light","floor":4,"damage_taken":0},{"event_name":"Golden Idol","player_choice":"Take Damage","floor":5,"damage_taken":0},{"event_name":"Drug Dealer","player_choice":"Ignored","floor":19,"damage_taken":0},{"event_name":"Back to Basics","player_choice":"Elegance","floor":22,"damage_taken":0},{"event_name":"Masked Bandits","player_choice":"Fought over 259 gold","floor":25,"damage_taken":0},{"event_name":"The Mausoleum","player_choice":"Yes","floor":28,"damage_taken":0},{"event_name":"The Joust","player_choice":"Bet on Owner","floor":31,"damage_taken":0},{"event_name":"Tomb of Lord Red Mask","player_choice":"Wore Mask","floor":38,"damage_taken":0},{"event_name":"Mysterious Sphere","player_choice":"Fight","floor":42,"damage_taken":0}],"boss_relics":[{"not_picked":["Calling Bell","Ectoplasm"],"picked":"Orrery"},{"not_picked":["Eternal Feather","Runic Pyramid"],"picked":"Astrolabe"}],"potions_floor_spawned":[1,11,16,20,21,24,25,33,40,45,47,48],"seed_played":"-492552933346582890","killed_by":"Awakened One","ascension_level":5,"is_trial":false}