{"gold_per_floor":[112,32,182,182,138,138,150,181,205,205,205,220,230,255,255,327,327,341,357,272,114,114,114,114],"floor_reached":24,"playtime":716,"items_purged":["Strike_B"],"score":454,"play_id":"898b41db-c221-4b85-946c-d0518972fb01","local_time":"20190307125507","is_ascension_mode":true,"campfire_choices":[{"data":"Consume","floor":6,"key":"SMITH"},{"data":"Defend_B","floor":10,"key":"PURGE"},{"data":"Defend_B","floor":15,"key":"PURGE"},{"data":"Capacitor","floor":23,"key":"SMITH"}],"neow_cost":"NONE","seed_source_timestamp":213330298411100,"circlet_count":0,"master_deck":["AscendersBane","Strike_B","Strike_B","Strike_B","Defend_B","Defend_B","Zap","Dualcast","Consume+1","Capacitor+1","Coolheaded","Cold Snap","Coolheaded","Gash","Biased Cognition","Sunder","Necronomicurse"],"relics":["Cracked Core","NeowsBlessing","Peace Pipe","Lantern","Dodecahedron","Blood Vial","Coffee Dripper","Emotion Chip","Necronomicon"],"potions_floor_usage":[19,24],"damage_taken":[{"damage":0,"enemies":"Jaw Worm","floor":1,"turns":1},{"damage":0,"enemies":"Small Slimes","floor":7,"turns":1},{"damage":0,"enemies":"Lagavulin","floor":8,"turns":1},{"damage":0,"enemies":"2 Louse","floor":12,"turns":3},{"damage":6,"enemies":"Blue Slaver","floor":13,"turns":5},{"damage":10,"enemies":"3 Sentries","floor":14,"turns":8},{"damage":31,"enemies":"Hexaghost","floor":16,"turns":12},{"damage":9,"enemies":"Shell Parasite","floor":18,"turns":8},{"damage":19,"enemies":"2 Thieves","floor":19,"turns":5},{"damage":4,"enemies":"Book of Stabbing","floor":24,"turns":2}],"seed_played":"-6967983739109137366","potions_obtained":[{"floor":1,"key":"Energy Potion"},{"floor":8,"key":"SpeedPotion"},{"floor":16,"key":"SkillPotion"}],"is_trial":false,"path_per_floor":["M","$","?","?","$","R","M","E","T","R","T","M","M","E","R","B",null,"M","M","?","$","?","R","E"],"character_chosen":"DEFECT","items_purchased":["Consume","Capacitor","Regen Potion"],"campfire_rested":0,"item_purchase_floors":[2,5,21],"current_hp_per_floor":[64,64,64,57,57,57,57,57,57,57,57,57,51,41,41,12,56,49,32,32,32,11,11,14],"gold":114,"neow_bonus":"THREE_ENEMY_KILL","is_prod":false,"is_daily":false,"chose_seed":false,"campfire_upgraded":2,"win_rate":0,"timestamp":1551930907,"path_taken":["M","$","?","?","?","R","M","E","T","R","?","?","M","E","R","BOSS","M","M","?","$","?","R","E"],"build_version":"2019-01-23","purchased_purges":1,"victory":false,"max_hp_per_floor":[71,71,71,71,71,71,71,71,71,71,71,71,71,71,71,71,71,71,71,71,71,71,71,71],"card_choices":[{"not_picked":["Storm","Rebound","Static Discharge"],"picked":"SKIP","floor":1},{"not_picked":["Go for the Eyes","Steam"],"picked":"Coolheaded","floor":7},{"not_picked":["Steam","Barrage"],"picked":"Cold Snap","floor":8},{"not_picked":["Scrape","Skim"],"picked":"Coolheaded","floor":12},{"not_picked":["FTL","Reinforced Body","Turbo"],"picked":"SKIP","floor":13},{"not_picked":["Tempest","Compile Driver"],"picked":"Gash","floor":14},{"not_picked":["Hyperbeam","Thunder Strike"],"picked":"Biased Cognition","floor":16},{"not_picked":["Darkness","Barrage","Hologram"],"picked":"SKIP","floor":18},{"not_picked":["Tempest","Sweeping Beam"],"picked":"Sunder","floor":19}],"player_experience":2043790,"relics_obtained":[{"floor":8,"key":"Peace Pipe"},{"floor":9,"key":"Lantern"},{"floor":11,"key":"Dodecahedron"},{"floor":14,"key":"Blood Vial"},{"floor":22,"key":"Necronomicon"}],"event_choices":[{"damage_healed":0,"gold_gain":150,"player_choice":"AGREE","damage_taken":0,"max_hp_gain":0,"max_hp_loss":0,"event_name":"Liars Game","floor":3,"gold_loss":0,"cards_obtained":["Doubt"]},{"cards_removed":["Doubt"],"damage_healed":0,"gold_gain":0,"player_choice":"Card Removal","damage_taken":7,"max_hp_gain":0,"max_hp_loss":0,"event_name":"Golden Wing","floor":4,"gold_loss":0},{"damage_healed":0,"gold_gain":0,"player_choice":"Obtained Relic","damage_taken":0,"relics_obtained":["Emotion Chip"],"max_hp_gain":0,"max_hp_loss":0,"event_name":"Addict","floor":20,"gold_loss":85},{"damage_healed":0,"gold_gain":0,"player_choice":"Obtained Book","damage_taken":21,"max_hp_gain":0,"max_hp_loss":0,"event_name":"Cursed Tome","floor":22,"gold_loss":0}],"is_beta":false,"boss_relics":[{"not_picked":["Tiny House","White Beast Statue"],"picked":"Coffee Dripper"}],"items_purged_floors":[21],"is_endless":false,"potions_floor_spawned":[1,8,16],"killed_by":"Book of Stabbing","ascension_level":20}