{"gold_per_floor":[140,165,165,240,264,308,308,324,324,123,123,123,154,169,169,267,267,288,307,252,268,31,31,31],"floor_reached":24,"playtime":808,"items_purged":["Strike_B"],"score":408,"play_id":"08312181-1265-4503-9e9a-27a4e78a1a30","local_time":"20190309211553","is_ascension_mode":true,"campfire_choices":[{"data":"Consume","floor":7,"key":"SMITH"},{"floor":11,"key":"REST"},{"data":"Loop","floor":15,"key":"SMITH"},{"floor":23,"key":"REST"}],"neow_cost":"NONE","seed_source_timestamp":39297034903000,"circlet_count":0,"master_deck":["AscendersBane","Strike_B+1","Strike_B+1","Defend_B","Defend_B","Zap","Dualcast","Consume+1","FTL","Reinforced Body","Cold Snap","Loop+1","White Noise","Double Energy","Coolheaded","Echo Form","Conserve Battery+1","Chaos+1","Amplify+1","Gash","Turbo+1","Buffer"],"relics":["Cracked Core","Tiny Chest","Whetstone","Golden Idol","The Courier","Bottled Lightning","Bag of Preparation","Astrolabe","Mummified Hand","OrangePellets"],"potions_floor_usage":[6,13,16,21],"damage_taken":[{"damage":1,"enemies":"Cultist","floor":1,"turns":3},{"damage":2,"enemies":"2 Louse","floor":5,"turns":3},{"damage":20,"enemies":"Lagavulin","floor":6,"turns":5},{"damage":12,"enemies":"Small Slimes","floor":8,"turns":3},{"damage":8,"enemies":"Gremlin Nob","floor":13,"turns":4},{"damage":3,"enemies":"Blue Slaver","floor":14,"turns":3},{"damage":20,"enemies":"Slime Boss","floor":16,"turns":10},{"damage":31,"enemies":"Chosen","floor":18,"turns":4},{"damage":8,"enemies":"Shell Parasite","floor":19,"turns":10},{"damage":9,"enemies":"Cultist and Chosen","floor":21,"turns":7},{"damage":21,"enemies":"Gremlin Leader","floor":24,"turns":6}],"seed_played":"7278650708572514560","potions_obtained":[{"floor":1,"key":"PowerPotion"},{"floor":5,"key":"Weak Potion"},{"floor":13,"key":"EssenceOfSteel"},{"floor":18,"key":"SkillPotion"}],"is_trial":false,"path_per_floor":["M","T","?","?","M","E","R","M","T","$","R","?","E","M","R","B",null,"M","M","?","M","$","R","E"],"character_chosen":"DEFECT","items_purchased":["Loop","White Noise","OrangePellets","Buffer"],"campfire_rested":2,"item_purchase_floors":[10,10,22,22],"current_hp_per_floor":[63,63,63,52,50,30,30,18,18,18,37,37,29,26,26,6,50,19,11,11,2,2,21,0],"gold":31,"neow_bonus":"RANDOM_COMMON_RELIC","is_prod":false,"is_daily":false,"chose_seed":false,"campfire_upgraded":2,"win_rate":0,"timestamp":1552133753,"path_taken":["M","?","?","?","M","E","R","M","T","?","R","?","E","M","R","BOSS","M","M","?","M","?","R","E"],"build_version":"2019-01-23","purchased_purges":1,"victory":false,"max_hp_per_floor":[71,71,64,64,64,64,64,64,64,64,64,64,64,64,64,64,64,64,64,64,64,64,64,64],"card_choices":[{"not_picked":["Sweeping Beam","Skim"],"picked":"Consume","floor":1},{"not_picked":["Tempest","Scrape"],"picked":"FTL","floor":5},{"not_picked":["Storm","Rebound"],"picked":"Reinforced Body","floor":6},{"not_picked":["Reinforced Body","Redo"],"picked":"Cold Snap","floor":8},{"not_picked":["Compile Driver","Sweeping Beam"],"picked":"Double Energy","floor":13},{"not_picked":["Sweeping Beam","Hologram"],"picked":"Coolheaded","floor":14},{"not_picked":["Machine Learning","Creative AI"],"picked":"Echo Form","floor":16},{"not_picked":["Rebound","Aggregate"],"picked":"Gash","floor":18},{"not_picked":["Rebound","Ball Lightning+1"],"picked":"Turbo+1","floor":19},{"not_picked":["Lockon+1","Go for the Eyes","Streamline"],"picked":"SKIP","floor":21}],"player_experience":2112387,"relics_obtained":[{"floor":2,"key":"Whetstone"},{"floor":6,"key":"The Courier"},{"floor":9,"key":"Bottled Lightning"},{"floor":13,"key":"Bag of Preparation"}],"event_choices":[{"damage_healed":0,"gold_gain":0,"player_choice":"Lose Max HP","damage_taken":0,"relics_obtained":["Golden Idol"],"max_hp_gain":0,"max_hp_loss":7,"event_name":"Golden Idol","floor":3,"gold_loss":0},{"damage_healed":0,"gold_gain":75,"player_choice":"Gather Gold","damage_taken":11,"max_hp_gain":0,"max_hp_loss":0,"event_name":"World of Goop","floor":4,"gold_loss":0},{"damage_healed":0,"gold_gain":0,"player_choice":"Ignored","damage_taken":0,"max_hp_gain":0,"max_hp_loss":0,"event_name":"Shining Light","floor":12,"gold_loss":0},{"damage_healed":0,"gold_gain":0,"player_choice":"Paid Gold","damage_taken":0,"relics_obtained":["Mummified Hand"],"max_hp_gain":0,"max_hp_loss":0,"event_name":"WeMeetAgain","floor":20,"gold_loss":55}],"is_beta":false,"boss_relics":[{"not_picked":["Ectoplasm","Busted Crown"],"picked":"Astrolabe"}],"items_purged_floors":[10],"is_endless":false,"potions_floor_spawned":[1,5,13,18],"killed_by":"Gremlin Leader","ascension_level":20}