{"gold_per_floor":[118,30,30,45,120,179,198,198,222,253,123,153,153,153,153,228,228,243,243,256,33,33,63,75,87,99,111,137,165,177,189,201,213],"floor_reached":33,"playtime":960,"items_purged":["Strike_B"],"score":608,"play_id":"365408c0-dbf5-4a86-9b71-6d921f3ffc4e","local_time":"20190314232944","is_ascension_mode":true,"campfire_choices":[{"data":"Sunder","floor":8,"key":"SMITH"},{"floor":15,"key":"REST"},{"floor":25,"key":"REST"},{"data":"Capacitor","floor":27,"key":"SMITH"},{"floor":32,"key":"REST"}],"neow_cost":"NONE","seed_source_timestamp":47647331161900,"circlet_count":0,"master_deck":["AscendersBane","Strike_B","Strike_B","Defend_B","Defend_B","Defend_B","Defend_B","Zap","Dualcast","Sunder+1","Capacitor+1","Cold Snap","White Noise","Coolheaded","White Noise","Electrodynamics","Necronomicurse","Whirlwind","Discovery","Ghostly","Ghostly","Ghostly"],"relics":["FrozenCore","NeowsBlessing","Tiny Chest","Regal Pillow","Smiling Mask","Anchor","Necronomicon","PrismaticShard","MawBank","FaceOfCleric","Kunai","Lantern"],"potions_floor_usage":[10,12,12],"damage_taken":[{"damage":0,"enemies":"2 Louse","floor":1,"turns":1},{"damage":0,"enemies":"Jaw Worm","floor":4,"turns":1},{"damage":0,"enemies":"Lagavulin","floor":6,"turns":1},{"damage":7,"enemies":"Small Slimes","floor":7,"turns":3},{"damage":26,"enemies":"Gremlin Nob","floor":10,"turns":4},{"damage":9,"enemies":"3 Sentries","floor":12,"turns":8},{"damage":24,"enemies":"The Guardian","floor":16,"turns":15},{"damage":21,"enemies":"Shell Parasite","floor":18,"turns":11},{"damage":0,"enemies":"Spheric Guardian","floor":20,"turns":1},{"damage":18,"enemies":"Book of Stabbing","floor":23,"turns":7},{"damage":25,"enemies":"Shelled Parasite and Fungi","floor":28,"turns":9},{"damage":9,"enemies":"Snecko","floor":29,"turns":5},{"damage":42,"enemies":"Automaton","floor":33,"turns":6}],"seed_played":"7675793564389514388","potions_obtained":[{"floor":1,"key":"Swift Potion"},{"floor":12,"key":"Fruit Juice"},{"floor":28,"key":"Explosive Potion"}],"is_trial":false,"path_per_floor":["M","$","?","M","?","E","M","R","T","E","$","E","?","?","R","B",null,"M","?","M","$","?","E","?","R","T","R","M","M","T","?","R","B"],"character_chosen":"DEFECT","items_purchased":["Capacitor","Coolheaded","SteroidPotion","PrismaticShard"],"campfire_rested":3,"item_purchase_floors":[2,11,11,21],"current_hp_per_floor":[64,64,64,64,53,53,46,46,46,20,20,16,16,16,53,29,64,43,22,22,22,22,4,4,41,41,41,17,9,9,9,35,0],"gold":213,"neow_bonus":"THREE_ENEMY_KILL","is_prod":false,"is_daily":false,"chose_seed":false,"campfire_upgraded":2,"win_rate":0,"timestamp":1552573784,"path_taken":["M","$","?","M","?","E","M","R","T","E","?","E","?","?","R","BOSS","M","?","M","$","?","E","?","R","T","R","?","M","?","?","R","BOSS"],"build_version":"2019-01-23","purchased_purges":1,"victory":false,"max_hp_per_floor":[71,71,71,71,71,71,71,71,71,71,71,76,76,76,76,76,76,76,76,76,76,76,76,76,76,76,76,77,78,78,39,39,39],"card_choices":[{"not_picked":["BootSequence","Rebound"],"picked":"Sunder","floor":1},{"not_picked":["Rebound","Melter","Force Field"],"picked":"SKIP","floor":4},{"not_picked":["Capacitor","Meteor Strike"],"picked":"Cold Snap","floor":6},{"not_picked":["Leap","Barrage","Stack"],"picked":"SKIP","floor":7},{"not_picked":["Force Field","Multi-Cast"],"picked":"White Noise","floor":10},{"not_picked":["Redo","Heatsinks","Steam"],"picked":"SKIP","floor":12},{"not_picked":["Thunder Strike","Hyperbeam"],"picked":"Electrodynamics","floor":16},{"not_picked":["Sweeping Beam","Heatsinks","Compile Driver"],"picked":"SKIP","floor":18},{"not_picked":["Gash","Go for the Eyes","Rebound+1"],"picked":"SKIP","floor":20},{"not_picked":["Trip","Sword Boomerang","Clothesline"],"picked":"SKIP","floor":23},{"not_picked":["Deadly Poison","Carnage+1"],"picked":"Whirlwind","floor":28},{"not_picked":["Coolheaded","Disarm"],"picked":"Discovery","floor":29}],"player_experience":2278721,"relics_obtained":[{"floor":6,"key":"Tiny Chest"},{"floor":9,"key":"Regal Pillow"},{"floor":10,"key":"Smiling Mask"},{"floor":12,"key":"Anchor"},{"floor":19,"key":"Necronomicon"},{"floor":23,"key":"MawBank"},{"floor":26,"key":"Kunai"},{"floor":30,"key":"Lantern"}],"event_choices":[{"damage_healed":0,"gold_gain":0,"player_choice":"Leave","damage_taken":0,"max_hp_gain":0,"max_hp_loss":0,"event_name":"The Cleric","floor":3,"gold_loss":0},{"damage_healed":0,"gold_gain":75,"player_choice":"Gather Gold","damage_taken":11,"max_hp_gain":0,"max_hp_loss":0,"event_name":"World of Goop","floor":5,"gold_loss":0},{"damage_healed":0,"gold_gain":0,"player_choice":"Ignored","damage_taken":0,"max_hp_gain":0,"max_hp_loss":0,"event_name":"Liars Game","floor":13,"gold_loss":0},{"damage_healed":0,"gold_gain":0,"cards_transformed":["Strike_B"],"player_choice":"Change","damage_taken":0,"max_hp_gain":0,"max_hp_loss":0,"event_name":"Living Wall","floor":14,"gold_loss":0,"cards_obtained":["White Noise"]},{"damage_healed":0,"gold_gain":0,"player_choice":"Obtained Book","damage_taken":21,"max_hp_gain":0,"max_hp_loss":0,"event_name":"Cursed Tome","floor":19,"gold_loss":0},{"damage_healed":0,"gold_gain":0,"player_choice":"Ignored","damage_taken":0,"max_hp_gain":0,"max_hp_loss":0,"event_name":"Vampires","floor":22,"gold_loss":0},{"damage_healed":0,"gold_gain":0,"player_choice":"Trade","damage_taken":0,"relics_obtained":["FaceOfCleric"],"max_hp_gain":0,"max_hp_loss":0,"event_name":"FaceTrader","floor":24,"gold_loss":0},{"damage_healed":0,"gold_gain":0,"player_choice":"Became a Ghost","damage_taken":0,"max_hp_gain":0,"max_hp_loss":39,"event_name":"Ghosts","floor":31,"gold_loss":0,"cards_obtained":["Ghostly","Ghostly","Ghostly"]}],"is_beta":false,"boss_relics":[{"not_picked":["Orrery","Lizard Tail"],"picked":"FrozenCore"}],"items_purged_floors":[11],"is_endless":false,"potions_floor_spawned":[1,12,28],"killed_by":"Automaton","ascension_level":20}