{"gold_per_floor":[115,80,97,110,129,129,158,28,73,73,104,104],"floor_reached":12,"playtime":445,"items_purged":[],"score":167,"play_id":"bc8a5bf2-7f7f-43a2-886c-3c19a3df5274","local_time":"20190312192524","is_ascension_mode":true,"campfire_choices":[{"floor":6,"key":"REST"}],"neow_cost":"NONE","seed_source_timestamp":613269609122872,"circlet_count":0,"master_deck":["AscendersBane","Strike_B","Strike_B","Strike_B","Strike_B","Defend_B","Defend_B","Defend_B","Defend_B","Zap","Dualcast","Meteor Strike","Redo","Static Discharge","Steam","Ball Lightning","Darkness","Capacitor"],"relics":["Cracked Core","Pear","Potion Belt","Boot"],"potions_floor_usage":[7,11,11,12],"damage_taken":[{"damage":0,"enemies":"2 Louse","floor":1,"turns":2},{"damage":2,"enemies":"Small Slimes","floor":3,"turns":4},{"damage":2,"enemies":"Cultist","floor":4,"turns":4},{"damage":8,"enemies":"Red Slaver","floor":5,"turns":3},{"damage":34,"enemies":"3 Sentries","floor":7,"turns":6},{"damage":39,"enemies":"Gremlin Nob","floor":11,"turns":4},{"damage":10,"enemies":"Gremlin Gang","floor":12,"turns":1}],"seed_played":"-6542480617249812118","potions_obtained":[{"floor":5,"key":"Block Potion"},{"floor":7,"key":"SneckoOil"},{"floor":11,"key":"Poison Potion"}],"is_trial":false,"path_per_floor":["M","?","M","M","M","R","E","$","T","?","E","M"],"character_chosen":"DEFECT","items_purchased":["SkillPotion","Capacitor"],"campfire_rested":1,"item_purchase_floors":[8,8],"current_hp_per_floor":[64,71,69,67,59,71,47,47,47,47,8,0],"gold":104,"neow_bonus":"ONE_RANDOM_RARE_CARD","is_prod":false,"is_daily":false,"chose_seed":false,"campfire_upgraded":0,"win_rate":0,"timestamp":1552411524,"path_taken":["M","?","M","M","M","R","E","$","T","?","E","M"],"build_version":"2019-01-23","purchased_purges":0,"victory":false,"max_hp_per_floor":[71,71,71,71,71,71,81,81,81,81,81,81],"card_choices":[{"not_picked":["Compile Driver","Fusion"],"picked":"Redo","floor":1},{"not_picked":["Stack","Chaos"],"picked":"Static Discharge","floor":3},{"not_picked":["Compile Driver","Streamline"],"picked":"Steam","floor":4},{"not_picked":["Consume","Steam"],"picked":"Ball Lightning","floor":5},{"not_picked":["Streamline","Rebound"],"picked":"Darkness","floor":7},{"not_picked":["Coolheaded","Rebound","Consume"],"picked":"SKIP","floor":11}],"player_experience":1087994,"relics_obtained":[{"floor":7,"key":"Pear"},{"floor":9,"key":"Potion Belt"},{"floor":11,"key":"Boot"}],"event_choices":[{"damage_healed":17,"gold_gain":0,"player_choice":"Healed","damage_taken":0,"max_hp_gain":0,"max_hp_loss":0,"event_name":"The Cleric","floor":2,"gold_loss":35},{"damage_healed":0,"gold_gain":0,"player_choice":"Ignored","damage_taken":0,"max_hp_gain":0,"max_hp_loss":0,"event_name":"Purifier","floor":10,"gold_loss":0}],"is_beta":false,"boss_relics":[],"items_purged_floors":[],"is_endless":false,"potions_floor_spawned":[5,7,11],"killed_by":"Gremlin Gang","ascension_level":18}