{"gold_per_floor":[115,115,128,48,60,60,88,101,101,66,66,66,80,94,94,165,165,181,46,43,43,43,43,53,53,53,53,66,66,85,85,97,109],"floor_reached":33,"playtime":1837,"items_purged":[],"score":482,"play_id":"4c450921-4626-498d-8925-a485c047abeb","local_time":"20190423190127","is_ascension_mode":true,"campfire_choices":[{"data":"Defragment","floor":6,"key":"SMITH"},{"data":"Compile Driver","floor":11,"key":"SMITH"},{"floor":15,"key":"REST"},{"floor":23,"key":"REST"},{"floor":25,"key":"REST"},{"data":"White Noise","floor":27,"key":"SMITH"},{"floor":29,"key":"REST"},{"data":"Fission","floor":32,"key":"SMITH"}],"neow_cost":"NONE","seed_source_timestamp":1040881555389704,"circlet_count":0,"master_deck":["AscendersBane","Strike_B","Strike_B","Strike_B","Strike_B","Defend_B","Defend_B","Defend_B","Defend_B","Zap","Dualcast","Conserve Battery","Conserve Battery","Defragment+1","Compile Driver+1","Machine Learning","Redo+1","Cold Snap","Fission+1","White Noise+1","Hello World","Cold Snap","Cold Snap","Necronomicurse","Self Repair+1","Leap+1","Conserve Battery"],"relics":["Cracked Core","Centennial Puzzle","Peace Pipe","Bottled Flame","Nuclear Battery","Necronomicon","Meat on the Bone","MawBank"],"potions_floor_usage":[7,16,24,30],"damage_taken":[{"damage":2,"enemies":"Jaw Worm","floor":1,"turns":3},{"damage":0,"enemies":"2 Louse","floor":3,"turns":3},{"damage":0,"enemies":"Small Slimes","floor":5,"turns":4},{"damage":8,"enemies":"Gremlin Nob","floor":7,"turns":3},{"damage":5,"enemies":"Blue Slaver","floor":8,"turns":5},{"damage":0,"enemies":"2 Fungi Beasts","floor":13,"turns":3},{"damage":14,"enemies":"3 Louse","floor":14,"turns":4},{"damage":24,"enemies":"The Guardian","floor":16,"turns":10},{"damage":12,"enemies":"Spheric Guardian","floor":18,"turns":4},{"damage":25,"enemies":"2 Thieves","floor":20,"turns":5},{"damage":2,"enemies":"Snecko","floor":24,"turns":5},{"damage":18,"enemies":"Cultist and Chosen","floor":28,"turns":7},{"damage":13,"enemies":"Centurion and Healer","floor":30,"turns":9},{"damage":88,"enemies":"Collector","floor":33,"turns":8}],"seed_played":"3667761430208127587","potions_obtained":[{"floor":1,"key":"FearPotion"},{"floor":5,"key":"FearPotion"},{"floor":13,"key":"FocusPotion"},{"floor":14,"key":"Ancient Potion"},{"floor":20,"key":"Fire Potion"}],"is_trial":false,"path_per_floor":["M","?","M","$","M","R","E","M","T","?","R","?","M","M","R","B",null,"M","$","M","?","?","R","M","R","T","R","M","R","M","T","R","B"],"character_chosen":"DEFECT","items_purchased":["Defragment","Hello World","Cold Snap"],"campfire_rested":4,"item_purchase_floors":[4,19,19],"current_hp_per_floor":[62,67,67,67,67,67,59,54,54,73,73,73,73,59,76,52,70,58,58,33,48,27,49,47,69,69,69,61,76,73,73,73,0],"gold":109,"neow_bonus":"RANDOM_COMMON_RELIC","is_prod":false,"is_daily":false,"chose_seed":false,"campfire_upgraded":4,"win_rate":0,"timestamp":1556035287,"path_taken":["M","?","M","$","M","R","E","M","T","?","R","?","M","M","R","BOSS","M","$","M","?","?","R","M","R","T","R","M","R","M","?","R","BOSS"],"build_version":"2019-01-23","purchased_purges":0,"victory":false,"max_hp_per_floor":[71,76,76,76,76,76,76,76,76,76,76,76,76,76,76,76,76,76,76,76,76,76,76,76,76,76,76,76,76,76,76,76,76],"card_choices":[{"not_picked":["Tempest","Auto Shields"],"picked":"Conserve Battery","floor":1},{"not_picked":["Gash","Go for the Eyes"],"picked":"Conserve Battery","floor":3},{"not_picked":["Gash","Turbo"],"picked":"Compile Driver","floor":5},{"not_picked":["Amplify","Compile Driver"],"picked":"Machine Learning","floor":7},{"not_picked":["Steam Power","Streamline"],"picked":"Redo","floor":8},{"not_picked":["Sunder","Turbo"],"picked":"Cold Snap","floor":13},{"not_picked":["Consume","Hologram","Blizzard"],"picked":"SKIP","floor":14},{"not_picked":["All For One","Meteor Strike"],"picked":"Fission","floor":16},{"not_picked":["Streamline+1","Compile Driver"],"picked":"White Noise","floor":18},{"not_picked":["Rip and Tear","Sweeping Beam"],"picked":"Cold Snap","floor":20},{"not_picked":["Go for the Eyes","Loop"],"picked":"Self Repair+1","floor":24},{"not_picked":["Turbo+1","Reinforced Body"],"picked":"Leap+1","floor":28},{"not_picked":["Hologram","Redo"],"picked":"Conserve Battery","floor":30}],"player_experience":1232808,"relics_obtained":[{"floor":7,"key":"Peace Pipe"},{"floor":9,"key":"Bottled Flame"},{"floor":22,"key":"Necronomicon"},{"floor":26,"key":"Meat on the Bone"},{"floor":31,"key":"MawBank"}],"event_choices":[{"damage_healed":0,"gold_gain":0,"player_choice":"Donut","damage_taken":0,"max_hp_gain":5,"max_hp_loss":0,"event_name":"Big Fish","floor":2,"gold_loss":0},{"damage_healed":19,"gold_gain":0,"player_choice":"Healed","damage_taken":0,"max_hp_gain":0,"max_hp_loss":0,"event_name":"The Cleric","floor":10,"gold_loss":35},{"damage_healed":0,"gold_gain":0,"player_choice":"Grow","damage_taken":0,"max_hp_gain":0,"max_hp_loss":0,"event_name":"Living Wall","floor":12,"gold_loss":0,"cards_upgraded":["Redo"]},{"damage_healed":15,"gold_gain":0,"player_choice":"Heal","damage_taken":0,"max_hp_gain":0,"max_hp_loss":0,"event_name":"The Library","floor":21,"gold_loss":0},{"damage_healed":0,"gold_gain":0,"player_choice":"Obtained Book","damage_taken":21,"max_hp_gain":0,"max_hp_loss":0,"event_name":"Cursed Tome","floor":22,"gold_loss":0}],"is_beta":false,"boss_relics":[{"not_picked":["Busted Crown","Pandora\u0027s Box"],"picked":"Nuclear Battery"}],"items_purged_floors":[],"is_endless":false,"potions_floor_spawned":[1,5,13,14,20],"killed_by":"Collector","ascension_level":19}