{"gold_per_floor":[111,111,127,127,127,152,152,164,164,164,193,193,212,223,223,301,301,318,3,3,3,15,43,43,53,132,132,132,132],"floor_reached":29,"playtime":569,"items_purged":[],"score":652,"play_id":"97b3d9b4-d7c1-4533-8203-99dadaf9770a","local_time":"20190325155239","is_ascension_mode":true,"campfire_choices":[{"data":"Defragment","floor":7,"key":"SMITH"},{"data":"Barrage","floor":10,"key":"SMITH"},{"data":"Zap","floor":12,"key":"SMITH"},{"data":"Dualcast","floor":15,"key":"SMITH"},{"data":"Rainbow","floor":24,"key":"SMITH"}],"neow_cost":"NONE","seed_source_timestamp":75180165552500,"circlet_count":0,"master_deck":["AscendersBane","Strike_B","Strike_B","Strike_B","Defend_B","Defend_B","Defend_B","Defend_B","Zap+1","Dualcast+1","Defragment+1","Barrage+1","Rainbow+1","Creative AI+1","Electrodynamics+1","Cold Snap","Conserve Battery","Buffer+1","Cold Snap","Defragment+1"],"relics":["Cracked Core","NeowsBlessing","Art of War","Frozen Egg 2","DataDisk","Coffee Dripper","Potion Belt","Ancient Tea Set","Nloth\u0027s Gift","Letter Opener","Meat on the Bone"],"potions_floor_usage":[16,18,25,29,29],"damage_taken":[{"damage":0,"enemies":"2 Louse","floor":1,"turns":1},{"damage":0,"enemies":"Small Slimes","floor":3,"turns":1},{"damage":0,"enemies":"Gremlin Nob","floor":6,"turns":1},{"damage":0,"enemies":"Cultist","floor":8,"turns":3},{"damage":26,"enemies":"Lagavulin","floor":11,"turns":7},{"damage":4,"enemies":"3 Louse","floor":13,"turns":3},{"damage":10,"enemies":"2 Fungi Beasts","floor":14,"turns":3},{"damage":0,"enemies":"The Guardian","floor":16,"turns":8},{"damage":0,"enemies":"Spheric Guardian","floor":18,"turns":3},{"damage":31,"enemies":"Chosen","floor":22,"turns":4},{"damage":16,"enemies":"Gremlin Leader","floor":23,"turns":5},{"damage":15,"enemies":"Snake Plant","floor":25,"turns":4},{"damage":14,"enemies":"Centurion and Healer","floor":29,"turns":1}],"seed_played":"5519343331176206632","potions_obtained":[{"floor":8,"key":"Energy Potion"},{"floor":11,"key":"Swift Potion"},{"floor":13,"key":"PowerPotion"},{"floor":16,"key":"Swift Potion"},{"floor":22,"key":"SteroidPotion"},{"floor":23,"key":"EssenceOfSteel"}],"is_trial":false,"path_per_floor":["M","?","M","?","?","E","R","M","T","R","E","R","M","M","R","B",null,"M","$","?","?","M","E","R","M","T","T","?","M"],"character_chosen":"DEFECT","items_purchased":["Potion Belt","Ancient Tea Set"],"campfire_rested":0,"item_purchase_floors":[19,19],"current_hp_per_floor":[64,64,64,46,81,81,81,81,81,81,55,55,51,41,41,41,71,71,71,71,71,40,24,24,9,9,9,9,0],"gold":132,"neow_bonus":"THREE_ENEMY_KILL","is_prod":false,"is_daily":false,"chose_seed":false,"campfire_upgraded":5,"win_rate":0,"timestamp":1553496759,"path_taken":["M","?","M","?","?","E","R","M","T","R","E","R","M","?","R","BOSS","M","$","?","?","M","E","R","?","T","?","?","M"],"build_version":"2019-01-23","purchased_purges":0,"victory":false,"max_hp_per_floor":[71,71,71,71,81,81,81,81,81,81,81,81,81,81,81,81,81,81,81,81,81,81,81,81,81,81,81,81,81],"card_choices":[{"not_picked":["Go for the Eyes","Compile Driver","Sweeping Beam"],"picked":"SKIP","floor":1},{"not_picked":["Barrage","Compile Driver"],"picked":"Defragment","floor":3},{"not_picked":["Barrage","Steam Power","Hologram"],"picked":"SKIP","floor":6},{"not_picked":["Steam Power","Hologram"],"picked":"Barrage","floor":6},{"not_picked":["Compile Driver","Storm"],"picked":"Rainbow","floor":8},{"not_picked":["FTL","Storm+1"],"picked":"Creative AI+1","floor":11},{"not_picked":["Hologram","Beam Cell","Gash"],"picked":"SKIP","floor":13},{"not_picked":["Conserve Battery","Reinforced Body","Force Field"],"picked":"SKIP","floor":14},{"not_picked":["Biased Cognition+1","Reboot"],"picked":"Electrodynamics+1","floor":16},{"not_picked":["Scrape","Ball Lightning"],"picked":"Cold Snap","floor":18},{"not_picked":["Streamline","Beam Cell"],"picked":"Conserve Battery","floor":22},{"not_picked":["Barrage","Coolheaded"],"picked":"Buffer+1","floor":23},{"not_picked":["Gash","Steam"],"picked":"Cold Snap","floor":25}],"player_experience":2567431,"relics_obtained":[{"floor":6,"key":"Blue Candle"},{"floor":9,"key":"Frozen Egg 2"},{"floor":11,"key":"DataDisk"},{"floor":23,"key":"Letter Opener"},{"floor":27,"key":"Meat on the Bone"}],"event_choices":[{"damage_healed":0,"gold_gain":0,"cards_transformed":["Strike_B"],"player_choice":"Change","damage_taken":0,"max_hp_gain":0,"max_hp_loss":0,"event_name":"Living Wall","floor":2,"gold_loss":0,"cards_obtained":["Fission"]},{"damage_healed":0,"gold_gain":0,"player_choice":"Success","damage_taken":18,"relics_obtained":["Art of War"],"max_hp_gain":0,"max_hp_loss":0,"event_name":"Scrap Ooze","floor":4,"gold_loss":0},{"cards_removed":["Fission"],"damage_healed":25,"gold_gain":0,"player_choice":"Offered Rare","damage_taken":0,"max_hp_gain":10,"max_hp_loss":0,"event_name":"Bonfire Elementals","floor":5,"gold_loss":0},{"damage_healed":0,"gold_gain":0,"player_choice":"Ignored","damage_taken":0,"max_hp_gain":0,"max_hp_loss":0,"event_name":"Vampires","floor":20,"gold_loss":0},{"damage_healed":0,"gold_gain":0,"player_choice":"Traded Relic","damage_taken":0,"relics_obtained":["Nloth\u0027s Gift"],"max_hp_gain":0,"max_hp_loss":0,"event_name":"N\u0027loth","floor":21,"relics_lost":["Blue Candle"],"gold_loss":0},{"damage_healed":0,"gold_gain":0,"player_choice":"Copied","damage_taken":0,"max_hp_gain":0,"max_hp_loss":0,"event_name":"Duplicator","floor":28,"gold_loss":0,"cards_obtained":["Defragment"]}],"is_beta":false,"boss_relics":[{"not_picked":["Empty Cage","FrozenCore"],"picked":"Coffee Dripper"}],"items_purged_floors":[],"is_endless":false,"potions_floor_spawned":[8,11,13,16,22,23],"killed_by":"Centurion and Healer","ascension_level":20}