{"gold_per_floor":[114,114,127,127,127,168,168,168,168,168,188,219,39,57,57,153,153,168,168,192,82,106,106,129,160,186,204,204],"floor_reached":28,"playtime":891,"items_purged":["Strike_B"],"score":496,"play_id":"da83787a-dd99-45b5-bea4-aa9a80300901","local_time":"20190330002149","is_ascension_mode":true,"campfire_choices":[{"floor":7.0,"key":"REST"},{"floor":10.0,"key":"REST"},{"data":"Streamline","floor":15.0,"key":"SMITH"},{"floor":23.0,"key":"RECALL"}],"neow_cost":"PERCENT_DAMAGE","seed_source_timestamp":47237223382600,"circlet_count":0,"master_deck":["AscendersBane","Strike_B","Strike_B","Defend_B","Defend_B","Defend_B","Defend_B+1","Zap","Dualcast","Core Surge","Streamline+1","Cold Snap","Glacier","Tempest+1","Echo Form","Self Repair","Cold Snap+1","Blizzard+1","Electrodynamics","Leap+1","Turbo+1","Consume+1","Cold Snap+1","Capacitor+1","Hologram+1"],"special_seed":0,"relics":["Cracked Core","Golden Idol","Molten Egg 2","Pen Nib","Toxic Egg 2","Oddly Smooth Stone","Fusion Hammer","Anchor"],"potions_floor_usage":[],"damage_taken":[{"damage":1.0,"enemies":"Cultist","floor":1.0,"turns":3.0},{"damage":3.0,"enemies":"2 Louse","floor":3.0,"turns":2.0},{"damage":30.0,"enemies":"3 Sentries","floor":6.0,"turns":8.0},{"damage":1.0,"enemies":"Small Slimes","floor":11.0,"turns":3.0},{"damage":25.0,"enemies":"Lagavulin","floor":12.0,"turns":7.0},{"damage":7.0,"enemies":"3 Louse","floor":14.0,"turns":4.0},{"damage":12.0,"enemies":"Hexaghost","floor":16.0,"turns":9.0},{"damage":10.0,"enemies":"Shell Parasite","floor":18.0,"turns":6.0},{"damage":0.0,"enemies":"Chosen","floor":20.0,"turns":3.0},{"damage":1.0,"enemies":"Snecko","floor":22.0,"turns":4.0},{"damage":4.0,"enemies":"Centurion and Healer","floor":24.0,"turns":5.0},{"damage":58.0,"enemies":"Slavers","floor":25.0,"turns":5.0},{"damage":12.0,"enemies":"Snake Plant","floor":27.0,"turns":7.0},{"damage":13,"enemies":"Shelled Parasite and Fungi","floor":28,"turns":4}],"seed_played":"47828183824048984","potions_obtained":[{"floor":1.0,"key":"Weak Potion"},{"floor":12.0,"key":"FearPotion"},{"floor":14.0,"key":"GamblersBrew"},{"floor":16.0,"key":"Block Potion"},{"floor":27.0,"key":"SteroidPotion"}],"is_trial":false,"path_per_floor":["M","?","M","?","?","E","R","?","T","R","M","E","$","M","R","B",null,"M","?","M","?","M","R","M","E","T","M","M"],"character_chosen":"DEFECT","items_purchased":["Self Repair","Cold Snap+1"],"campfire_rested":2,"item_purchase_floors":[13,13],"current_hp_per_floor":[45,68,65,64,38,8,27,27,27,46,45,20,20,20,20,15,52,49,49,56,56,62,62,64,13,13,15,2],"gold":204,"neow_bonus":"THREE_RARE_CARDS","is_prod":false,"is_daily":false,"chose_seed":false,"campfire_upgraded":1,"win_rate":0,"timestamp":1553872909,"path_taken":["M","?","M","?","?","E","R","?","T","R","?","E","?","M","R","BOSS","M","?","M","?","M","R","M","E","T","M","M"],"build_version":"2019-01-23","purchased_purges":1,"victory":false,"max_hp_per_floor":[71,71,71,64,64,64,64,64,64,64,64,64,64,64,64,64,64,64,64,64,64,64,64,64,64,64,64,64],"card_choices":[{"not_picked":["Seek","Hyperbeam"],"picked":"Core Surge","floor":0.0},{"not_picked":["Lockon","Hologram"],"picked":"Streamline","floor":1.0},{"not_picked":["Ball Lightning","Aggregate"],"picked":"Cold Snap","floor":3.0},{"not_picked":["Redo","Rebound+1"],"picked":"Glacier","floor":6.0},{"not_picked":["Storm","Rebound+1"],"picked":"Tempest+1","floor":11.0},{"not_picked":["Streamline+1","Sunder+1"],"picked":"Echo Form","floor":12.0},{"not_picked":["Sweeping Beam+1","Compile Driver+1"],"picked":"Blizzard+1","floor":14.0},{"not_picked":["Reboot+1","Biased Cognition"],"picked":"Electrodynamics","floor":16.0},{"not_picked":["Beam Cell+1","Streamline+1"],"picked":"Leap+1","floor":18.0},{"not_picked":["Double Energy+1","Redo+1"],"picked":"Consume+1","floor":20.0},{"not_picked":["Melter+1","Multi-Cast+1","Storm"],"picked":"SKIP","floor":22.0},{"not_picked":["Chaos+1","Compile Driver+1"],"picked":"Cold Snap+1","floor":24.0},{"not_picked":["FTL+1","Streamline+1"],"picked":"Capacitor+1","floor":25.0},{"not_picked":["Sweeping Beam+1","Auto Shields+1"],"picked":"Hologram+1","floor":27.0}],"player_experience":2732066,"relics_obtained":[{"floor":6.0,"key":"Pen Nib"},{"floor":9.0,"key":"Toxic Egg 2"},{"floor":12.0,"key":"Oddly Smooth Stone"},{"floor":25.0,"key":"Anchor"}],"event_choices":[{"damage_healed":23.0,"max_hp_gain":0.0,"max_hp_loss":0.0,"gold_gain":0.0,"event_name":"Big Fish","player_choice":"Banana","floor":2.0,"gold_loss":0.0,"damage_taken":0.0},{"damage_healed":0.0,"max_hp_gain":0.0,"max_hp_loss":7.0,"gold_gain":0.0,"event_name":"Golden Idol","player_choice":"Lose Max HP","floor":4.0,"gold_loss":0.0,"damage_taken":0.0,"relics_obtained":["Golden Idol"]},{"damage_healed":0.0,"max_hp_gain":0.0,"max_hp_loss":0.0,"gold_gain":0.0,"event_name":"Scrap Ooze","player_choice":"Success","floor":5.0,"gold_loss":0.0,"damage_taken":26.0,"relics_obtained":["Molten Egg 2"]},{"damage_healed":0.0,"max_hp_gain":0.0,"max_hp_loss":0.0,"gold_gain":0.0,"event_name":"Liars Game","player_choice":"Ignored","floor":8.0,"gold_loss":0.0,"damage_taken":0.0},{"damage_healed":0.0,"max_hp_gain":0.0,"max_hp_loss":0.0,"gold_gain":0.0,"event_name":"The Library","player_choice":"Read","floor":19.0,"gold_loss":0.0,"damage_taken":0.0,"cards_obtained":["Turbo"]},{"cards_removed":["Strike_B"],"damage_healed":0.0,"max_hp_gain":0.0,"max_hp_loss":0.0,"gold_gain":0.0,"event_name":"Designer","player_choice":"Upgrade and Remove","floor":21.0,"gold_loss":110.0,"damage_taken":0.0,"cards_upgraded":["Defend_B"]}],"is_beta":false,"boss_relics":[{"not_picked":["Runic Dome","Pandora\u0027s Box"],"picked":"Fusion Hammer"}],"items_purged_floors":[13],"is_endless":false,"potions_floor_spawned":[1,12,14,16,18,20,27],"killed_by":"Shelled Parasite and Fungi","ascension_level":20}