{"gold_per_floor":[115,115,131,150,150,150,181,181,261,261,279,303,303,346,346,436,436,436],"floor_reached":18,"playtime":422,"items_purged":[],"score":340,"play_id":"1d02f3eb-4565-413b-a11c-a3c7dae8875b","local_time":"20190311154130","is_ascension_mode":true,"campfire_choices":[{"data":"Barrage","floor":6,"key":"SMITH"},{"data":"Beam Cell","floor":10,"key":"SMITH"},{"data":"Zap","floor":13,"key":"SMITH"},{"data":"Dualcast","floor":15,"key":"SMITH"}],"neow_cost":"NONE","seed_source_timestamp":192419205784100,"circlet_count":0,"master_deck":["AscendersBane","Strike_B","Defend_B","Defend_B","Defend_B","Defend_B","Zap+1","Dualcast+1","Cold Snap","Barrage+1","White Noise","Beam Cell+1","Coolheaded","FTL","Ball Lightning","Buffer"],"relics":["Cracked Core","NeowsBlessing","NlothsMask","Juzu Bracelet","Golden Idol","Dodecahedron","Empty Cage"],"potions_floor_usage":[14,16,18],"damage_taken":[{"damage":0,"enemies":"Small Slimes","floor":1,"turns":1},{"damage":0,"enemies":"Cultist","floor":3,"turns":1},{"damage":0,"enemies":"Jaw Worm","floor":4,"turns":1},{"damage":11,"enemies":"Lagavulin","floor":7,"turns":6},{"damage":0,"enemies":"Large Slime","floor":11,"turns":4},{"damage":14,"enemies":"3 Louse","floor":12,"turns":2},{"damage":12,"enemies":"3 Sentries","floor":14,"turns":8},{"damage":18,"enemies":"Hexaghost","floor":16,"turns":7},{"damage":19,"enemies":"Shell Parasite","floor":18,"turns":2}],"seed_played":"-2792954763382766342","potions_obtained":[{"floor":1,"key":"LiquidBronze"},{"floor":4,"key":"Ancient Potion"},{"floor":12,"key":"SkillPotion"},{"floor":16,"key":"AttackPotion"}],"is_trial":false,"path_per_floor":["M","?","M","M","?","R","E","?","T","R","M","M","R","E","R","B",null,"M"],"character_chosen":"DEFECT","items_purchased":[],"campfire_rested":0,"item_purchase_floors":[],"current_hp_per_floor":[64,64,64,64,64,64,53,53,53,53,53,39,39,27,27,9,50,31],"gold":436,"neow_bonus":"THREE_ENEMY_KILL","is_prod":false,"is_daily":false,"chose_seed":false,"campfire_upgraded":4,"win_rate":0,"timestamp":1552286490,"path_taken":["M","?","?","M","?","R","E","?","T","R","M","M","R","E","R","BOSS","M"],"build_version":"2019-01-23","purchased_purges":0,"victory":false,"max_hp_per_floor":[71,71,71,71,71,71,71,64,64,64,64,64,64,64,64,64,64,64],"card_choices":[{"not_picked":["Auto Shields","Barrage"],"picked":"Cold Snap","floor":1},{"not_picked":["Rebound","Hologram"],"picked":"Barrage","floor":3},{"not_picked":["Steam Power","Static Discharge"],"picked":"White Noise","floor":4},{"not_picked":["Gash","Steam"],"picked":"Coolheaded","floor":7},{"not_picked":["Rebound","Sweeping Beam","Doom and Gloom"],"picked":"SKIP","floor":11},{"not_picked":["Melter","Tempest"],"picked":"FTL","floor":12},{"not_picked":["Coolheaded","Melter"],"picked":"Ball Lightning","floor":14},{"not_picked":["Multi-Cast","Amplify"],"picked":"Buffer","floor":16}],"player_experience":2183552,"relics_obtained":[{"floor":7,"key":"Juzu Bracelet"},{"floor":14,"key":"Dodecahedron"}],"event_choices":[{"damage_healed":0,"gold_gain":0,"player_choice":"Trade","damage_taken":0,"relics_obtained":["NlothsMask"],"max_hp_gain":0,"max_hp_loss":0,"event_name":"FaceTrader","floor":2,"gold_loss":0},{"damage_healed":0,"gold_gain":0,"cards_transformed":["Strike_B"],"player_choice":"Change","damage_taken":0,"max_hp_gain":0,"max_hp_loss":0,"event_name":"Living Wall","floor":5,"gold_loss":0,"cards_obtained":["Beam Cell"]},{"damage_healed":0,"gold_gain":0,"player_choice":"Lose Max HP","damage_taken":0,"relics_obtained":["Golden Idol"],"max_hp_gain":0,"max_hp_loss":7,"event_name":"Golden Idol","floor":8,"gold_loss":0}],"is_beta":false,"boss_relics":[{"not_picked":["Black Star","Busted Crown"],"picked":"Empty Cage"}],"items_purged_floors":[],"is_endless":false,"potions_floor_spawned":[1,4,12,16],"killed_by":"Shell Parasite","ascension_level":20}