{"gold_per_floor":[112,123,273,288,42,42,70,70,70,70,96,96,109,167,167,246,246,260,535,37,87,57,57,70,125,125,125,125,33,61,72,72,151,151,170,1169,338,338,348,348,358,358,385,137,54,67,102,117,117,117,117,117,117,38,65,65],"floor_reached":56,"playtime":2581,"items_purged":["Doubt","Pain","Normality"],"score":2123,"play_id":"0e490631-7ff2-41ac-978a-7901481bf366","local_time":"20190328142850","is_ascension_mode":true,"campfire_choices":[{"data":"Sunder","floor":6.0,"key":"SMITH"},{"data":"Buffer","floor":10.0,"key":"SMITH"},{"data":"Beam Cell","floor":12.0,"key":"SMITH"},{"data":"Hologram","floor":15.0,"key":"SMITH"},{"floor":23.0,"key":"REST"},{"floor":27.0,"key":"RECALL"},{"floor":32.0,"key":"REST"},{"floor":40.0,"key":"REST"},{"floor":42.0,"key":"REST"},{"floor":49.0,"key":"REST"},{"floor":53.0,"key":"REST"}],"neow_cost":"NONE","seed_source_timestamp":42069887746300,"circlet_count":0,"master_deck":["AscendersBane","Strike_B","Strike_B","Strike_B","Strike_B","Defend_B","Defend_B","Defend_B+1","Defend_B","Zap","Rip and Tear","Sunder+1","Beam Cell+1","Buffer+1","Hologram+1","Seek+1","Multi-Cast","Loop","Cold Snap","Undo","Loop","Rainbow","Conserve Battery","Glacier","Discovery","Self Repair","Undo+1","Defragment","Chill","Coolheaded+1","Cold Snap","Blizzard"],"special_seed":0,"relics":["Cracked Core","NeowsBlessing","Pocketwatch","WarpedTongs","Gambling Chip","Omamori","Ornamental Fan","Fusion Hammer","DataDisk","OrangePellets","Tiny Chest","Kunai","Nilry\u0027s Codex","PreservedInsect","Inserter","Centennial Puzzle","Medical Kit","War Paint","Bronze Scales","Dodecahedron","Blue Candle"],"potions_floor_usage":[56],"damage_taken":[{"damage":0.0,"enemies":"Cultist","floor":1.0,"turns":1.0},{"damage":0.0,"enemies":"Jaw Worm","floor":2.0,"turns":1.0},{"damage":0.0,"enemies":"Small Slimes","floor":4.0,"turns":1.0},{"damage":10.0,"enemies":"Lagavulin","floor":7.0,"turns":5.0},{"damage":10.0,"enemies":"3 Sentries","floor":11.0,"turns":3.0},{"damage":1.0,"enemies":"Blue Slaver","floor":13.0,"turns":2.0},{"damage":3.0,"enemies":"Lagavulin Event","floor":14.0,"turns":5.0},{"damage":4.0,"enemies":"The Guardian","floor":16.0,"turns":8.0},{"damage":16.0,"enemies":"2 Thieves","floor":18.0,"turns":3.0},{"damage":1.0,"enemies":"3 Byrds","floor":24.0,"turns":3.0},{"damage":13.0,"enemies":"Gremlin Leader","floor":30.0,"turns":6.0},{"damage":21.0,"enemies":"Snake Plant","floor":31.0,"turns":4.0},{"damage":0.0,"enemies":"Collector","floor":33.0,"turns":12.0},{"damage":11.0,"enemies":"3 Shapes","floor":35.0,"turns":5.0},{"damage":3.0,"enemies":"Orb Walker","floor":39.0,"turns":5.0},{"damage":13.0,"enemies":"Sphere and 2 Shapes","floor":41.0,"turns":8.0},{"damage":0.0,"enemies":"Maw","floor":46.0,"turns":6.0},{"damage":0.0,"enemies":"Giant Head","floor":47.0,"turns":12.0},{"damage":0.0,"enemies":"Spire Growth","floor":48.0,"turns":6.0},{"damage":9.0,"enemies":"Donu and Deca","floor":50.0,"turns":18.0},{"damage":34.0,"enemies":"Awakened One","floor":51.0,"turns":19.0},{"damage":58.0,"enemies":"Shield and Spear","floor":55.0,"turns":10.0},{"damage":3,"enemies":"The Heart","floor":56,"turns":2}],"seed_played":"3404032136253783532","potions_obtained":[{"floor":1.0,"key":"Explosive Potion"},{"floor":2.0,"key":"Ancient Potion"},{"floor":13.0,"key":"FocusPotion"},{"floor":14.0,"key":"LiquidBronze"},{"floor":18.0,"key":"Weak Potion"},{"floor":24.0,"key":"LiquidBronze"},{"floor":39.0,"key":"Fire Potion"}],"is_trial":false,"path_per_floor":["M","M","?","M","$","R","E","?","T","R","E","R","M","?","R","B",null,"M","?","$","?","$","R","M","T","T","R","?","$","E","M","R","B",null,"M","?","$","?","M","R","M","R","T","$","$","M","E","M","R","B","B",null,"R","$","E","B"],"character_chosen":"DEFECT","items_purchased":["Buffer","DataDisk","OrangePellets","Cold Snap","PowerPotion","Undo","Centennial Puzzle","Medical Kit","Glacier","Discovery","War Paint","Bronze Scales","Defragment","Chill","Blizzard"],"campfire_rested":6,"item_purchase_floors":[5,20,20,22,29,29,37,37,37,37,37,44,44,45,54],"current_hp_per_floor":[64,64,64,64,64,64,54,54,54,54,44,44,43,40,40,36,62,46,46,46,46,46,67,66,66,66,66,45,45,32,11,32,32,61,50,50,50,50,47,68,62,71,71,71,71,71,71,71,71,71,47,65,71,71,13,10],"gold":65,"neow_bonus":"THREE_ENEMY_KILL","is_prod":false,"is_daily":false,"chose_seed":false,"campfire_upgraded":4,"win_rate":0,"timestamp":1553750930,"path_taken":["M","?","?","M","$","R","E","?","T","R","E","R","?","?","R","BOSS","M","?","?","?","$","R","?","?","T","R","?","$","E","M","R","BOSS","M","?","$","?","M","R","M","R","T","?","$","?","E","M","R","BOSS","BOSS","R","$","E","BOSS"],"build_version":"2019-01-23","purchased_purges":3,"victory":false,"max_hp_per_floor":[71,71,71,71,71,71,71,71,71,71,71,71,71,71,71,71,71,71,71,71,71,71,71,71,71,71,71,71,71,71,71,71,71,71,71,71,71,71,71,71,71,71,71,71,71,71,71,71,71,71,71,71,71,71,71,71],"card_choices":[{"not_picked":["Barrage","Steam"],"picked":"Rip and Tear","floor":1.0},{"not_picked":["Leap","Beam Cell"],"picked":"Sunder","floor":2.0},{"not_picked":["Gash","Leap","Beam Cell"],"picked":"SKIP","floor":4.0},{"not_picked":["Gash","Leap"],"picked":"Beam Cell","floor":4.0},{"not_picked":["Lockon","Go for the Eyes","Redo"],"picked":"SKIP","floor":7.0},{"not_picked":["Redo","Streamline","Conserve Battery"],"picked":"SKIP","floor":11.0},{"not_picked":["Static Discharge","Go for the Eyes"],"picked":"Hologram","floor":13.0},{"not_picked":["Leap","Rebound"],"picked":"Seek","floor":14.0},{"not_picked":["All For One","Buffer"],"picked":"Multi-Cast","floor":16.0},{"not_picked":["Steam","FTL"],"picked":"Loop","floor":18.0},{"not_picked":["Gash+1","Conserve Battery","Hello World"],"picked":"SKIP","floor":24.0},{"not_picked":["Gash","Steam","Hyperbeam"],"picked":"SKIP","floor":30.0},{"not_picked":["Conserve Battery","Lockon"],"picked":"Loop","floor":31.0},{"not_picked":["Buffer","Machine Learning"],"picked":"Rainbow","floor":33.0},{"not_picked":["Loop","Go for the Eyes"],"picked":"Conserve Battery","floor":35.0},{"not_picked":["Auto Shields+1","Static Discharge"],"picked":"Self Repair","floor":39.0},{"not_picked":["Melter","Beam Cell"],"picked":"Undo+1","floor":41.0},{"not_picked":["Sweeping Beam","Electrodynamics"],"picked":"Coolheaded+1","floor":46.0},{"not_picked":["Sweeping Beam+1","Steam","Hologram"],"picked":"SKIP","floor":47.0},{"not_picked":["Auto Shields","Compile Driver"],"picked":"Cold Snap","floor":48.0},{"not_picked":["Redo+1","Streamline+1","Hyperbeam"],"picked":"SKIP","floor":55.0}],"player_experience":2668344,"relics_obtained":[{"floor":7.0,"key":"Pocketwatch"},{"floor":9.0,"key":"Gambling Chip"},{"floor":11.0,"key":"Omamori"},{"floor":25.0,"key":"Tiny Chest"},{"floor":26.0,"key":"Kunai"},{"floor":28.0,"key":"Nilry\u0027s Codex"},{"floor":30.0,"key":"PreservedInsect"},{"floor":47.0,"key":"Dodecahedron"},{"floor":55.0,"key":"Blue Candle"}],"event_choices":[{"damage_healed":0.0,"max_hp_gain":0.0,"max_hp_loss":0.0,"gold_gain":150.0,"event_name":"Liars Game","player_choice":"AGREE","floor":3.0,"gold_loss":0.0,"damage_taken":0.0,"cards_obtained":["Doubt"]},{"damage_healed":0.0,"max_hp_gain":0.0,"max_hp_loss":0.0,"gold_gain":0.0,"event_name":"Accursed Blacksmith","player_choice":"Rummage","floor":8.0,"gold_loss":0.0,"damage_taken":0.0,"relics_obtained":["WarpedTongs"],"cards_obtained":["Pain"]},{"damage_healed":0.0,"max_hp_gain":0.0,"max_hp_loss":0.0,"gold_gain":0.0,"event_name":"Dead Adventurer","player_choice":"Searched \u00272\u0027 times","floor":14.0,"gold_loss":0.0,"damage_taken":0.0,"relics_obtained":["Ornamental Fan"]},{"damage_healed":0.0,"max_hp_gain":0.0,"max_hp_loss":0.0,"gold_gain":275.0,"event_name":"Golden Shrine","player_choice":"Desecrate","floor":19.0,"gold_loss":0.0,"damage_taken":0.0,"cards_obtained":["Regret"]},{"damage_healed":0.0,"max_hp_gain":0.0,"max_hp_loss":0.0,"gold_gain":50.0,"event_name":"Nest","player_choice":"Stole From Cult","floor":21.0,"gold_loss":0.0,"damage_taken":0.0},{"damage_healed":0.0,"max_hp_gain":0.0,"max_hp_loss":0.0,"gold_gain":0.0,"event_name":"Cursed Tome","player_choice":"Obtained Book","floor":28.0,"gold_loss":0.0,"damage_taken":21.0},{"damage_healed":0.0,"max_hp_gain":0.0,"max_hp_loss":0.0,"gold_gain":999.0,"event_name":"MindBloom","player_choice":"Gold","floor":36.0,"gold_loss":0.0,"damage_taken":0.0,"cards_obtained":["Normality","Normality"]},{"cards_removed":["Dualcast"],"damage_healed":0.0,"max_hp_gain":0.0,"max_hp_loss":0.0,"gold_gain":0.0,"event_name":"Falling","player_choice":"Removed Skill","floor":38.0,"gold_loss":0.0,"damage_taken":0.0}],"is_beta":false,"boss_relics":[{"not_picked":["Sozu","Calling Bell"],"picked":"Fusion Hammer"},{"not_picked":["Snecko Eye","Astrolabe"],"picked":"Inserter"}],"items_purged_floors":[5,20,37],"is_endless":false,"potions_floor_spawned":[1,2,13,14,18,24,39,41],"killed_by":"The Heart","ascension_level":20}