{"gold_per_floor":[363,49,61,78,93,93,119,119,119,165,189,201,213,252,264,371,383,405,417,92,107,133,158,176,208,276,295,327,327,352,195,195,294,294,310,109,109,128,146,176,176,126,151,186,186,186,199,231,231,231],"floor_reached":51,"playtime":3907,"items_purged":["Regret","Strike_R","Strike_R","Limit Break+1","Limit Break+1"],"score":924,"play_id":"68b005ff-a38a-43be-8817-894e29aaa182","local_time":"20181226000940","is_ascension_mode":true,"campfire_choices":[{"data":"Uppercut","floor":6.0,"key":"SMITH"},{"data":"True Grit","floor":8.0,"key":"SMITH"},{"data":"Rampage","floor":15.0,"key":"SMITH"},{"data":"Shrug It Off","floor":29.0,"key":"SMITH"},{"data":"Metallicize","floor":32.0,"key":"SMITH"},{"data":"Barricade","floor":41.0,"key":"SMITH"},{"data":"Disarm","floor":45.0,"key":"SMITH"},{"data":"Pommel Strike","floor":46.0,"key":"SMITH"},{"data":"Impervious","floor":49.0,"key":"SMITH"}],"neow_cost":"CURSE","seed_source_timestamp":38262981672698,"circlet_count":0,"master_deck":["Strike_R+1","Defend_R","Uppercut+1","True Grit+1","Battle Trance+1","Shrug It Off+1","Rampage+1","Impervious","Headbutt","Pommel Strike+1","Impervious+1","Whirlwind","Metallicize+1","Barricade+1","Infernal Blade+1","Entrench+1","Disarm+1","Warcry+1","Body Slam+1"],"special_seed":0,"relics":["Burning Blood","Paper Frog","Dream Catcher","MawBank","Self Forming Clay","Smiling Mask","Empty Cage","WingedGreaves","Bag of Marbles","Oddly Smooth Stone","Juzu Bracelet","Meat on the Bone","Blue Candle","Red Skull","Astrolabe","PreservedInsect","Ancient Tea Set","Centennial Puzzle","Boot","Art of War"],"potions_floor_usage":[50,50],"damage_taken":[{"damage":2.0,"enemies":"Small Slimes","floor":1.0,"turns":3.0},{"damage":0.0,"enemies":"2 Louse","floor":3.0,"turns":2.0},{"damage":5.0,"enemies":"Jaw Worm","floor":4.0,"turns":4.0},{"damage":15.0,"enemies":"Exordium Wildlife","floor":5.0,"turns":6.0},{"damage":15.0,"enemies":"Gremlin Nob","floor":7.0,"turns":4.0},{"damage":15.0,"enemies":"3 Sentries","floor":10.0,"turns":7.0},{"damage":15.0,"enemies":"Exordium Thugs","floor":11.0,"turns":5.0},{"damage":10.0,"enemies":"Gremlin Nob","floor":14.0,"turns":3.0},{"damage":19.0,"enemies":"Slime Boss","floor":16.0,"turns":9.0},{"damage":3.0,"enemies":"Shell Parasite","floor":18.0,"turns":4.0},{"damage":10.0,"enemies":"Spheric Guardian","floor":21.0,"turns":5.0},{"damage":0.0,"enemies":"Gremlin Leader","floor":23.0,"turns":5.0},{"damage":6.0,"enemies":"Centurion and Healer","floor":24.0,"turns":6.0},{"damage":20.0,"enemies":"Book of Stabbing","floor":25.0,"turns":5.0},{"damage":17.0,"enemies":"Shelled Parasite and Fungi","floor":27.0,"turns":7.0},{"damage":26.0,"enemies":"Slavers","floor":28.0,"turns":8.0},{"damage":12.0,"enemies":"Book of Stabbing","floor":30.0,"turns":7.0},{"damage":22.0,"enemies":"Champ","floor":33.0,"turns":9.0},{"damage":9.0,"enemies":"Orb Walker","floor":35.0,"turns":4.0},{"damage":3.0,"enemies":"3 Darklings","floor":38.0,"turns":8.0},{"damage":22.0,"enemies":"Jaw Worm Horde","floor":39.0,"turns":5.0},{"damage":23.0,"enemies":"Reptomancer","floor":40.0,"turns":6.0},{"damage":0.0,"enemies":"Giant Head","floor":44.0,"turns":12.0},{"damage":2.0,"enemies":"Spire Growth","floor":47.0,"turns":6.0},{"damage":6.0,"enemies":"Nemesis","floor":48.0,"turns":12.0},{"damage":15,"enemies":"Time Eater","floor":50,"turns":6}],"seed_played":"4798518320426910854","potions_obtained":[{"floor":3.0,"key":"FearPotion"},{"floor":5.0,"key":"AttackPotion"},{"floor":7.0,"key":"Block Potion"},{"floor":11.0,"key":"Fruit Juice"},{"floor":16.0,"key":"Strength Potion"},{"floor":18.0,"key":"Swift Potion"},{"floor":21.0,"key":"Regen Potion"},{"floor":35.0,"key":"Swift Potion"},{"floor":38.0,"key":"Regen Potion"},{"floor":44.0,"key":"Fire Potion"}],"is_trial":false,"path_per_floor":["M","$","M","M","M","R","E","R","T","E","M","?","?","E","R","B",null,"M","?","$","M","T","E","M","E","T","M","E","R","E","$","R","B",null,"M","$","?","M","M","E","R","$","T","E","R","R","M","E","R","B",null],"character_chosen":"IRONCLAD","items_purchased":["Paper Frog","WingedGreaves","Whirlwind","Metallicize","PreservedInsect"],"campfire_rested":0,"item_purchase_floors":[2,20,31,31,36],"current_hp_per_floor":[80,80,80,80,71,71,62,62,62,53,49,49,32,28,28,15,85,85,85,85,81,81,85,85,71,71,60,55,55,49,49,49,45,85,82,82,82,85,69,52,52,52,52,73,73,73,77,77,77,68],"gold":231,"neow_bonus":"TWO_FIFTY_GOLD","is_prod":false,"is_daily":false,"chose_seed":false,"campfire_upgraded":9,"win_rate":0,"timestamp":1545754180,"path_taken":["M","$","M","M","M","R","E","R","T","E","M","?","?","E","R","BOSS","M","?","$","M","?","E","?","E","T","M","E","R","E","$","R","BOSS","M","$","?","M","M","E","R","$","T","E","R","R","M","E","R","BOSS"],"build_version":"2018-12-20","purchased_purges":5,"victory":true,"max_hp_per_floor":[80,80,80,80,80,80,80,80,80,80,85,85,85,85,85,85,85,85,85,85,85,85,85,85,85,85,85,85,85,85,85,85,85,85,85,85,85,85,85,85,85,85,85,85,85,85,85,85,85,85],"card_choices":[{"not_picked":["Pummel","Body Slam","Thunderclap"],"picked":"SKIP","floor":1.0},{"not_picked":["Flex","Iron Wave","Warcry"],"picked":"SKIP","floor":3.0},{"not_picked":["True Grit","Armaments"],"picked":"Uppercut","floor":4.0},{"not_picked":["Pummel","Clothesline"],"picked":"True Grit","floor":5.0},{"not_picked":["Immolate","Second Wind"],"picked":"Battle Trance","floor":7.0},{"not_picked":["Headbutt","Warcry"],"picked":"Shrug It Off","floor":10.0},{"not_picked":["Sword Boomerang","Clothesline","Havoc"],"picked":"SKIP","floor":11.0},{"not_picked":["Armaments","Pommel Strike"],"picked":"Rampage","floor":14.0},{"not_picked":["Feed","Bludgeon"],"picked":"Impervious","floor":16.0},{"not_picked":["Heavy Blade+1","Perfected Strike+1","Sever Soul"],"picked":"SKIP","floor":18.0},{"not_picked":["Disarm+1","Clash"],"picked":"Headbutt","floor":21.0},{"not_picked":["Burning Pact","Thunderclap+1","Armaments"],"picked":"SKIP","floor":23.0},{"not_picked":["Second Wind","Thunderclap"],"picked":"Pommel Strike","floor":24.0},{"not_picked":["Havoc","Battle Trance+1"],"picked":"Impervious","floor":25.0},{"not_picked":["Carnage","Anger","Pommel Strike"],"picked":"SKIP","floor":27.0},{"not_picked":["Brutality","Iron Wave","Rage+1"],"picked":"SKIP","floor":28.0},{"not_picked":["Uppercut","Pommel Strike","Twin Strike"],"picked":"SKIP","floor":30.0},{"not_picked":["Impervious","Juggernaut"],"picked":"Barricade","floor":33.0},{"not_picked":["Fire Breathing+1","Spot Weakness","Dual Wield+1"],"picked":"SKIP","floor":35.0},{"not_picked":["Reckless Charge","Twin Strike+1","Armaments"],"picked":"SKIP","floor":38.0},{"not_picked":["Blood for Blood","Clothesline"],"picked":"Entrench+1","floor":39.0},{"not_picked":["Anger","Twin Strike"],"picked":"Disarm","floor":40.0},{"not_picked":["Combust+1","Armaments"],"picked":"Warcry+1","floor":44.0},{"not_picked":["Havoc","Hemokinesis+1","Perfected Strike"],"picked":"SKIP","floor":47.0},{"not_picked":["Combust","Anger"],"picked":"Body Slam+1","floor":48.0}],"player_experience":684472,"relics_obtained":[{"floor":7.0,"key":"Dream Catcher"},{"floor":9.0,"key":"MawBank"},{"floor":10.0,"key":"Self Forming Clay"},{"floor":14.0,"key":"Smiling Mask"},{"floor":22.0,"key":"Bag of Marbles"},{"floor":23.0,"key":"Oddly Smooth Stone"},{"floor":25.0,"key":"Juzu Bracelet"},{"floor":26.0,"key":"Meat on the Bone"},{"floor":28.0,"key":"Blue Candle"},{"floor":30.0,"key":"Red Skull"},{"floor":40.0,"key":"Ancient Tea Set"},{"floor":43.0,"key":"Centennial Puzzle"},{"floor":44.0,"key":"Boot"},{"floor":48.0,"key":"Art of War"}],"event_choices":[{"cards_removed":["Defend_R"],"damage_healed":0.0,"max_hp_gain":0.0,"max_hp_loss":0.0,"gold_gain":0.0,"event_name":"Living Wall","player_choice":"Forget","floor":12.0,"gold_loss":0.0,"damage_taken":0.0},{"damage_healed":0.0,"max_hp_gain":0.0,"max_hp_loss":0.0,"gold_gain":0.0,"event_name":"Shining Light","player_choice":"Entered Light","floor":13.0,"gold_loss":0.0,"damage_taken":17.0,"cards_upgraded":["Strike_R","Battle Trance"]},{"damage_healed":0.0,"max_hp_gain":0.0,"max_hp_loss":0.0,"gold_gain":0.0,"event_name":"Ghosts","player_choice":"Ignored","floor":19.0,"gold_loss":0.0,"damage_taken":0.0},{"damage_healed":0.0,"max_hp_gain":0.0,"max_hp_loss":0.0,"gold_gain":0.0,"event_name":"SensoryStone","player_choice":"Memory 1","floor":37.0,"gold_loss":0.0,"damage_taken":0.0}],"is_beta":true,"boss_relics":[{"not_picked":["Sozu","Lizard Tail"],"picked":"Empty Cage"},{"not_picked":["Tiny House","Pandora\u0027s Box"],"picked":"Astrolabe"}],"items_purged_floors":[2,20,31,36,42],"is_endless":false,"potions_floor_spawned":[3,5,7,11,16,18,21,23,35,38,39,44,48],"ascension_level":1}