{"gold_per_floor":[115,71,71,41,57,57,68,68,138,138,138],"floor_reached":11,"playtime":749,"items_purged":[],"score":122,"play_id":"2f2f8bd3-c89d-41ad-9a61-f51d56ca4b72","local_time":"20190317174716","is_ascension_mode":true,"campfire_choices":[{"data":"Blizzard","floor":6,"key":"SMITH"},{"data":"Loop","floor":10,"key":"SMITH"}],"neow_cost":"NONE","seed_source_timestamp":24641193193300,"circlet_count":0,"master_deck":["AscendersBane","Strike_B","Strike_B","Strike_B","Strike_B","Defend_B","Defend_B","Defend_B","Defend_B","Zap","Dualcast","Glacier","Loop+1","Blizzard+1","Hologram"],"relics":["Cracked Core","Juzu Bracelet","Ancient Tea Set","Gremlin Horn"],"potions_floor_usage":[11],"damage_taken":[{"damage":2,"enemies":"Cultist","floor":1,"turns":4},{"damage":0,"enemies":"2 Louse","floor":5,"turns":4},{"damage":3,"enemies":"Small Slimes","floor":7,"turns":5},{"damage":22,"enemies":"3 Sentries","floor":11,"turns":4}],"seed_played":"7535683244926675544","potions_obtained":[{"floor":1,"key":"LiquidBronze"},{"floor":4,"key":"Regen Potion"}],"is_trial":false,"path_per_floor":["M","$","?","?","M","R","M","?","T","R","E"],"character_chosen":"DEFECT","items_purchased":["Loop"],"campfire_rested":0,"item_purchase_floors":[2],"current_hp_per_floor":[62,62,51,51,51,51,48,48,48,48,40],"gold":138,"neow_bonus":"RANDOM_COMMON_RELIC","is_prod":false,"is_daily":false,"chose_seed":false,"campfire_upgraded":2,"win_rate":0,"timestamp":1552812436,"path_taken":["M","$","?","?","M","R","M","?","T","R","E"],"build_version":"2019-01-23","purchased_purges":0,"victory":false,"max_hp_per_floor":[71,71,71,71,71,71,71,71,71,71,71],"card_choices":[{"not_picked":["Heatsinks","Barrage"],"picked":"Glacier","floor":1},{"not_picked":["Leap","Turbo"],"picked":"Blizzard","floor":5},{"not_picked":["Turbo","Blizzard"],"picked":"Hologram","floor":7}],"player_experience":2321519,"relics_obtained":[{"floor":9,"key":"Gremlin Horn"}],"event_choices":[{"damage_healed":0,"gold_gain":0,"player_choice":"Success","damage_taken":11,"relics_obtained":["Ancient Tea Set"],"max_hp_gain":0,"max_hp_loss":0,"event_name":"Scrap Ooze","floor":3,"gold_loss":0},{"damage_healed":0,"gold_gain":0,"player_choice":"Bought 2 Potions","damage_taken":0,"max_hp_gain":0,"max_hp_loss":0,"event_name":"The Woman in Blue","floor":4,"gold_loss":0},{"damage_healed":0,"gold_gain":0,"player_choice":"Ignored","damage_taken":0,"max_hp_gain":0,"max_hp_loss":0,"event_name":"Liars Game","floor":8,"gold_loss":0}],"is_beta":false,"boss_relics":[],"items_purged_floors":[],"is_endless":false,"potions_floor_spawned":[1],"killed_by":"3 Sentries","ascension_level":20}