{"gold_per_floor":[117,131,56,70,82,82,82,113,183,55,88,98,98,118,118,196,196,207,218,218,218,218,218,218],"floor_reached":24,"playtime":710,"items_purged":["Strike_R"],"score":412,"play_id":"59476b92-5eb9-4cf2-a2f3-43bb6d5fedc4","local_time":"20190416185312","is_ascension_mode":true,"campfire_choices":[{"data":"Whirlwind","floor":6,"key":"SMITH"},{"data":"Disarm","floor":13,"key":"SMITH"},{"data":"Bash","floor":15,"key":"SMITH"},{"data":"Limit Break","floor":23,"key":"SMITH"}],"neow_cost":"NONE","seed_source_timestamp":53505748227700,"circlet_count":0,"master_deck":["AscendersBane","Strike_R","Strike_R","Strike_R","Defend_R","Defend_R","Defend_R","Defend_R","Bash+1","Spot Weakness","Shrug It Off","Whirlwind+1","Disarm+1","Seeing Red","Rampage","Flame Barrier","Feel No Pain","Limit Break+1","Sword Boomerang","Clothesline"],"relics":["Burning Blood","NeowsBlessing","Champion Belt","Meat on the Bone","Centennial Puzzle","Runic Dome"],"potions_floor_usage":[8,11,16,16,21,24],"damage_taken":[{"damage":0,"enemies":"Cultist","floor":1,"turns":1},{"damage":0,"enemies":"2 Louse","floor":2,"turns":1},{"damage":0,"enemies":"Jaw Worm","floor":4,"turns":1},{"damage":14,"enemies":"Blue Slaver","floor":5,"turns":6},{"damage":36,"enemies":"Gremlin Nob","floor":8,"turns":4},{"damage":20,"enemies":"3 Sentries","floor":11,"turns":3},{"damage":2,"enemies":"Exordium Wildlife","floor":12,"turns":2},{"damage":0,"enemies":"Looter","floor":14,"turns":3},{"damage":34,"enemies":"Hexaghost","floor":16,"turns":10},{"damage":22,"enemies":"Spheric Guardian","floor":18,"turns":4},{"damage":30,"enemies":"2 Thieves","floor":19,"turns":4},{"damage":11,"enemies":"Colosseum Slavers","floor":21,"turns":2},{"damage":59,"enemies":"Slavers","floor":24,"turns":4}],"seed_played":"-7046163546267122795","potions_obtained":[{"floor":5,"key":"SkillPotion"},{"floor":8,"key":"Weak Potion"},{"floor":12,"key":"EssenceOfSteel"},{"floor":16,"key":"Fruit Juice"},{"floor":19,"key":"Energy Potion"}],"is_trial":false,"path_per_floor":["M","M","$","M","M","R","?","E","T","$","E","M","R","M","R","B",null,"M","M","?","?","?","R","E"],"character_chosen":"IRONCLAD","items_purchased":["Whirlwind","Strength Potion"],"campfire_rested":0,"item_purchase_floors":[3,10],"current_hp_per_floor":[74,75,75,75,67,67,67,37,37,37,35,51,51,57,57,46,72,56,44,44,51,51,51,0],"gold":218,"neow_bonus":"THREE_ENEMY_KILL","is_prod":false,"is_daily":false,"chose_seed":false,"campfire_upgraded":4,"win_rate":0,"timestamp":1555408392,"path_taken":["M","?","$","M","?","R","?","E","T","?","E","M","R","M","R","BOSS","M","M","?","?","?","R","E"],"build_version":"2019-01-23","purchased_purges":1,"victory":false,"max_hp_per_floor":[75,75,75,75,75,75,75,75,75,75,75,75,75,75,75,80,80,80,80,80,80,80,80,80],"card_choices":[{"not_picked":["Flex","Shrug It Off"],"picked":"Spot Weakness","floor":1},{"not_picked":["Twin Strike","Pummel"],"picked":"Shrug It Off","floor":2},{"not_picked":["Sword Boomerang","Searing Blow"],"picked":"Disarm","floor":4},{"not_picked":["Warcry","Sever Soul"],"picked":"Seeing Red","floor":5},{"not_picked":["Sentinel","Thunderclap"],"picked":"Rampage","floor":8},{"not_picked":["Perfected Strike","Pommel Strike"],"picked":"Flame Barrier","floor":11},{"not_picked":["Wild Strike","Warcry"],"picked":"Feel No Pain","floor":12},{"not_picked":["Power Through","Rampage","Cleave"],"picked":"SKIP","floor":14},{"not_picked":["Double Tap","Reaper"],"picked":"Limit Break","floor":16},{"not_picked":["Warcry","Perfected Strike"],"picked":"Sword Boomerang","floor":18},{"not_picked":["Headbutt+1","Twin Strike","Pommel Strike"],"picked":"SKIP","floor":19}],"player_experience":3183615,"relics_obtained":[{"floor":8,"key":"Champion Belt"},{"floor":9,"key":"Meat on the Bone"},{"floor":11,"key":"Centennial Puzzle"}],"event_choices":[{"damage_healed":0,"gold_gain":0,"player_choice":"Ignored","damage_taken":0,"max_hp_gain":0,"max_hp_loss":0,"event_name":"Liars Game","floor":7,"gold_loss":0},{"damage_healed":0,"gold_gain":0,"player_choice":"Ignored","damage_taken":0,"max_hp_gain":0,"max_hp_loss":0,"event_name":"Ghosts","floor":20,"gold_loss":0},{"damage_healed":0,"gold_gain":0,"player_choice":"Fight","damage_taken":0,"max_hp_gain":0,"max_hp_loss":0,"event_name":"Colosseum","floor":21,"gold_loss":0},{"damage_healed":0,"gold_gain":0,"player_choice":"Fled From Nobs","damage_taken":0,"max_hp_gain":0,"max_hp_loss":0,"event_name":"Colosseum","floor":21,"gold_loss":0},{"damage_healed":0,"gold_gain":0,"cards_transformed":["Strike_R"],"player_choice":"Transformed","damage_taken":0,"max_hp_gain":0,"max_hp_loss":0,"event_name":"Transmorgrifier","floor":22,"gold_loss":0,"cards_obtained":["Clothesline"]}],"is_beta":false,"boss_relics":[{"not_picked":["Mark of Pain","Fusion Hammer"],"picked":"Runic Dome"}],"items_purged_floors":[10],"is_endless":false,"potions_floor_spawned":[5,8,12,16,19,21],"killed_by":"Slavers","ascension_level":20}