{"gold_per_floor":[109,109,34,54,18,18,45,45,127,127,157,169,169,200,200,276,276,294,294,40,40,58,58,92,110,110,135,135,167,178,178],"floor_reached":31,"playtime":1697,"items_purged":["Pain","Dagger Throw"],"score":518,"play_id":"53fa13a9-efcc-4b40-ad9a-672a128c3506","local_time":"20181121140938","is_ascension_mode":true,"campfire_choices":[{"data":"Neutralize","floor":6.0,"key":"SMITH"},{"data":"Infinite Blades","floor":8.0,"key":"SMITH"},{"data":"Finisher","floor":10.0,"key":"SMITH"},{"data":"Noxious Fumes","floor":13.0,"key":"SMITH"},{"data":"Cloak And Dagger","floor":15.0,"key":"SMITH"},{"data":"Calculated Gamble","floor":23.0,"key":"SMITH"},{"floor":28.0,"key":"REST"}],"neow_cost":"NONE","seed_source_timestamp":971085239697683,"circlet_count":0,"master_deck":["AscendersBane","Survivor","Neutralize+1","Blur","Flying Knee","Infinite Blades+1","Finisher+1","Cloak And Dagger+1","Noxious Fumes+1","PiercingWail","Tools of the Trade","Dagger Throw","Dagger Throw","Underhanded Strike","Poisoned Stab","Acrobatics","Quick Slash","All Out Attack","PiercingWail","Deadly Poison","Backflip","Calculated Gamble+1","Escape Plan"],"special_seed":0,"relics":["Ring of the Snake","NeowsBlessing","WarpedTongs","Pantograph","Dodecahedron","Potion Belt","Whetstone","Pandora\u0027s Box","Bag of Preparation","Mercury Hourglass","Bottled Tornado","Gambling Chip","PreservedInsect","Kunai"],"potions_floor_usage":[30,30],"damage_taken":[{"damage":0.0,"enemies":"Small Slimes","floor":1.0,"turns":1.0},{"damage":0.0,"enemies":"Cultist","floor":4.0,"turns":1.0},{"damage":0.0,"enemies":"Gremlin Nob","floor":7.0,"turns":1.0},{"damage":17.0,"enemies":"Lagavulin","floor":11.0,"turns":7.0},{"damage":2.0,"enemies":"2 Louse","floor":12.0,"turns":4.0},{"damage":14.0,"enemies":"3 Sentries","floor":14.0,"turns":7.0},{"damage":19.0,"enemies":"The Guardian","floor":16.0,"turns":11.0},{"damage":6.0,"enemies":"Spheric Guardian","floor":18.0,"turns":3.0},{"damage":1.0,"enemies":"Chosen","floor":22.0,"turns":4.0},{"damage":38.0,"enemies":"Slavers","floor":24.0,"turns":5.0},{"damage":5.0,"enemies":"Sentry and Sphere","floor":25.0,"turns":4.0},{"damage":19.0,"enemies":"Gremlin Leader","floor":29.0,"turns":5.0},{"damage":10,"enemies":"Shelled Parasite and Fungi","floor":30,"turns":5},{"damage":17,"enemies":"Cultist and Chosen","floor":31,"turns":4}],"seed_played":"2480840482646249258","potions_obtained":[{"floor":11.0,"key":"PowerPotion"},{"floor":14.0,"key":"FearPotion"},{"floor":16.0,"key":"Dexterity Potion"},{"floor":22.0,"key":"EssenceOfSteel"},{"floor":24.0,"key":"Swift Potion"}],"is_trial":false,"path_per_floor":["M","?","$","M","$","R","E","R","T","R","E","M","R","E","R","B",null,"M","?","$","?","M","R","E","M","T","T","R","E","M","M"],"character_chosen":"THE_SILENT","items_purchased":["Infinite Blades","Bag of Preparation"],"campfire_rested":1,"item_purchase_floors":[5,20],"current_hp_per_floor":[63,63,63,63,63,63,63,63,63,63,46,44,44,30,30,36,62,56,56,56,56,55,55,17,12,12,12,33,14,4,0],"gold":178,"neow_bonus":"THREE_ENEMY_KILL","is_prod":false,"is_daily":false,"chose_seed":false,"campfire_upgraded":6,"win_rate":0,"timestamp":1542780578,"path_taken":["M","?","$","M","$","R","E","R","T","R","E","?","R","E","R","BOSS","M","?","$","?","M","R","E","M","T","?","R","E","M","M"],"build_version":"2018-11-15","purchased_purges":2,"victory":false,"max_hp_per_floor":[70,70,70,70,70,70,70,70,70,70,70,70,70,70,70,70,70,70,70,70,70,70,70,70,70,70,70,70,70,70,70],"card_choices":[{"not_picked":["Prepared","Outmaneuver"],"picked":"Blur","floor":1.0},{"not_picked":["Sucker Punch","Outmaneuver"],"picked":"Flying Knee","floor":4.0},{"not_picked":["Acrobatics","Deadly Poison"],"picked":"Finisher","floor":7.0},{"not_picked":["Storm of Steel","Sucker Punch"],"picked":"Cloak And Dagger","floor":11.0},{"not_picked":["Accuracy","Blade Dance"],"picked":"Noxious Fumes","floor":12.0},{"not_picked":["Quick Slash","Deflect"],"picked":"PiercingWail","floor":14.0},{"not_picked":["Venomology","Doppelganger"],"picked":"Tools of the Trade","floor":16.0},{"not_picked":["Underhanded Strike","Skewer","Blade Dance"],"picked":"SKIP","floor":18.0},{"not_picked":["Dagger Throw","Outmaneuver"],"picked":"Calculated Gamble","floor":22.0},{"not_picked":["Eviscerate","Outmaneuver","Slice"],"picked":"SKIP","floor":24.0},{"not_picked":["Expertise","PiercingWail"],"picked":"Escape Plan","floor":25.0},{"not_picked":["Calculated Gamble","Slice","Skewer"],"picked":"SKIP","floor":29.0},{"not_picked":["Bane","Slice","Blade Dance+1"],"picked":"SKIP","floor":30}],"player_experience":525862,"relics_obtained":[{"floor":7.0,"key":"Pantograph"},{"floor":9.0,"key":"Dodecahedron"},{"floor":11.0,"key":"Potion Belt"},{"floor":14.0,"key":"Whetstone"},{"floor":24.0,"key":"Bottled Tornado"},{"floor":26.0,"key":"Gambling Chip"},{"floor":27.0,"key":"PreservedInsect"},{"floor":29.0,"key":"Kunai"}],"event_choices":[{"damage_healed":0.0,"max_hp_gain":0.0,"max_hp_loss":0.0,"gold_gain":0.0,"event_name":"Accursed Blacksmith","player_choice":"Rummage","floor":2.0,"gold_loss":0.0,"damage_taken":0.0,"relics_obtained":["WarpedTongs"],"cards_obtained":["Pain"]},{"damage_healed":0.0,"max_hp_gain":0.0,"max_hp_loss":0.0,"gold_gain":0.0,"event_name":"The Library","player_choice":"Read","floor":19.0,"gold_loss":0.0,"damage_taken":0.0,"cards_obtained":["Backflip"]},{"damage_healed":0.0,"max_hp_gain":0.0,"max_hp_loss":0.0,"gold_gain":0.0,"event_name":"The Mausoleum","player_choice":"Opened","floor":21.0,"gold_loss":0.0,"damage_taken":0.0,"relics_obtained":["Mercury Hourglass"]}],"is_beta":true,"boss_relics":[{"not_picked":["Black Star","Astrolabe"],"picked":"Pandora\u0027s Box"}],"items_purged_floors":[3,20],"is_endless":false,"potions_floor_spawned":[11,14,16,22,24],"killed_by":"Cultist and Chosen","ascension_level":13}