{"gold_per_floor":[119,119,135,11,11,45,45,63,112,124,124,136,152,165,165,264,264,282,282,332,349,365,365,385,405,405,405,420,440,440,440,440,440],"floor_reached":33,"playtime":1271,"items_purged":[],"score":278,"play_id":"451015a7-65ac-43ff-b553-08fef8662ea6","local_time":"20181126195207","is_ascension_mode":false,"campfire_choices":[{"data":"Self Repair","floor":7,"key":"SMITH"},{"data":"Steam Power","floor":11,"key":"SMITH"},{"data":"Defragment","floor":15,"key":"SMITH"},{"floor":23,"key":"REST"},{"floor":27,"key":"REST"},{"floor":30,"key":"REST"},{"data":"Machine Learning","floor":32,"key":"SMITH"}],"neow_cost":"NONE","seed_source_timestamp":847693203146114,"circlet_count":0,"master_deck":["Strike_B","Strike_B","Strike_B","Defend_B","Defend_B","Defend_B","Defend_B","Zap+1","Dualcast","Leap","Steam","Self Repair+1","Steam","Beam Cell","Steam Power+1","Darkness","Recycle","Lockon","Defragment+1","Machine Learning+1","Hologram+1","Go for the Eyes+1","Steam+1","Turbo","Reinforced Body","Genetic Algorithm+1","Conserve Battery"],"relics":["Cracked Core","NeowsBlessing","Vajra","Bag of Preparation","Sozu","Nilry\u0027s Codex","Frozen Egg 2"],"potions_floor_usage":[16,25],"damage_taken":[{"damage":0,"enemies":"2 Louse","floor":1,"turns":1},{"damage":0,"enemies":"Jaw Worm","floor":3,"turns":1},{"damage":0,"enemies":"Gremlin Nob","floor":6,"turns":1},{"damage":0,"enemies":"Cultist","floor":8,"turns":3},{"damage":0,"enemies":"2 Fungi Beasts","floor":10,"turns":3},{"damage":15,"enemies":"Large Slime","floor":12,"turns":4},{"damage":12,"enemies":"Exordium Thugs","floor":13,"turns":5},{"damage":2,"enemies":"Blue Slaver","floor":14,"turns":3},{"damage":53,"enemies":"Hexaghost","floor":16,"turns":9},{"damage":18,"enemies":"3 Byrds","floor":18,"turns":5},{"damage":12,"enemies":"Spheric Guardian","floor":21,"turns":6},{"damage":25,"enemies":"3 Cultists","floor":22,"turns":5},{"damage":26,"enemies":"Shelled Parasite and Fungi","floor":24,"turns":5},{"damage":25,"enemies":"Cultist and Chosen","floor":25,"turns":7},{"damage":14,"enemies":"Snake Plant","floor":28,"turns":4},{"damage":20,"enemies":"Centurion and Healer","floor":29,"turns":9},{"damage":62,"enemies":"Collector","floor":33,"turns":6}],"seed_played":"2102853624159447238","potions_obtained":[{"floor":3,"key":"SneckoOil"},{"floor":10,"key":"Weak Potion"},{"floor":12,"key":"Explosive Potion"}],"is_trial":false,"path_per_floor":["M","?","M","$","?","E","R","M","T","M","R","M","M","M","R","B",null,"M","?","?","M","M","R","M","M","T","R","M","M","R","?","R","B"],"character_chosen":"DEFECT","items_purchased":["Self Repair","Steam"],"campfire_rested":3,"item_purchase_floors":[4,4],"current_hp_per_floor":[75,75,75,75,75,75,75,75,75,75,75,70,68,75,75,22,75,67,51,51,49,34,56,40,25,25,47,43,33,55,55,55,0],"gold":440,"neow_bonus":"THREE_ENEMY_KILL","is_prod":false,"is_daily":false,"chose_seed":false,"campfire_upgraded":4,"win_rate":0.0,"timestamp":1543283527,"path_taken":["M","?","M","$","?","E","R","?","T","M","R","M","M","M","R","BOSS","M","?","?","M","?","R","M","M","T","R","M","M","R","?","R","BOSS"],"build_version":"2018-11-15","purchased_purges":0,"victory":false,"max_hp_per_floor":[75,75,75,75,75,75,75,75,75,75,75,75,75,75,75,75,75,75,75,75,75,75,75,75,75,75,75,75,75,75,75,75,75],"card_choices":[{"not_picked":["Compile Driver","Coolheaded"],"picked":"Leap","floor":1},{"not_picked":["Sweeping Beam","Leap"],"picked":"Steam","floor":3},{"not_picked":["Leap","Reboot"],"picked":"Beam Cell","floor":6},{"not_picked":["Go for the Eyes","FTL"],"picked":"Steam Power","floor":8},{"not_picked":["Go for the Eyes","Streamline"],"picked":"Darkness","floor":10},{"not_picked":["Coolheaded","Sweeping Beam"],"picked":"Recycle","floor":12},{"not_picked":["Cold Snap","Coolheaded"],"picked":"Lockon","floor":13},{"not_picked":["Leap","Redo"],"picked":"Defragment","floor":14},{"not_picked":["Meteor Strike","Rainbow"],"picked":"Machine Learning","floor":16},{"not_picked":["Sunder","Doom and Gloom"],"picked":"Hologram+1","floor":18},{"not_picked":["Blizzard","Rebound+1"],"picked":"Go for the Eyes+1","floor":21},{"not_picked":["Compile Driver","Rebound+1"],"picked":"Steam+1","floor":22},{"not_picked":["Force Field+1","Sweeping Beam"],"picked":"Turbo","floor":24},{"not_picked":["White Noise","Barrage"],"picked":"Reinforced Body","floor":25},{"not_picked":["Force Field","Hologram"],"picked":"Genetic Algorithm+1","floor":28},{"not_picked":["Coolheaded","Steam"],"picked":"Conserve Battery","floor":29}],"player_experience":53751,"relics_obtained":[{"floor":6,"key":"Vajra"},{"floor":9,"key":"Bag of Preparation"},{"floor":19,"key":"Nilry\u0027s Codex"},{"floor":26,"key":"Frozen Egg 2"}],"event_choices":[{"damage_healed":0,"gold_gain":0,"player_choice":"Grow","damage_taken":0,"max_hp_gain":0,"max_hp_loss":0,"event_name":"Living Wall","floor":2,"gold_loss":0,"cards_upgraded":["Zap"]},{"cards_removed":["Strike_B"],"damage_healed":0,"gold_gain":0,"player_choice":"Purged","damage_taken":0,"max_hp_gain":0,"max_hp_loss":0,"event_name":"Purifier","floor":5,"gold_loss":0},{"damage_healed":0,"gold_gain":0,"player_choice":"Obtained Book","damage_taken":16,"max_hp_gain":0,"max_hp_loss":0,"event_name":"Cursed Tome","floor":19,"gold_loss":0},{"damage_healed":0,"gold_gain":100,"player_choice":"Bet on Murderer","damage_taken":0,"max_hp_gain":0,"max_hp_loss":0,"event_name":"The Joust","floor":20,"gold_loss":50},{"damage_healed":0,"gold_gain":0,"player_choice":"Ignored","damage_taken":0,"max_hp_gain":0,"max_hp_loss":0,"event_name":"NoteForYourself","floor":31,"gold_loss":0}],"is_beta":false,"boss_relics":[{"not_picked":["FrozenCore","Empty Cage"],"picked":"Sozu"}],"items_purged_floors":[],"is_endless":false,"potions_floor_spawned":[3,10,12,21,25,28,29],"killed_by":"Collector","ascension_level":0}