{"gold_per_floor":[117,21,21,21,21,21,62,62,62,62,81,81,112,127,127,127],"floor_reached":16,"playtime":316,"items_purged":[],"score":262,"play_id":"46df24bc-d8bd-4969-a3e7-5867a07cf1f6","local_time":"20190309190300","is_ascension_mode":true,"campfire_choices":[{"data":"Discovery","floor":6,"key":"SMITH"},{"data":"Darkness","floor":8,"key":"SMITH"},{"data":"Zap","floor":12,"key":"SMITH"},{"data":"Dualcast","floor":15,"key":"SMITH"}],"neow_cost":"NONE","seed_source_timestamp":31817269460000,"circlet_count":0,"master_deck":["AscendersBane","Strike_B","Strike_B+1","Strike_B","Strike_B","Defend_B+1","Defend_B","Defend_B","Defend_B","Zap+1","Dualcast+1","FTL","Discovery+1","Darkness+1","White Noise","Hologram+1"],"relics":["Cracked Core","NeowsBlessing","Golden Idol","Lantern","Pear","Singing Bowl","Toxic Egg 2"],"potions_floor_usage":[16],"damage_taken":[{"damage":0,"enemies":"2 Louse","floor":1,"turns":1},{"damage":0,"enemies":"Gremlin Nob","floor":7,"turns":1},{"damage":0,"enemies":"Small Slimes","floor":11,"turns":1},{"damage":9,"enemies":"Lagavulin","floor":13,"turns":7},{"damage":6,"enemies":"Cultist","floor":14,"turns":3},{"damage":45,"enemies":"Hexaghost","floor":16,"turns":9}],"seed_played":"-8405719157758936076","potions_obtained":[{"floor":1,"key":"LiquidBronze"},{"floor":14,"key":"FairyPotion"}],"is_trial":false,"path_per_floor":["M","$","?","?","?","R","E","R","T","T","M","R","E","M","R","B"],"character_chosen":"DEFECT","items_purchased":["Discovery"],"campfire_rested":0,"item_purchase_floors":[2],"current_hp_per_floor":[64,64,43,43,43,43,43,43,53,53,53,53,44,40,40,7],"gold":127,"neow_bonus":"THREE_ENEMY_KILL","is_prod":false,"is_daily":false,"chose_seed":false,"campfire_upgraded":4,"win_rate":0,"timestamp":1552125780,"path_taken":["M","$","?","?","?","R","E","R","T","?","M","R","E","M","R","BOSS"],"build_version":"2019-01-23","purchased_purges":0,"victory":false,"max_hp_per_floor":[71,71,71,71,64,64,64,64,74,74,74,74,74,76,76,76],"card_choices":[{"not_picked":["Heatsinks","Hologram"],"picked":"FTL","floor":1},{"not_picked":["Hologram","Darkness","Conserve Battery"],"picked":"SKIP","floor":7},{"not_picked":["Hologram","Conserve Battery"],"picked":"Darkness","floor":7},{"not_picked":["Turbo","Steam"],"picked":"White Noise","floor":11},{"not_picked":["Fusion","Sweeping Beam"],"picked":"Hologram","floor":13},{"not_picked":["Sweeping Beam","Beam Cell","FTL"],"picked":"Singing Bowl","floor":14}],"player_experience":2105127,"relics_obtained":[{"floor":7,"key":"Lantern"},{"floor":9,"key":"Pear"},{"floor":10,"key":"Singing Bowl"},{"floor":13,"key":"Toxic Egg 2"}],"event_choices":[{"damage_healed":0,"gold_gain":0,"player_choice":"Entered Light","damage_taken":21,"max_hp_gain":0,"max_hp_loss":0,"event_name":"Shining Light","floor":3,"gold_loss":0,"cards_upgraded":["Defend_B","Strike_B"]},{"damage_healed":0,"gold_gain":0,"player_choice":"Ignored","damage_taken":0,"max_hp_gain":0,"max_hp_loss":0,"event_name":"Liars Game","floor":4,"gold_loss":0},{"damage_healed":0,"gold_gain":0,"player_choice":"Lose Max HP","damage_taken":0,"relics_obtained":["Golden Idol"],"max_hp_gain":0,"max_hp_loss":7,"event_name":"Golden Idol","floor":5,"gold_loss":0}],"is_beta":false,"boss_relics":[],"items_purged_floors":[],"is_endless":false,"potions_floor_spawned":[1,14],"killed_by":"Hexaghost","ascension_level":20}