{"gold_per_floor":[119,119,194,194,207,235,235,252,252,267,267,285,285,285,285,388,388,401,419,419,432,443,474,474,506,532,532,546,566,586,586,586,586],"floor_reached":33,"playtime":907,"items_purged":[],"score":334,"play_id":"48b1a048-a879-4a54-8360-245aaa45da7a","local_time":"20190203091411","is_ascension_mode":false,"campfire_choices":[{"data":"Whirlwind","floor":7,"key":"SMITH"},{"data":"Carnage","floor":11,"key":"SMITH"},{"data":"Bash","floor":13,"key":"SMITH"},{"data":"Iron Wave","floor":15,"key":"SMITH"},{"data":"Fiend Fire","floor":24,"key":"SMITH"},{"data":"Seeing Red","floor":27,"key":"SMITH"},{"floor":32,"key":"REST"}],"neow_cost":"NONE","seed_source_timestamp":87578806082300,"circlet_count":0,"master_deck":["Strike_R","Strike_R","Strike_R","Strike_R+1","Defend_R","Defend_R","Defend_R","Defend_R+1","Bash+1","Iron Wave+1","Intimidate","Whirlwind+1","Carnage+1","Seeing Red+1","Fiend Fire+1","Shrug It Off","Second Wind+1","Flame Barrier","Armaments+1"],"relics":["Burning Blood","NeowsBlessing","Bottled Lightning","Blood Vial","Runic Dome","Regal Pillow","Oddly Smooth Stone","Kunai","Strawberry"],"potions_floor_usage":[25,25,31,31,33],"damage_taken":[{"damage":0,"enemies":"Jaw Worm","floor":1,"turns":1},{"damage":0,"enemies":"2 Louse","floor":5,"turns":1},{"damage":0,"enemies":"Lagavulin","floor":6,"turns":1},{"damage":7,"enemies":"Small Slimes","floor":8,"turns":2},{"damage":20,"enemies":"Exordium Wildlife","floor":10,"turns":3},{"damage":1,"enemies":"3 Louse","floor":12,"turns":2},{"damage":36,"enemies":"The Guardian","floor":16,"turns":10},{"damage":10,"enemies":"3 Byrds","floor":18,"turns":4},{"damage":5,"enemies":"Spheric Guardian","floor":19,"turns":3},{"damage":8,"enemies":"Snake Plant","floor":21,"turns":3},{"damage":6,"enemies":"3 Cultists","floor":22,"turns":3},{"damage":18,"enemies":"Book of Stabbing","floor":23,"turns":5},{"damage":22,"enemies":"Slavers","floor":25,"turns":3},{"damage":10,"enemies":"Cultist and Chosen","floor":28,"turns":3},{"damage":14,"enemies":"Centurion and Healer","floor":29,"turns":5},{"damage":2,"enemies":"Snake Plant","floor":30,"turns":2},{"damage":23,"enemies":"Gremlin Leader","floor":31,"turns":8},{"damage":96,"enemies":"Champ","floor":33,"turns":13}],"seed_played":"2420374351498214791","potions_obtained":[{"floor":5,"key":"GamblersBrew"},{"floor":10,"key":"Swift Potion"},{"floor":16,"key":"Strength Potion"},{"floor":25,"key":"SmokeBomb"},{"floor":28,"key":"SteroidPotion"}],"is_trial":false,"path_per_floor":["M","?","?","?","M","E","R","M","T","M","R","M","R","?","R","B",null,"M","M","?","M","M","E","R","E","T","R","M","M","M","E","R","B"],"character_chosen":"IRONCLAD","items_purchased":[],"campfire_rested":1,"item_purchase_floors":[],"current_hp_per_floor":[80,64,53,53,59,65,65,64,64,52,52,59,59,59,59,31,80,76,79,79,78,80,68,68,54,61,61,59,53,59,44,85,0],"gold":586,"neow_bonus":"THREE_ENEMY_KILL","is_prod":false,"is_daily":false,"chose_seed":false,"campfire_upgraded":6,"win_rate":0.0,"timestamp":1549152851,"path_taken":["M","?","?","?","M","E","R","M","T","?","R","M","R","?","R","BOSS","M","M","?","M","M","E","R","E","T","R","M","?","M","E","R","BOSS"],"build_version":"2019-01-23","purchased_purges":0,"victory":false,"max_hp_per_floor":[80,80,80,80,80,80,80,80,80,80,80,80,80,80,80,80,80,80,80,80,80,80,80,80,80,87,87,87,87,87,87,87,87],"card_choices":[{"not_picked":["Pommel Strike","Clothesline","Warcry"],"picked":"SKIP","floor":1},{"not_picked":["Pommel Strike","Clothesline","Warcry"],"picked":"SKIP","floor":1},{"not_picked":["True Grit","Clothesline"],"picked":"Intimidate","floor":5},{"not_picked":["Uppercut","Warcry"],"picked":"Whirlwind","floor":6},{"not_picked":["Headbutt","Perfected Strike"],"picked":"Carnage","floor":8},{"not_picked":["Headbutt","Warcry"],"picked":"Seeing Red","floor":10},{"not_picked":["Anger","Headbutt","Clash"],"picked":"SKIP","floor":12},{"not_picked":["Double Tap","Dark Embrace"],"picked":"Fiend Fire","floor":16},{"not_picked":["Corruption","Infernal Blade","Bloodletting"],"picked":"SKIP","floor":18},{"not_picked":["Flex","Headbutt","Clothesline"],"picked":"SKIP","floor":19},{"not_picked":["Pommel Strike+1","Clothesline"],"picked":"Shrug It Off","floor":21},{"not_picked":["Thunderclap","Clash"],"picked":"Second Wind+1","floor":22},{"not_picked":["Thunderclap","Perfected Strike+1"],"picked":"Flame Barrier","floor":23},{"not_picked":["Uppercut","Warcry","Pommel Strike"],"picked":"SKIP","floor":25},{"not_picked":["Blood for Blood","Rampage","Infernal Blade"],"picked":"SKIP","floor":28},{"not_picked":["Anger+1","Iron Wave","Metallicize"],"picked":"SKIP","floor":29},{"not_picked":["Clothesline","Anger"],"picked":"Armaments+1","floor":30}],"player_experience":2,"relics_obtained":[{"floor":6,"key":"Bottled Lightning"},{"floor":9,"key":"Blood Vial"},{"floor":20,"key":"Regal Pillow"},{"floor":23,"key":"Oddly Smooth Stone"},{"floor":25,"key":"Kunai"},{"floor":26,"key":"Strawberry"}],"event_choices":[{"damage_healed":0,"gold_gain":0,"player_choice":"Entered Light","damage_taken":16,"max_hp_gain":0,"max_hp_loss":0,"event_name":"Shining Light","floor":2,"gold_loss":0,"cards_upgraded":["Strike_R","Defend_R"]},{"damage_healed":0,"gold_gain":75,"player_choice":"Gather Gold","damage_taken":11,"max_hp_gain":0,"max_hp_loss":0,"event_name":"World of Goop","floor":3,"gold_loss":0},{"cards_removed":["Strike_R"],"damage_healed":0,"gold_gain":0,"player_choice":"Took Card","damage_taken":0,"max_hp_gain":0,"max_hp_loss":0,"event_name":"NoteForYourself","floor":4,"gold_loss":0,"cards_obtained":["Iron Wave"]},{"damage_healed":0,"gold_gain":0,"player_choice":"Ignored","damage_taken":0,"max_hp_gain":0,"max_hp_loss":0,"event_name":"Liars Game","floor":14,"gold_loss":0},{"damage_healed":0,"gold_gain":0,"player_choice":"Relic","damage_taken":0,"max_hp_gain":0,"max_hp_loss":0,"event_name":"Wheel of Change","floor":20,"gold_loss":0}],"is_beta":false,"boss_relics":[{"not_picked":["Empty Cage","Sozu"],"picked":"Runic Dome"}],"items_purged_floors":[],"is_endless":false,"potions_floor_spawned":[5,10,16,18,25,28,30],"killed_by":"Champ","ascension_level":0}