{"gold_per_floor":[113,113,263,263,538,538,570,581,607,105,105],"floor_reached":11,"playtime":187,"items_purged":["Regret"],"score":138,"play_id":"d41495db-a9eb-41da-ac86-d98bd7a1e89c","local_time":"20190413185926","is_ascension_mode":true,"campfire_choices":[{"data":"Tempest","floor":6,"key":"SMITH"}],"neow_cost":"TEN_PERCENT_HP_LOSS","seed_source_timestamp":113268126396600,"circlet_count":0,"master_deck":["AscendersBane","Strike_B","Strike_B","Strike_B","Strike_B","Defend_B","Defend_B","Defend_B","Zap","Dualcast","Tempest+1","Doubt","FTL","Cold Snap","Finesse","Coolheaded+1"],"relics":["Cracked Core","Torii","Ice Cream","Toxic Egg 2"],"potions_floor_usage":[7],"damage_taken":[{"damage":7,"enemies":"Jaw Worm","floor":1,"turns":3},{"damage":40,"enemies":"Gremlin Nob","floor":7,"turns":4},{"damage":20,"enemies":"Small Slimes","floor":8,"turns":2},{"damage":0,"enemies":"2 Louse","floor":11,"turns":1}],"seed_played":"958131165110841741","potions_obtained":[{"floor":1,"key":"Fire Potion"}],"is_trial":false,"path_per_floor":["M","?","?","?","?","R","E","M","T","$","M"],"character_chosen":"DEFECT","items_purchased":["Finesse","Toxic Egg 2","Coolheaded+1"],"campfire_rested":0,"item_purchase_floors":[10,10,10],"current_hp_per_floor":[57,57,57,62,62,62,22,2,2,2,2],"gold":105,"neow_bonus":"ONE_RARE_RELIC","is_prod":false,"is_daily":false,"chose_seed":false,"campfire_upgraded":1,"win_rate":0,"timestamp":1555149566,"path_taken":["M","?","?","?","?","R","E","M","T","$","M"],"build_version":"2019-01-23","purchased_purges":1,"victory":false,"max_hp_per_floor":[64,64,64,69,69,69,69,69,69,69,69],"card_choices":[{"not_picked":["Steam Power","Genetic Algorithm","Fusion"],"picked":"SKIP","floor":1},{"not_picked":["Rebound","Hologram"],"picked":"FTL","floor":7},{"not_picked":["Rip and Tear","Genetic Algorithm"],"picked":"Cold Snap","floor":8}],"player_experience":3104390,"relics_obtained":[{"floor":7,"key":"Ice Cream"}],"event_choices":[{"damage_healed":0,"gold_gain":0,"cards_transformed":["Defend_B"],"player_choice":"Change","damage_taken":0,"max_hp_gain":0,"max_hp_loss":0,"event_name":"Living Wall","floor":2,"gold_loss":0,"cards_obtained":["Tempest"]},{"damage_healed":0,"gold_gain":150,"player_choice":"AGREE","damage_taken":0,"max_hp_gain":0,"max_hp_loss":0,"event_name":"Liars Game","floor":3,"gold_loss":0,"cards_obtained":["Doubt"]},{"damage_healed":0,"gold_gain":0,"player_choice":"Donut","damage_taken":0,"max_hp_gain":5,"max_hp_loss":0,"event_name":"Big Fish","floor":4,"gold_loss":0},{"damage_healed":0,"gold_gain":275,"player_choice":"Desecrate","damage_taken":0,"max_hp_gain":0,"max_hp_loss":0,"event_name":"Golden Shrine","floor":5,"gold_loss":0,"cards_obtained":["Regret"]}],"is_beta":false,"boss_relics":[],"items_purged_floors":[10],"is_endless":false,"potions_floor_spawned":[1],"killed_by":"2 Louse","ascension_level":20}