{"path_per_floor":["M","M","M","?","?","R","?","R","T","M","M","E","?","M","R"],"character_chosen":"DEFECT","items_purchased":[],"gold_per_floor":[117,133,145,145,145,145,145,145,227,240,251,286,461,479,479,479],"floor_reached":16,"campfire_rested":2,"playtime":782,"item_purchase_floors":[],"current_hp_per_floor":[75,68,64,64,64,64,49,71,71,70,65,59,59,59,75,0],"items_purged":[],"gold":479,"score":122,"play_id":"6da4d4f5-b2d8-4b91-a523-f3658ad7623c","local_time":"20180603175441","is_prod":false,"is_daily":false,"chose_seed":false,"is_ascension_mode":true,"campfire_upgraded":1,"win_rate":0,"timestamp":1528037681,"campfire_choices":[{"data":"Zap","floor":6,"key":"SMITH"},{"floor":8,"key":"REST"},{"floor":15,"key":"REST"}],"path_taken":["M","M","M","?","?","R","?","R","T","M","M","E","?","?","R","BOSS"],"build_version":"2018-05-31","seed_source_timestamp":1107563126123940,"purchased_purges":0,"victory":false,"master_deck":["Strike_B","Strike_B","Strike_B","Strike_B","Defend_B","Defend_B+1","Defend_B","Defend_B+1","Zap+1","Dualcast","Go for the Eyes","Redo+1","Steam","Heatsinks","FTL","Doubt","Storm","Gash"],"max_hp_per_floor":[75,75,75,75,75,75,75,75,75,75,75,75,75,75,75,75],"relics":["Cracked Core","Boot","Toolbox","Dream Catcher"],"card_choices":[{"not_picked":["Compile Driver","Reinforced Body"],"picked":"Go for the Eyes","floor":1},{"not_picked":["Conserve Battery","Blizzard","Rebound"],"picked":"SKIP","floor":2},{"not_picked":["Aggregate","Sweeping Beam"],"picked":"Redo","floor":3},{"not_picked":["Conserve Battery","Reprogram"],"picked":"Steam","floor":10},{"not_picked":["Beam Cell","Leap"],"picked":"Heatsinks","floor":11},{"not_picked":["Stack","Meteor Strike"],"picked":"FTL","floor":12},{"not_picked":["Redo","Loop"],"picked":"Storm","floor":14},{"not_picked":["Chaos","Turbo"],"picked":"Gash","floor":15}],"player_experience":469397,"potions_floor_usage":[12],"damage_taken":[{"damage":0,"enemies":"Small Slimes","floor":1,"turns":3},{"damage":7,"enemies":"2 Louse","floor":2,"turns":3},{"damage":4,"enemies":"Jaw Worm","floor":3,"turns":3},{"damage":1,"enemies":"Blue Slaver","floor":10,"turns":3},{"damage":5,"enemies":"Large Slime","floor":11,"turns":6},{"damage":6,"enemies":"3 Sentries","floor":12,"turns":7},{"damage":0,"enemies":"2 Fungi Beasts","floor":14,"turns":3},{"damage":75,"enemies":"Hexaghost","floor":16,"turns":10}],"relics_obtained":[{"floor":9,"key":"Toolbox"},{"floor":12,"key":"Dream Catcher"}],"event_choices":[{"event_name":"Golden Wing","player_choice":"Ignored","floor":4,"damage_taken":0},{"event_name":"Living Wall","player_choice":"Grow","floor":5,"damage_taken":0},{"event_name":"Shining Light","player_choice":"Entered Light","floor":7,"damage_taken":0},{"event_name":"Liars Game","player_choice":"agreed","floor":13,"damage_taken":0}],"boss_relics":[],"items_purged_floors":[],"potions_floor_spawned":[2,10,12],"seed_played":"-1021017575788903786","killed_by":"Hexaghost","ascension_level":4,"potions_obtained":[{"floor":2,"key":"SmokeBomb"},{"floor":10,"key":"Block Potion"},{"floor":12,"key":"Energy Potion"}],"is_trial":false}