{"gold_per_floor":[109,109,34,34,34,34,53,85,164,164,178,205,217,217,217,294,294,306,206,217,142,158,158,158],"floor_reached":24,"playtime":820,"items_purged":["Strike_R","Pain"],"score":458,"play_id":"861aea4a-6eb3-43b4-a16b-0bc43f2e6712","local_time":"20190325173532","is_ascension_mode":true,"campfire_choices":[{"data":"Spot Weakness","floor":6.0,"key":"SMITH"},{"data":"Barricade","floor":15.0,"key":"SMITH"},{"floor":23,"key":"REST"}],"neow_cost":"NONE","seed_source_timestamp":81093501421200,"circlet_count":0,"master_deck":["AscendersBane","Strike_R+1","Strike_R","Strike_R","Defend_R","Defend_R","Defend_R","Defend_R","Bash+1","Spot Weakness+1","Shrug It Off","Body Slam","Barricade+1","Burning Pact","Impervious","Flame Barrier"],"special_seed":0,"relics":["Burning Blood","NeowsBlessing","Calipers","Unceasing Top","Shuriken","WarpedTongs","Strawberry","Fusion Hammer"],"potions_floor_usage":[24],"damage_taken":[{"damage":0.0,"enemies":"2 Louse","floor":1.0,"turns":1.0},{"damage":0.0,"enemies":"Jaw Worm","floor":7.0,"turns":1.0},{"damage":0.0,"enemies":"3 Sentries","floor":8.0,"turns":2.0},{"damage":4.0,"enemies":"Cultist","floor":11.0,"turns":4.0},{"damage":40.0,"enemies":"Gremlin Nob","floor":12.0,"turns":4.0},{"damage":33.0,"enemies":"Large Slime","floor":13.0,"turns":10.0},{"damage":41.0,"enemies":"The Guardian","floor":16.0,"turns":8.0},{"damage":36.0,"enemies":"3 Byrds","floor":18.0,"turns":7.0},{"damage":15.0,"enemies":"Spheric Guardian","floor":20.0,"turns":6.0},{"damage":0.0,"enemies":"3 Cultists","floor":22.0,"turns":6.0},{"damage":61,"enemies":"Slavers","floor":24,"turns":6}],"seed_played":"6303862484004444581","potions_obtained":[{"floor":1.0,"key":"EssenceOfSteel"},{"floor":8.0,"key":"Regen Potion"},{"floor":13.0,"key":"Swift Potion"},{"floor":16.0,"key":"SkillPotion"},{"floor":22.0,"key":"Regen Potion"}],"is_trial":false,"path_per_floor":["M","?","$","?","T","R","M","E","T","?","M","E","M","?","R","B",null,"M","$","M","?","M","R","E"],"character_chosen":"IRONCLAD","items_purchased":[],"campfire_rested":1,"item_purchase_floors":[],"current_hp_per_floor":[74,51,51,51,51,51,57,63,63,63,65,50,23,50,50,15,65,35,35,26,26,32,56,10],"gold":158,"neow_bonus":"THREE_ENEMY_KILL","is_prod":false,"is_daily":false,"chose_seed":false,"campfire_upgraded":2,"win_rate":0,"timestamp":1553502932,"path_taken":["M","?","$","?","?","R","M","E","T","?","M","E","?","?","R","BOSS","M","$","M","?","M","R","E"],"build_version":"2019-01-23","purchased_purges":2,"victory":false,"max_hp_per_floor":[75,75,75,75,75,75,75,75,75,75,75,82,82,82,82,82,82,82,82,82,82,82,82,82],"card_choices":[{"not_picked":["Thunderclap","Perfected Strike"],"picked":"Spot Weakness","floor":1.0},{"not_picked":["Anger","Pummel"],"picked":"Shrug It Off","floor":7.0},{"not_picked":["Perfected Strike","Heavy Blade"],"picked":"Body Slam","floor":8.0},{"not_picked":["Cleave","Headbutt"],"picked":"Barricade","floor":11.0},{"not_picked":["Anger","Inflame"],"picked":"Burning Pact","floor":12.0},{"not_picked":["Clothesline","Wild Strike","Iron Wave"],"picked":"SKIP","floor":13.0},{"not_picked":["Immolate","Demon Form"],"picked":"Impervious","floor":16.0},{"not_picked":["Blood for Blood","Metallicize","Infernal Blade"],"picked":"SKIP","floor":18.0},{"not_picked":["Pommel Strike+1","Headbutt+1"],"picked":"Flame Barrier","floor":20.0},{"not_picked":["Wild Strike","Combust","Heavy Blade"],"picked":"SKIP","floor":22.0}],"player_experience":2568989,"relics_obtained":[{"floor":5.0,"key":"Calipers"},{"floor":8.0,"key":"Unceasing Top"},{"floor":9.0,"key":"Shuriken"},{"floor":12.0,"key":"Strawberry"}],"event_choices":[{"damage_healed":0.0,"max_hp_gain":0.0,"max_hp_loss":0.0,"gold_gain":0.0,"event_name":"Shining Light","player_choice":"Entered Light","floor":2.0,"gold_loss":0.0,"damage_taken":23.0,"cards_upgraded":["Bash","Strike_R"]},{"damage_healed":0.0,"max_hp_gain":0.0,"max_hp_loss":0.0,"gold_gain":0.0,"event_name":"The Cleric","player_choice":"Leave","floor":4.0,"gold_loss":0.0,"damage_taken":0.0},{"damage_healed":0.0,"max_hp_gain":0.0,"max_hp_loss":0.0,"gold_gain":0.0,"event_name":"Accursed Blacksmith","player_choice":"Rummage","floor":10.0,"gold_loss":0.0,"damage_taken":0.0,"relics_obtained":["WarpedTongs"],"cards_obtained":["Pain"]},{"damage_healed":27.0,"max_hp_gain":0.0,"max_hp_loss":0.0,"gold_gain":0.0,"event_name":"Big Fish","player_choice":"Banana","floor":14.0,"gold_loss":0.0,"damage_taken":0.0},{"cards_removed":["Strike_R"],"damage_healed":0.0,"max_hp_gain":0.0,"max_hp_loss":0.0,"gold_gain":0.0,"event_name":"Beggar","player_choice":"Gave Gold","floor":21.0,"gold_loss":75.0,"damage_taken":0.0}],"is_beta":false,"boss_relics":[{"not_picked":["White Beast Statue","Mark of Pain"],"picked":"Fusion Hammer"}],"items_purged_floors":[3,19],"is_endless":false,"potions_floor_spawned":[1,8,13,16,22],"killed_by":"Slavers","ascension_level":20}