{"gold_per_floor":[362,362,375,30,30,30,64,64,91,39,82,96,96,111,111,207,207,227,242,261,261,261,261,285,285],"floor_reached":25,"playtime":847,"items_purged":["Injury"],"score":422,"play_id":"34d25a3c-7834-4d72-81e5-37ab53266932","local_time":"20190310014600","is_ascension_mode":true,"campfire_choices":[{"data":"Sunder","floor":6,"key":"SMITH"},{"data":"Consume","floor":13,"key":"SMITH"},{"data":"Beam Cell","floor":15,"key":"SMITH"},{"floor":23,"key":"REST"}],"neow_cost":"TEN_PERCENT_HP_LOSS","seed_source_timestamp":55465137881600,"circlet_count":0,"master_deck":["AscendersBane","Zap","Dualcast","Sunder+1","Cold Snap","Reboot","Beam Cell+1","Consume+1","Ball Lightning","FTL","Core Surge","Electrodynamics","Compile Driver","Rainbow","Chaos","Heatsinks","Chaos","Cold Snap","Skim","Loop","Electrodynamics","Defragment"],"relics":["Cracked Core","Golden Idol","Singing Bowl","Mummified Hand","Regal Pillow","Cables","Pandora\u0027s Box"],"potions_floor_usage":[7,20,24,25],"damage_taken":[{"damage":12,"enemies":"Small Slimes","floor":1,"turns":3},{"damage":12,"enemies":"Jaw Worm","floor":3,"turns":2},{"damage":4,"enemies":"3 Sentries","floor":7,"turns":6},{"damage":8,"enemies":"Gremlin Nob","floor":11,"turns":3},{"damage":3,"enemies":"2 Louse","floor":12,"turns":2},{"damage":8,"enemies":"Exordium Wildlife","floor":14,"turns":2},{"damage":17,"enemies":"Hexaghost","floor":16,"turns":8},{"damage":20,"enemies":"3 Byrds","floor":18,"turns":4},{"damage":16,"enemies":"Shell Parasite","floor":19,"turns":3},{"damage":12,"enemies":"Snake Plant","floor":20,"turns":3},{"damage":52,"enemies":"Shelled Parasite and Fungi","floor":24,"turns":4},{"damage":12,"enemies":"Gremlin Leader","floor":25,"turns":2}],"seed_played":"3033927895963511366","potions_obtained":[{"floor":1,"key":"Fire Potion"},{"floor":3,"key":"FocusPotion"},{"floor":14,"key":"SneckoOil"},{"floor":20,"key":"Regen Potion"},{"floor":24,"key":"PowerPotion"}],"is_trial":false,"path_per_floor":["M","?","M","$","?","R","E","?","T","$","E","M","R","M","R","B",null,"M","M","M","?","?","R","M","E"],"character_chosen":"DEFECT","items_purchased":["Singing Bowl","Beam Cell"],"campfire_rested":1,"item_purchase_floors":[4,10],"current_hp_per_floor":[52,52,40,40,40,40,36,57,57,57,49,46,46,38,38,21,53,35,19,9,9,9,44,4,0],"gold":285,"neow_bonus":"TWO_FIFTY_GOLD","is_prod":false,"is_daily":false,"chose_seed":false,"campfire_upgraded":3,"win_rate":0,"timestamp":1552149960,"path_taken":["M","?","M","?","?","R","E","?","T","$","E","M","R","?","R","BOSS","M","M","M","?","?","R","?","E"],"build_version":"2019-01-23","purchased_purges":1,"victory":false,"max_hp_per_floor":[64,64,64,64,64,64,64,64,64,64,64,64,64,64,64,64,64,66,66,68,68,68,68,68,68],"card_choices":[{"not_picked":["Static Discharge","Tempest"],"picked":"Sunder","floor":1},{"not_picked":["Fusion","Redo"],"picked":"Cold Snap","floor":3},{"not_picked":["Gash","Compile Driver"],"picked":"Reboot","floor":7},{"not_picked":["Static Discharge","Gash"],"picked":"Consume","floor":11},{"not_picked":["Gash","Barrage"],"picked":"Ball Lightning","floor":12},{"not_picked":["Steam Power","Redo"],"picked":"FTL","floor":14},{"not_picked":["Amplify","All For One"],"picked":"Core Surge","floor":16},{"not_picked":["Doom and Gloom+1","Chaos","Beam Cell"],"picked":"Singing Bowl","floor":18},{"not_picked":["Stack","Streamline"],"picked":"Cold Snap","floor":19},{"not_picked":["Compile Driver+1","Ball Lightning","Cold Snap"],"picked":"Singing Bowl","floor":20},{"not_picked":["Sweeping Beam","Turbo"],"picked":"Defragment","floor":24}],"player_experience":2127950,"relics_obtained":[{"floor":7,"key":"Mummified Hand"},{"floor":9,"key":"Regal Pillow"},{"floor":11,"key":"Cables"}],"event_choices":[{"damage_healed":0,"gold_gain":0,"player_choice":"Take Wound","damage_taken":0,"relics_obtained":["Golden Idol"],"max_hp_gain":0,"max_hp_loss":0,"event_name":"Golden Idol","floor":2,"gold_loss":0,"cards_obtained":["Injury"]},{"damage_healed":0,"gold_gain":0,"player_choice":"Leave","damage_taken":0,"max_hp_gain":0,"max_hp_loss":0,"event_name":"The Cleric","floor":5,"gold_loss":0},{"damage_healed":21,"gold_gain":0,"player_choice":"Banana","damage_taken":0,"max_hp_gain":0,"max_hp_loss":0,"event_name":"Big Fish","floor":8,"gold_loss":0},{"damage_healed":0,"gold_gain":0,"cards_transformed":["Meteor Strike","Hello World"],"player_choice":"Became Test Subject","damage_taken":0,"max_hp_gain":0,"max_hp_loss":0,"event_name":"Drug Dealer","floor":21,"gold_loss":0,"cards_obtained":["Skim","Loop"]},{"damage_healed":0,"gold_gain":0,"player_choice":"1 cards matched","damage_taken":0,"max_hp_gain":0,"max_hp_loss":0,"event_name":"Match and Keep!","floor":22,"gold_loss":0,"cards_obtained":["Electrodynamics"]}],"is_beta":false,"boss_relics":[{"not_picked":["Black Star","Fusion Hammer"],"picked":"Pandora\u0027s Box"}],"items_purged_floors":[4],"is_endless":false,"potions_floor_spawned":[1,3,14,16,20,24],"killed_by":"Gremlin Leader","ascension_level":20}