{"gold_per_floor":[118,44,44,55,130,130,157,157,157,157,157,170,170,181,181,257,307,318,335,19,34,34,66,66,66],"floor_reached":25,"playtime":1464,"items_purged":[],"score":416,"play_id":"0a6ef860-5962-4fbd-9c27-a068173ffbb8","local_time":"20190324194319","is_ascension_mode":true,"campfire_choices":[{"floor":8,"key":"REST"},{"data":"Defragment","floor":11,"key":"SMITH"},{"data":"Static Discharge","floor":13,"key":"SMITH"},{"data":"Echo Form","floor":15,"key":"SMITH"},{"floor":24,"key":"REST"}],"neow_cost":"NONE","seed_source_timestamp":883251270444101,"circlet_count":0,"master_deck":["AscendersBane","Strike_B","Strike_B","Strike_B","Strike_B","Defend_B","Defend_B+1","Defend_B","Defend_B","Zap","Dualcast","Ball Lightning","Defragment+1","Static Discharge+1","Cold Snap","Echo Form+1","Echo Form","Self Repair","Ball Lightning","Cold Snap","Defragment","Ball Lightning","Echo Form","Loop"],"relics":["Cracked Core","Orichalcum","StoneCalendar","Symbiotic Virus","Tiny House","Regal Pillow","Juzu Bracelet"],"potions_floor_usage":[19,19,23,25],"damage_taken":[{"damage":4,"enemies":"Small Slimes","floor":1,"turns":4},{"damage":0,"enemies":"Cultist","floor":4,"turns":3},{"damage":24,"enemies":"Lagavulin","floor":7,"turns":7},{"damage":9,"enemies":"2 Louse","floor":12,"turns":2},{"damage":0,"enemies":"2 Fungi Beasts","floor":14,"turns":3},{"damage":32,"enemies":"Slime Boss","floor":16,"turns":6},{"damage":2,"enemies":"3 Byrds","floor":18,"turns":3},{"damage":14,"enemies":"Shell Parasite","floor":19,"turns":6},{"damage":32,"enemies":"Snecko","floor":21,"turns":6},{"damage":45,"enemies":"Slavers","floor":23,"turns":3},{"damage":48,"enemies":"Gremlin Leader","floor":25,"turns":6}],"seed_played":"-417272154687242541","potions_obtained":[{"floor":12,"key":"Dexterity Potion"},{"floor":17,"key":"SpeedPotion"},{"floor":21,"key":"Swift Potion"},{"floor":23,"key":"Energy Potion"}],"is_trial":false,"path_per_floor":["M","$","?","M","?","?","E","R","T","?","R","M","R","M","R","B",null,"M","M","$","M","$","E","R","E"],"character_chosen":"DEFECT","items_purchased":["Defragment","Defragment","Regal Pillow","Ball Lightning"],"campfire_rested":2,"item_purchase_floors":[2,20,20,20],"current_hp_per_floor":[60,60,65,65,54,54,30,52,52,76,76,67,67,67,67,35,71,76,69,69,51,51,6,45,0],"gold":66,"neow_bonus":"RANDOM_COMMON_RELIC","is_prod":false,"is_daily":false,"chose_seed":false,"campfire_upgraded":3,"win_rate":0,"timestamp":1553449399,"path_taken":["M","$","?","M","?","?","E","R","T","?","R","M","R","M","R","BOSS","M","M","$","M","$","E","R","E"],"build_version":"2019-01-23","purchased_purges":0,"victory":false,"max_hp_per_floor":[71,71,76,76,76,76,76,76,76,76,76,76,76,76,76,76,81,81,81,81,81,81,81,81,81],"card_choices":[{"not_picked":["Beam Cell","Doom and Gloom"],"picked":"Ball Lightning","floor":1},{"not_picked":["Rebound","Double Energy"],"picked":"Auto Shields","floor":4},{"not_picked":["Aggregate","Turbo"],"picked":"Static Discharge","floor":7},{"not_picked":["Coolheaded","Hologram"],"picked":"Cold Snap","floor":12},{"not_picked":["Stack","Turbo"],"picked":"Echo Form","floor":14},{"not_picked":["All For One","Thunder Strike"],"picked":"Echo Form","floor":16},{"not_picked":["Conserve Battery","Blizzard"],"picked":"Self Repair","floor":17},{"not_picked":["BootSequence+1","Stack"],"picked":"Ball Lightning","floor":18},{"not_picked":["Compile Driver","FTL"],"picked":"Cold Snap","floor":19},{"not_picked":["Hologram","Scrape+1"],"picked":"Echo Form","floor":21},{"not_picked":["Conserve Battery","Streamline"],"picked":"Loop","floor":23}],"player_experience":1130839,"relics_obtained":[{"floor":7,"key":"StoneCalendar"},{"floor":9,"key":"Symbiotic Virus"},{"floor":23,"key":"Juzu Bracelet"}],"event_choices":[{"damage_healed":0,"gold_gain":0,"player_choice":"Donut","damage_taken":0,"max_hp_gain":5,"max_hp_loss":0,"event_name":"Big Fish","floor":3,"gold_loss":0},{"damage_healed":0,"gold_gain":75,"player_choice":"Gather Gold","damage_taken":11,"max_hp_gain":0,"max_hp_loss":0,"event_name":"World of Goop","floor":5,"gold_loss":0},{"damage_healed":0,"gold_gain":0,"player_choice":"Ignored","damage_taken":0,"max_hp_gain":0,"max_hp_loss":0,"event_name":"Shining Light","floor":6,"gold_loss":0},{"cards_removed":["Auto Shields"],"damage_healed":24,"gold_gain":0,"player_choice":"Offered Uncommon","damage_taken":0,"max_hp_gain":0,"max_hp_loss":0,"event_name":"Bonfire Elementals","floor":10,"gold_loss":0}],"is_beta":false,"boss_relics":[{"not_picked":["Fusion Hammer","Pandora\u0027s Box"],"picked":"Tiny House"}],"items_purged_floors":[],"is_endless":false,"potions_floor_spawned":[12,21,23],"killed_by":"Gremlin Leader","ascension_level":18}