{"gold_per_floor":[118,129,24,24,24,59,69,94,94,127,140,140,158,65,65,138,138,158,158,158,176,22,51,51,63,63,63,83,83,97,108,108,184,184,202,217,217,16,30,30,30],"floor_reached":41,"playtime":2944,"items_purged":["Shame"],"score":994,"play_id":"f6b8e766-1751-44cf-be41-10fffc9585a0","local_time":"20190324183514","is_ascension_mode":true,"campfire_choices":[{"data":"Self Repair","floor":12.0,"key":"SMITH"},{"data":"Defragment","floor":15.0,"key":"SMITH"},{"floor":24.0,"key":"REST"},{"data":"Loop","floor":32.0,"key":"SMITH"},{"floor":40.0,"key":"REST"}],"neow_cost":"NONE","seed_source_timestamp":877653607892898,"circlet_count":0,"master_deck":["AscendersBane","Strike_B","Strike_B","Strike_B","Strike_B","Defend_B","Defend_B","Defend_B","Defend_B","Zap+1","Dualcast","Coolheaded+1","Self Repair+1","Capacitor","Redo+1","Ball Lightning","BootSequence","Conserve Battery","Barrage","Capacitor","Thunder Strike","Defragment+1","Ball Lightning","Core Surge","Melter","Zap","Capacitor","Loop+1","Ball Lightning","Cold Snap","Conserve Battery","Electrodynamics","Cold Snap","Barrage","Buffer","Blizzard","Redo","Discovery","Defragment","Redo","Darkness"],"special_seed":0,"relics":["Cracked Core","NeowsBlessing","Pantograph","FossilizedHelix","War Paint","Calipers","Gambling Chip","Nuclear Battery","Dead Branch","Dream Catcher","Potion Belt","Lizard Tail"],"potions_floor_usage":[],"damage_taken":[{"damage":0.0,"enemies":"Small Slimes","floor":1.0,"turns":1.0},{"damage":0.0,"enemies":"Jaw Worm","floor":2.0,"turns":1.0},{"damage":0.0,"enemies":"3 Sentries","floor":6.0,"turns":1.0},{"damage":0.0,"enemies":"Cultist","floor":7.0,"turns":4.0},{"damage":13.0,"enemies":"Gremlin Nob","floor":8.0,"turns":5.0},{"damage":13.0,"enemies":"Lagavulin","floor":10.0,"turns":6.0},{"damage":0.0,"enemies":"Large Slime","floor":11.0,"turns":5.0},{"damage":1.0,"enemies":"Blue Slaver","floor":13.0,"turns":3.0},{"damage":0.0,"enemies":"Slime Boss","floor":16.0,"turns":6.0},{"damage":0.0,"enemies":"2 Thieves","floor":18.0,"turns":2.0},{"damage":0.0,"enemies":"Spheric Guardian","floor":21.0,"turns":3.0},{"damage":67.0,"enemies":"Gremlin Leader","floor":23.0,"turns":8.0},{"damage":1.0,"enemies":"Centurion and Healer","floor":25.0,"turns":6.0},{"damage":0.0,"enemies":"Shelled Parasite and Fungi","floor":27.0,"turns":1.0},{"damage":24.0,"enemies":"3 Cultists","floor":28.0,"turns":5.0},{"damage":0.0,"enemies":"Centurion and Healer","floor":30.0,"turns":6.0},{"damage":0.0,"enemies":"Chosen and Byrds","floor":31.0,"turns":4.0},{"damage":61.0,"enemies":"Champ","floor":33.0,"turns":13.0},{"damage":32.0,"enemies":"3 Darklings","floor":35.0,"turns":6.0},{"damage":0.0,"enemies":"3 Shapes","floor":36.0,"turns":6.0},{"damage":28.0,"enemies":"3 Darklings","floor":39.0,"turns":4.0},{"damage":84,"enemies":"Reptomancer","floor":41,"turns":3}],"seed_played":"7963258059907279086","potions_obtained":[{"floor":2.0,"key":"Block Potion"},{"floor":6.0,"key":"Swift Potion"},{"floor":7.0,"key":"Explosive Potion"},{"floor":21.0,"key":"SmokeBomb"},{"floor":28.0,"key":"LiquidBronze"},{"floor":35.0,"key":"Block Potion"}],"is_trial":false,"path_per_floor":["M","M","$","?","T","E","M","E","T","E","M","R","M","$","R","B",null,"M","?","?","M","$","E","R","M","T","M","M","?","M","M","R","B",null,"M","M","?","$","M","R","E"],"character_chosen":"DEFECT","items_purchased":["Capacitor","Redo","Defragment","Ball Lightning","Loop","Discovery","Defragment","Block Potion"],"campfire_rested":2,"item_purchase_floors":[3,3,14,14,22,38,38,38],"current_hp_per_floor":[64,64,64,64,64,64,71,65,65,59,66,66,71,71,71,71,71,71,71,71,71,71,14,35,44,44,54,50,50,60,60,60,20,58,36,46,46,46,18,39,0],"gold":30,"neow_bonus":"THREE_ENEMY_KILL","is_prod":false,"is_daily":false,"chose_seed":false,"campfire_upgraded":3,"win_rate":0,"timestamp":1553445314,"path_taken":["M","M","$","?","?","E","M","E","T","E","M","R","M","$","R","BOSS","M","?","?","M","$","E","R","?","T","M","M","?","M","M","R","BOSS","M","M","?","$","M","R","E"],"build_version":"2019-01-23","purchased_purges":1,"victory":false,"max_hp_per_floor":[71,71,71,71,71,71,71,71,71,71,71,71,71,71,71,71,71,71,71,71,71,71,71,71,71,71,71,71,71,71,71,71,71,71,71,71,71,71,71,71,71],"card_choices":[{"not_picked":["Beam Cell","Go for the Eyes"],"picked":"Coolheaded","floor":1.0},{"not_picked":["Tempest","Hologram"],"picked":"Self Repair","floor":2.0},{"not_picked":["Fusion","Lockon"],"picked":"Ball Lightning","floor":6.0},{"not_picked":["FTL","Go for the Eyes"],"picked":"BootSequence","floor":7.0},{"not_picked":["Lockon","Fusion"],"picked":"Conserve Battery","floor":8.0},{"not_picked":["Rebound","Skim"],"picked":"Barrage","floor":10.0},{"not_picked":["Rebound","Tempest"],"picked":"Capacitor","floor":11.0},{"not_picked":["Rebound","Gash"],"picked":"Thunder Strike","floor":13.0},{"not_picked":["Thunder Strike","Hyperbeam"],"picked":"Core Surge","floor":16.0},{"not_picked":["Gash","Rebound"],"picked":"Melter","floor":18.0},{"not_picked":["Coolheaded","Leap"],"picked":"Capacitor","floor":21.0},{"not_picked":["Go for the Eyes","Aggregate"],"picked":"Ball Lightning","floor":23.0},{"not_picked":["Steam+1","Coolheaded"],"picked":"Cold Snap","floor":24.0},{"not_picked":["Compile Driver","Sweeping Beam"],"picked":"Conserve Battery","floor":25.0},{"not_picked":["Ball Lightning","Self Repair"],"picked":"Electrodynamics","floor":28.0},{"not_picked":["Consume","Beam Cell+1"],"picked":"Cold Snap","floor":30.0},{"not_picked":["Go for the Eyes","Coolheaded"],"picked":"Barrage","floor":31.0},{"not_picked":["Hyperbeam","Core Surge"],"picked":"Buffer","floor":33.0},{"not_picked":["Capacitor+1","Leap+1"],"picked":"Blizzard","floor":35.0},{"not_picked":["Coolheaded","Tempest"],"picked":"Redo","floor":36.0},{"not_picked":["Sunder","Steam"],"picked":"Redo","floor":39.0},{"not_picked":["Leap+1","Redo"],"picked":"Darkness","floor":40.0}],"player_experience":1125367,"relics_obtained":[{"floor":5.0,"key":"Pantograph"},{"floor":6.0,"key":"FossilizedHelix"},{"floor":8.0,"key":"War Paint"},{"floor":9.0,"key":"Calipers"},{"floor":10.0,"key":"Gambling Chip"},{"floor":23.0,"key":"Dream Catcher"},{"floor":26.0,"key":"Potion Belt"}],"event_choices":[{"damage_healed":0.0,"max_hp_gain":0.0,"max_hp_loss":0.0,"gold_gain":0.0,"event_name":"Living Wall","player_choice":"Grow","floor":4.0,"gold_loss":0.0,"damage_taken":0.0,"cards_upgraded":["Redo"]},{"damage_healed":0.0,"max_hp_gain":0.0,"max_hp_loss":0.0,"gold_gain":0.0,"event_name":"Addict","player_choice":"Stole Relic","floor":19.0,"gold_loss":0.0,"damage_taken":0.0,"relics_obtained":["Dead Branch"],"cards_obtained":["Shame"]},{"damage_healed":0.0,"max_hp_gain":0.0,"max_hp_loss":0.0,"gold_gain":0.0,"event_name":"Match and Keep!","player_choice":"1 cards matched","floor":20.0,"gold_loss":0.0,"damage_taken":0.0,"cards_obtained":["Zap"]},{"damage_healed":0.0,"max_hp_gain":0.0,"max_hp_loss":0.0,"gold_gain":0.0,"event_name":"Beggar","player_choice":"Ignored","floor":29.0,"gold_loss":0.0,"damage_taken":0.0},{"damage_healed":0.0,"max_hp_gain":0.0,"max_hp_loss":0.0,"gold_gain":0.0,"event_name":"Tomb of Lord Red Mask","player_choice":"Ignored","floor":37.0,"gold_loss":0.0,"damage_taken":0.0}],"is_beta":false,"boss_relics":[{"not_picked":["Ectoplasm","Runic Pyramid"],"picked":"Nuclear Battery"},{"not_picked":["Inserter","Snecko Eye"],"picked":"Lizard Tail"}],"items_purged_floors":[22],"is_endless":false,"potions_floor_spawned":[2,6,7,21,27,28,35],"killed_by":"Reptomancer","ascension_level":18}