{"gold_per_floor":[114,62,32,32,48,83,83,98,179,193,205,205,0,35,47,136,148,179,204,216,228],"floor_reached":21,"playtime":499,"items_purged":[],"score":528,"play_id":"305f5050-b708-488b-8474-00ef21e52f4e","local_time":"20190401190154","is_ascension_mode":true,"campfire_choices":[{"data":"True Grit","floor":7,"key":"SMITH"},{"data":"Demon Form","floor":15,"key":"SMITH"}],"neow_cost":"NONE","seed_source_timestamp":287686486099100,"circlet_count":0,"master_deck":["AscendersBane","Strike_R","Strike_R","Strike_R","Strike_R","Defend_R","Defend_R","Defend_R","Defend_R","Bash","Disarm","True Grit+1","Shrug It Off","Impervious+1","Demon Form+1","Impervious+1","Heavy Blade"],"relics":["Burning Blood","NeowsBlessing","Pen Nib","Toxic Egg 2","MawBank","Fusion Hammer"],"potions_floor_usage":[11,14,16],"damage_taken":[{"damage":0,"enemies":"Cultist","floor":1,"turns":1},{"damage":0,"enemies":"Jaw Worm","floor":5,"turns":1},{"damage":0,"enemies":"Gremlin Nob","floor":6,"turns":1},{"damage":7,"enemies":"Small Slimes","floor":8,"turns":6},{"damage":14,"enemies":"Exordium Wildlife","floor":10,"turns":5},{"damage":0,"enemies":"2 Fungi Beasts","floor":11,"turns":6},{"damage":43,"enemies":"Lagavulin","floor":14,"turns":10},{"damage":0,"enemies":"Slime Boss","floor":16,"turns":8},{"damage":20,"enemies":"Spheric Guardian","floor":18,"turns":9},{"damage":39,"enemies":"2 Thieves","floor":19,"turns":4},{"damage":20,"enemies":"Shelled Parasite and Fungi","floor":21,"turns":3}],"seed_played":"5444986995722135949","potions_obtained":[{"floor":3,"key":"FearPotion"},{"floor":3,"key":"LiquidBronze"},{"floor":6,"key":"Block Potion"},{"floor":11,"key":"Poison Potion"}],"is_trial":false,"path_per_floor":["M","$","?","$","M","E","R","M","T","M","M","?","$","E","R","B",null,"M","M","?","M"],"character_chosen":"IRONCLAD","items_purchased":["True Grit","PowerPotion","Impervious+1"],"campfire_rested":0,"item_purchase_floors":[2,13,13],"current_hp_per_floor":[74,74,74,74,75,75,75,74,74,66,72,65,65,28,28,34,65,51,18,18,0],"gold":228,"neow_bonus":"THREE_ENEMY_KILL","is_prod":false,"is_daily":false,"chose_seed":false,"campfire_upgraded":2,"win_rate":0,"timestamp":1554112914,"path_taken":["M","$","?","?","M","E","R","M","T","?","M","?","$","E","R","BOSS","M","M","?","M"],"build_version":"2019-01-23","purchased_purges":0,"victory":false,"max_hp_per_floor":[75,75,75,75,75,75,75,75,75,75,75,75,75,75,75,75,75,75,75,75,75],"card_choices":[{"not_picked":["Headbutt","Pommel Strike"],"picked":"Disarm","floor":1},{"not_picked":["Combust","Sword Boomerang","True Grit"],"picked":"SKIP","floor":5},{"not_picked":["Sword Boomerang","Perfected Strike"],"picked":"Shrug It Off","floor":6},{"not_picked":["Searing Blow","Twin Strike","Sever Soul"],"picked":"SKIP","floor":8},{"not_picked":["Iron Wave","Blood for Blood","Rupture"],"picked":"SKIP","floor":10},{"not_picked":["Clothesline","Bloodletting+1","Iron Wave"],"picked":"SKIP","floor":11},{"not_picked":["Inflame","Clash"],"picked":"Demon Form","floor":14},{"not_picked":["Reaper","Double Tap+1"],"picked":"Impervious+1","floor":16},{"not_picked":["Blood for Blood","True Grit+1"],"picked":"Heavy Blade","floor":18},{"not_picked":["Carnage+1","Body Slam","Thunderclap"],"picked":"SKIP","floor":19}],"player_experience":2806511,"relics_obtained":[{"floor":6,"key":"Pen Nib"},{"floor":9,"key":"Toxic Egg 2"},{"floor":14,"key":"MawBank"}],"event_choices":[{"damage_healed":0,"gold_gain":0,"player_choice":"Bought 2 Potions","damage_taken":0,"max_hp_gain":0,"max_hp_loss":0,"event_name":"The Woman in Blue","floor":3,"gold_loss":0},{"cards_removed":["Strike_R"],"damage_healed":0,"gold_gain":0,"player_choice":"Card Removal","damage_taken":7,"max_hp_gain":0,"max_hp_loss":0,"event_name":"Golden Wing","floor":12,"gold_loss":0},{"damage_healed":0,"gold_gain":0,"player_choice":"Ignored","damage_taken":0,"max_hp_gain":0,"max_hp_loss":0,"event_name":"Vampires","floor":20,"gold_loss":0}],"is_beta":false,"boss_relics":[{"not_picked":["Busted Crown","Calling Bell"],"picked":"Fusion Hammer"}],"items_purged_floors":[],"is_endless":false,"potions_floor_spawned":[6,10,11],"killed_by":"Shelled Parasite and Fungi","ascension_level":20}