{"gold_per_floor":[114,114,114,6,18,18,18,49,98,116,144,155,180,180,180,270,270,289,307,341,33,83,83,121,121,195,214,214,214],"floor_reached":29,"playtime":896,"items_purged":[],"score":568,"play_id":"71d637dd-0d46-4c44-8107-e98ef1eedf64","local_time":"20190307123902","is_ascension_mode":true,"campfire_choices":[{"data":"Zap","floor":6,"key":"SMITH"},{"data":"Defragment","floor":15,"key":"SMITH"},{"floor":23,"key":"REST"},{"data":"Creative AI","floor":25,"key":"SMITH"},{"data":"Dualcast","floor":28,"key":"SMITH"}],"neow_cost":"NONE","seed_source_timestamp":212184065136500,"circlet_count":0,"master_deck":["AscendersBane","Strike_B","Strike_B","Strike_B","Strike_B","Defend_B","Defend_B","Defend_B","Zap+1","Dualcast+1","Cold Snap","Melter","Gash","Gash","Defragment+1","Creative AI+1","Injury","Reboot","Coolheaded","Undo","Gash","Self Repair"],"relics":["Cracked Core","NeowsBlessing","Shuriken","Smiling Mask","Singing Bowl","Bag of Marbles","Golden Idol","Runic Dome","Red Mask","OrangePellets","Bronze Scales","Question Card"],"potions_floor_usage":[11,13,19,24],"damage_taken":[{"damage":0,"enemies":"2 Louse","floor":1,"turns":1},{"damage":0,"enemies":"Jaw Worm","floor":5,"turns":1},{"damage":0,"enemies":"Lagavulin","floor":8,"turns":1},{"damage":0,"enemies":"Cultist","floor":10,"turns":3},{"damage":9,"enemies":"Gremlin Nob","floor":11,"turns":3},{"damage":0,"enemies":"Large Slime","floor":12,"turns":3},{"damage":20,"enemies":"3 Sentries","floor":13,"turns":6},{"damage":22,"enemies":"The Guardian","floor":16,"turns":9},{"damage":0,"enemies":"Spheric Guardian","floor":18,"turns":2},{"damage":5,"enemies":"3 Byrds","floor":19,"turns":4},{"damage":22,"enemies":"Masked Bandits","floor":20,"turns":4},{"damage":23,"enemies":"Gremlin Leader","floor":24,"turns":8},{"damage":6,"enemies":"Centurion and Healer","floor":27,"turns":8},{"damage":52,"enemies":"Book of Stabbing","floor":29,"turns":4}],"seed_played":"420832458493444381","potions_obtained":[{"floor":5,"key":"AttackPotion"},{"floor":16,"key":"Dexterity Potion"},{"floor":18,"key":"Block Potion"},{"floor":20,"key":"Block Potion"}],"is_trial":false,"path_per_floor":["M","?","?","$","M","R","?","E","T","M","E","M","E","?","R","B",null,"M","M","?","$","?","R","E","R","T","M","R","E"],"character_chosen":"DEFECT","items_purchased":["Cold Snap","PowerPotion","OrangePellets","Self Repair"],"campfire_rested":1,"item_purchase_floors":[4,4,21,21],"current_hp_per_floor":[64,57,71,71,71,71,76,76,76,76,67,69,49,49,49,27,65,65,60,38,38,38,61,47,47,47,50,50,0],"gold":214,"neow_bonus":"THREE_ENEMY_KILL","is_prod":false,"is_daily":false,"chose_seed":false,"campfire_upgraded":4,"win_rate":0,"timestamp":1551929942,"path_taken":["M","?","?","$","?","R","?","E","T","M","E","M","E","?","R","BOSS","M","M","?","$","?","R","E","R","T","M","R","E"],"build_version":"2019-01-23","purchased_purges":0,"victory":false,"max_hp_per_floor":[71,71,71,71,71,71,76,76,76,76,76,78,78,78,78,78,78,78,78,78,78,78,78,80,80,80,82,82,82],"card_choices":[{"not_picked":["Rebound","Heatsinks","Storm"],"picked":"SKIP","floor":1},{"not_picked":["Beam Cell","BootSequence"],"picked":"Melter","floor":5},{"not_picked":["Meteor Strike","Reinforced Body"],"picked":"Gash","floor":8},{"not_picked":["Coolheaded","Recycle"],"picked":"Gash","floor":10},{"not_picked":["Gash","Sweeping Beam"],"picked":"Defragment","floor":11},{"not_picked":["Stack","Compile Driver","Doom and Gloom"],"picked":"Singing Bowl","floor":12},{"not_picked":["Defragment","Glacier"],"picked":"Creative AI","floor":13},{"not_picked":["Creative AI","Fission"],"picked":"Reboot","floor":16},{"not_picked":["Double Energy","Storm"],"picked":"Coolheaded","floor":18},{"not_picked":["Cold Snap","Beam Cell"],"picked":"Undo","floor":19},{"not_picked":["Conserve Battery","Cold Snap"],"picked":"Gash","floor":20},{"not_picked":["Cold Snap","Go for the Eyes","Rip and Tear"],"picked":"Singing Bowl","floor":24},{"not_picked":["Skim","Sweeping Beam","Recycle","Fusion"],"picked":"Singing Bowl","floor":27}],"player_experience":2042663,"relics_obtained":[{"floor":8,"key":"Shuriken"},{"floor":9,"key":"Smiling Mask"},{"floor":11,"key":"Singing Bowl"},{"floor":13,"key":"Bag of Marbles"},{"floor":20,"key":"Red Mask"},{"floor":24,"key":"Bronze Scales"},{"floor":26,"key":"Question Card"}],"event_choices":[{"cards_removed":["Defend_B"],"damage_healed":0,"gold_gain":0,"player_choice":"Card Removal","damage_taken":7,"max_hp_gain":0,"max_hp_loss":0,"event_name":"Golden Wing","floor":2,"gold_loss":0},{"damage_healed":14,"gold_gain":0,"player_choice":"Full Heal","damage_taken":0,"max_hp_gain":0,"max_hp_loss":0,"event_name":"Wheel of Change","floor":3,"gold_loss":0},{"damage_healed":0,"gold_gain":0,"player_choice":"Donut","damage_taken":0,"max_hp_gain":5,"max_hp_loss":0,"event_name":"Big Fish","floor":7,"gold_loss":0},{"damage_healed":0,"gold_gain":0,"player_choice":"Take Wound","damage_taken":0,"relics_obtained":["Golden Idol"],"max_hp_gain":0,"max_hp_loss":0,"event_name":"Golden Idol","floor":14,"gold_loss":0,"cards_obtained":["Injury"]},{"damage_healed":0,"gold_gain":0,"player_choice":"Fought Bandits","damage_taken":0,"max_hp_gain":0,"max_hp_loss":0,"event_name":"Masked Bandits","floor":20,"gold_loss":0},{"damage_healed":0,"gold_gain":50,"player_choice":"Pray","damage_taken":0,"max_hp_gain":0,"max_hp_loss":0,"event_name":"Golden Shrine","floor":22,"gold_loss":0}],"is_beta":false,"boss_relics":[{"not_picked":["Cursed Key","Eternal Feather"],"picked":"Runic Dome"}],"items_purged_floors":[],"is_endless":false,"potions_floor_spawned":[5,8,16,18,20],"killed_by":"Book of Stabbing","ascension_level":20}