{"gold_per_floor":[109,120,120,132,92,92,117,117,117,143,143,143,159,159,159,255,255,280,299,16,66,266,266,310,328,328,328,351,367,367,408,408,504,504,517,642,38,52,385,385,410,410,410,410,410,430,131,148,148,148],"floor_reached":50,"playtime":3299,"items_purged":["Strike_B","Writhe"],"score":1133,"play_id":"645d2aa1-fcdb-4c88-a5f9-f809058f9ba9","local_time":"20190116191037","is_ascension_mode":true,"campfire_choices":[{"data":"Zap","floor":6.0,"key":"SMITH"},{"data":"Buffer","floor":8.0,"key":"SMITH"},{"floor":11.0,"key":"REST"},{"data":"1","floor":15.0,"key":"LIFT"},{"data":"2","floor":23.0,"key":"LIFT"},{"data":"Storm","floor":27.0,"key":"SMITH"},{"floor":30.0,"key":"REST"},{"floor":32.0,"key":"REST"},{"data":"3","floor":40.0,"key":"LIFT"},{"data":"Electrodynamics","floor":42.0,"key":"SMITH"},{"data":"Biased Cognition","floor":45.0,"key":"SMITH"},{"data":"Fission","floor":49.0,"key":"SMITH"}],"neow_cost":"NONE","seed_source_timestamp":943465192752045,"circlet_count":0,"master_deck":["AscendersBane","Strike_B","Strike_B","Defend_B","Defend_B","Defend_B","Defend_B","Zap+1","Dualcast+1","Gash","Sweeping Beam","Gash","Ball Lightning","Buffer+1","Static Discharge","Loop","Electrodynamics+1","BootSequence","Conserve Battery+1","Storm+1","Flash of Steel","Barrage","Coolheaded+1","Steam Power","Biased Cognition+1","Beam Cell+1","Leap","Machine Learning","Fusion+1","Tempest","Fission+1","Master of Strategy","Undo"],"special_seed":0,"relics":["FrozenCore","NeowsBlessing","Mummified Hand","Gambling Chip","Girya","FaceOfCleric","War Paint","Symbiotic Virus","Shuriken","White Beast Statue","Pocketwatch","FossilizedHelix","Ornamental Fan","Bottled Tornado","Pear"],"potions_floor_usage":[50,50],"damage_taken":[{"damage":0.0,"enemies":"Cultist","floor":1.0,"turns":1.0},{"damage":0.0,"enemies":"Small Slimes","floor":2.0,"turns":1.0},{"damage":0.0,"enemies":"2 Louse","floor":4.0,"turns":1.0},{"damage":27.0,"enemies":"Exordium Thugs","floor":5.0,"turns":5.0},{"damage":21.0,"enemies":"Gremlin Nob","floor":7.0,"turns":4.0},{"damage":5.0,"enemies":"3 Sentries","floor":10.0,"turns":5.0},{"damage":6.0,"enemies":"3 Louse","floor":13.0,"turns":2.0},{"damage":19.0,"enemies":"The Guardian","floor":16.0,"turns":8.0},{"damage":0.0,"enemies":"Spheric Guardian","floor":18.0,"turns":4.0},{"damage":0.0,"enemies":"Shell Parasite","floor":19.0,"turns":6.0},{"damage":20.0,"enemies":"Slavers","floor":24.0,"turns":3.0},{"damage":13.0,"enemies":"3 Cultists","floor":25.0,"turns":4.0},{"damage":16.0,"enemies":"Snake Plant","floor":28.0,"turns":3.0},{"damage":0.0,"enemies":"Chosen and Byrds","floor":29.0,"turns":4.0},{"damage":11.0,"enemies":"Gremlin Leader","floor":31.0,"turns":4.0},{"damage":0.0,"enemies":"Champ","floor":33.0,"turns":8.0},{"damage":0.0,"enemies":"3 Shapes","floor":35.0,"turns":4.0},{"damage":0.0,"enemies":"Mind Bloom Boss Battle","floor":36.0,"turns":3.0},{"damage":0.0,"enemies":"Orb Walker","floor":38.0,"turns":3.0},{"damage":44.0,"enemies":"Giant Head","floor":41.0,"turns":7.0},{"damage":0.0,"enemies":"Maw","floor":46.0,"turns":6.0},{"damage":0.0,"enemies":"Jaw Worm Horde","floor":48.0,"turns":2.0},{"damage":64,"enemies":"Awakened One","floor":50,"turns":6}],"seed_played":"3803966250467784667","potions_obtained":[{"floor":2.0,"key":"LiquidBronze"},{"floor":4.0,"key":"SpeedPotion"},{"floor":16.0,"key":"SkillPotion"},{"floor":24.0,"key":"Poison Potion"},{"floor":25.0,"key":"Poison Potion"},{"floor":31.0,"key":"PowerPotion"},{"floor":35.0,"key":"Dexterity Potion"},{"floor":36.0,"key":"SpeedPotion"},{"floor":38.0,"key":"SpeedPotion"},{"floor":41.0,"key":"Dexterity Potion"},{"floor":46.0,"key":"AttackPotion"}],"is_trial":false,"path_per_floor":["M","M","?","M","M","R","E","R","T","E","R","?","M","?","R","B",null,"M","M","$","?","?","R","E","M","T","R","M","M","R","E","R","B",null,"M","?","$","M","?","R","E","R","T","?","R","M","$","M","R","B"],"character_chosen":"DEFECT","items_purchased":["Storm","Flash of Steel","Barrage","FossilizedHelix","Ornamental Fan","Master of Strategy"],"campfire_rested":3,"item_purchase_floors":[20,20,20,37,37,47],"current_hp_per_floor":[64,64,64,64,37,37,16,16,16,11,32,32,26,26,26,8,51,52,53,53,53,53,53,34,22,22,22,7,8,29,19,40,41,65,66,67,67,68,68,68,25,25,35,52,52,53,53,54,54,0],"gold":148,"neow_bonus":"THREE_ENEMY_KILL","is_prod":false,"is_daily":false,"chose_seed":false,"campfire_upgraded":6,"win_rate":0,"timestamp":1547637037,"path_taken":["M","?","?","?","M","R","E","R","T","E","R","?","M","?","R","BOSS","M","M","$","?","?","R","E","M","T","R","M","?","R","E","R","BOSS","M","?","$","M","?","R","E","R","T","?","R","M","$","M","R","BOSS"],"build_version":"2019-01-14v2","purchased_purges":2,"victory":false,"max_hp_per_floor":[71,71,71,71,71,71,71,71,71,71,71,64,64,64,64,65,65,66,67,67,67,67,67,68,69,69,69,70,71,71,72,72,73,73,74,75,75,76,76,76,77,77,87,87,87,88,88,89,89,89],"card_choices":[{"not_picked":["Coolheaded","Redo"],"picked":"Gash","floor":1.0},{"not_picked":["Hologram","Hello World"],"picked":"Sweeping Beam","floor":2.0},{"not_picked":["Redo","Melter"],"picked":"Gash","floor":4.0},{"not_picked":["Go for the Eyes","Rebound"],"picked":"Ball Lightning","floor":5.0},{"not_picked":["Chill","White Noise"],"picked":"Buffer","floor":7.0},{"not_picked":["Ball Lightning","Stack"],"picked":"Static Discharge","floor":10.0},{"not_picked":["Aggregate","Ball Lightning"],"picked":"Loop","floor":13.0},{"not_picked":["Hyperbeam","Amplify"],"picked":"Electrodynamics","floor":16.0},{"not_picked":["Sweeping Beam","Sunder"],"picked":"BootSequence","floor":18.0},{"not_picked":["Self Repair","Coolheaded"],"picked":"Conserve Battery","floor":19.0},{"not_picked":["Streamline","Go for the Eyes"],"picked":"Coolheaded+1","floor":24.0},{"not_picked":["Consume","Sweeping Beam"],"picked":"Steam Power","floor":25.0},{"not_picked":["Streamline","Fusion"],"picked":"Biased Cognition","floor":28.0},{"not_picked":["Compile Driver","Go for the Eyes"],"picked":"Beam Cell+1","floor":29.0},{"not_picked":["Hologram","Coolheaded"],"picked":"Leap","floor":31.0},{"not_picked":["Multi-Cast","Rainbow"],"picked":"Machine Learning","floor":33.0},{"not_picked":["Genetic Algorithm+1","Leap"],"picked":"Fusion+1","floor":35.0},{"not_picked":["Rebound+1","Stack"],"picked":"Tempest","floor":36.0},{"not_picked":["Cold Snap","Beam Cell+1","Loop"],"picked":"SKIP","floor":38.0},{"not_picked":["Stack","Lockon","Rip and Tear"],"picked":"SKIP","floor":41.0},{"not_picked":["Turbo+1","Steam"],"picked":"Fission","floor":46.0},{"not_picked":["Conserve Battery","Tempest"],"picked":"Undo","floor":48.0}],"player_experience":713794,"relics_obtained":[{"floor":7.0,"key":"Mummified Hand"},{"floor":9.0,"key":"Gambling Chip"},{"floor":10.0,"key":"Girya"},{"floor":24.0,"key":"War Paint"},{"floor":26.0,"key":"Symbiotic Virus"},{"floor":31.0,"key":"Shuriken"},{"floor":36.0,"key":"Pocketwatch"},{"floor":41.0,"key":"Bottled Tornado"},{"floor":43.0,"key":"Pear"}],"event_choices":[{"cards_removed":["Strike_B"],"damage_healed":0.0,"max_hp_gain":0.0,"max_hp_loss":0.0,"gold_gain":0.0,"event_name":"Purifier","player_choice":"Purged","floor":3.0,"gold_loss":0.0,"damage_taken":0.0},{"damage_healed":0.0,"max_hp_gain":0.0,"max_hp_loss":7.0,"gold_gain":0.0,"event_name":"Golden Idol","player_choice":"Lose Max HP","floor":12.0,"gold_loss":0.0,"damage_taken":0.0,"relics_obtained":["Golden Idol"]},{"damage_healed":0.0,"max_hp_gain":0.0,"max_hp_loss":0.0,"gold_gain":0.0,"event_name":"FaceTrader","player_choice":"Trade","floor":14.0,"gold_loss":0.0,"damage_taken":0.0,"relics_obtained":["FaceOfCleric"]},{"damage_healed":0.0,"max_hp_gain":0.0,"max_hp_loss":0.0,"gold_gain":50.0,"event_name":"Nest","player_choice":"Stole From Cult","floor":21.0,"gold_loss":0.0,"damage_taken":0.0},{"damage_healed":0.0,"max_hp_gain":0.0,"max_hp_loss":0.0,"gold_gain":200.0,"event_name":"Wheel of Change","player_choice":"Gold","floor":22.0,"gold_loss":0.0,"damage_taken":0.0},{"damage_healed":0.0,"max_hp_gain":0.0,"max_hp_loss":0.0,"gold_gain":0.0,"event_name":"MindBloom","player_choice":"Fight","floor":36.0,"gold_loss":0.0,"damage_taken":0.0},{"damage_healed":0.0,"max_hp_gain":0.0,"max_hp_loss":0.0,"gold_gain":333.0,"event_name":"The Moai Head","player_choice":"Gave Idol","floor":39.0,"relics_lost":["Golden Idol"],"gold_loss":0.0,"damage_taken":0.0},{"damage_healed":17.0,"max_hp_gain":0.0,"max_hp_loss":0.0,"gold_gain":0.0,"event_name":"Winding Halls","player_choice":"Writhe","floor":44.0,"gold_loss":0.0,"damage_taken":0.0,"cards_obtained":["Writhe"]}],"is_beta":true,"boss_relics":[{"not_picked":["Tiny House","Busted Crown"],"picked":"FrozenCore"},{"not_picked":["Eternal Feather","Velvet Choker"],"picked":"White Beast Statue"}],"items_purged_floors":[20,47],"is_endless":false,"potions_floor_spawned":[2,4,16,24,25,31,35,36,38,41,46,48],"killed_by":"Awakened One","ascension_level":19}