{"gold_per_floor":[112,112,130,205,205,205,245,257,292,304,26,49,49,67,67,163,163,181,181],"floor_reached":19,"playtime":427,"items_purged":["Doubt"],"score":430,"play_id":"1b98aee0-11fb-4908-8486-0fd52a7b4e2d","local_time":"20190303211307","is_ascension_mode":true,"campfire_choices":[{"data":"Sunder","floor":6,"key":"SMITH"},{"data":"Zap","floor":8,"key":"SMITH"},{"data":"Go for the Eyes","floor":10,"key":"SMITH"},{"floor":15,"key":"REST"}],"neow_cost":"NONE","seed_source_timestamp":162429348897900,"circlet_count":0,"master_deck":["AscendersBane","Strike_B","Strike_B","Strike_B","Strike_B","Defend_B","Defend_B","Defend_B","Defend_B","Zap+1","Dualcast","Decay","Cold Snap","Sunder+1","Go for the Eyes+1","Hello World+1","FTL","All For One","Leap+1"],"relics":["Calling Bell","Orichalcum","Frozen Egg 2","Mango","Golden Idol","MawBank","Oddly Smooth Stone","OrangePellets","Velvet Choker"],"potions_floor_usage":[16,16],"damage_taken":[{"damage":9,"enemies":"2 Louse","floor":1,"turns":4},{"damage":9,"enemies":"Small Slimes","floor":3,"turns":6},{"damage":36,"enemies":"Gremlin Nob","floor":7,"turns":6},{"damage":0,"enemies":"Cultist","floor":12,"turns":3},{"damage":8,"enemies":"Red Slaver","floor":14,"turns":3},{"damage":0,"enemies":"Slime Boss","floor":16,"turns":8},{"damage":21,"enemies":"Spheric Guardian","floor":18,"turns":4},{"damage":0,"enemies":"Chosen","floor":19,"turns":1}],"seed_played":"7253917131540359153","potions_obtained":[{"floor":7,"key":"SkillPotion"},{"floor":12,"key":"SpeedPotion"},{"floor":16,"key":"Poison Potion"}],"is_trial":false,"path_per_floor":["M","?","M","?","?","R","E","R","T","R","$","M","?","M","R","B",null,"M","M"],"character_chosen":"DEFECT","items_purchased":["OrangePellets"],"campfire_rested":1,"item_purchase_floors":[11],"current_hp_per_floor":[69,69,60,49,49,49,13,13,13,13,13,13,13,5,28,28,65,44,44],"gold":181,"neow_bonus":"BOSS_RELIC","is_prod":false,"is_daily":false,"chose_seed":false,"campfire_upgraded":3,"win_rate":0,"timestamp":1551615187,"path_taken":["M","?","M","?","?","R","E","R","T","R","$","M","?","?","R","BOSS","M","M"],"build_version":"2019-01-23","purchased_purges":1,"victory":false,"max_hp_per_floor":[85,85,85,85,77,77,77,77,77,77,77,77,77,77,77,77,77,77,77],"card_choices":[{"not_picked":["Leap","Compile Driver"],"picked":"Cold Snap","floor":1},{"not_picked":["Double Energy","Rebound"],"picked":"Sunder","floor":3},{"not_picked":["Meteor Strike","Auto Shields"],"picked":"Go for the Eyes","floor":7},{"not_picked":["Steam Power","Doom and Gloom"],"picked":"Hello World+1","floor":12},{"not_picked":["Storm+1","Ball Lightning"],"picked":"FTL","floor":14},{"not_picked":["Hyperbeam","Thunder Strike"],"picked":"All For One","floor":16},{"not_picked":["Beam Cell","Conserve Battery"],"picked":"Leap+1","floor":18}],"player_experience":1978383,"relics_obtained":[{"floor":0,"key":"Orichalcum"},{"floor":0,"key":"Frozen Egg 2"},{"floor":0,"key":"Mango"},{"floor":7,"key":"MawBank"},{"floor":9,"key":"Oddly Smooth Stone"}],"event_choices":[{"damage_healed":0,"gold_gain":0,"player_choice":"Ignored","damage_taken":0,"max_hp_gain":0,"max_hp_loss":0,"event_name":"Liars Game","floor":2,"gold_loss":0},{"damage_healed":0,"gold_gain":75,"player_choice":"Gather Gold","damage_taken":11,"max_hp_gain":0,"max_hp_loss":0,"event_name":"World of Goop","floor":4,"gold_loss":0},{"damage_healed":0,"gold_gain":0,"player_choice":"Lose Max HP","damage_taken":0,"relics_obtained":["Golden Idol"],"max_hp_gain":0,"max_hp_loss":8,"event_name":"Golden Idol","floor":5,"gold_loss":0},{"cards_removed":["Doubt"],"damage_healed":0,"gold_gain":0,"player_choice":"Purged","damage_taken":0,"max_hp_gain":0,"max_hp_loss":0,"event_name":"Purifier","floor":13,"gold_loss":0}],"is_beta":false,"boss_relics":[{"not_picked":["Ectoplasm","Runic Pyramid"],"picked":"Velvet Choker"}],"items_purged_floors":[11],"is_endless":false,"potions_floor_spawned":[7,12,16],"killed_by":"Chosen","ascension_level":20}