{"gold_per_floor":[118,132,232,245,260,260,271,303,303,268,268,35,110,138,138,138],"floor_reached":16,"playtime":424,"items_purged":["Strike_B"],"score":220,"play_id":"b70a1bb6-f74b-4016-8dfe-2153e6b1a103","local_time":"20190215130039","is_ascension_mode":true,"campfire_choices":[{"data":"Barrage","floor":6,"key":"SMITH"},{"floor":11,"key":"REST"},{"data":"Defend_B","floor":15,"key":"SMITH"}],"neow_cost":"NONE","seed_source_timestamp":97689170805000,"circlet_count":0,"master_deck":["AscendersBane","Strike_B","Strike_B","Strike_B","Defend_B+1","Defend_B","Defend_B","Defend_B","Zap","Dualcast","Chill","Barrage+1","Leap"],"relics":["Velvet Choker","Gremlin Horn","Shuriken","Ancient Tea Set","Bag of Marbles"],"potions_floor_usage":[14],"damage_taken":[{"damage":2,"enemies":"Jaw Worm","floor":1,"turns":4},{"damage":1,"enemies":"Cultist","floor":2,"turns":4},{"damage":0,"enemies":"Small Slimes","floor":4,"turns":4},{"damage":3,"enemies":"2 Fungi Beasts","floor":5,"turns":3},{"damage":5,"enemies":"Blue Slaver","floor":7,"turns":5},{"damage":50,"enemies":"Gremlin Nob","floor":8,"turns":5},{"damage":14,"enemies":"Lagavulin","floor":14,"turns":7},{"damage":12,"enemies":"The Guardian","floor":16,"turns":4}],"seed_played":"-4041384031172879083","potions_obtained":[{"floor":8,"key":"Block Potion"},{"floor":14,"key":"SpeedPotion"}],"is_trial":false,"path_per_floor":["M","M","?","M","M","R","M","E","T","?","R","$","?","E","R","B"],"character_chosen":"DEFECT","items_purchased":["Ancient Tea Set"],"campfire_rested":1,"item_purchase_floors":[12],"current_hp_per_floor":[62,61,61,61,58,58,53,3,3,20,41,41,30,16,16,4],"gold":138,"neow_bonus":"BOSS_RELIC","is_prod":false,"is_daily":false,"chose_seed":false,"campfire_upgraded":2,"win_rate":0,"timestamp":1550203239,"path_taken":["M","M","?","M","?","R","M","E","T","?","R","$","?","E","R","BOSS"],"build_version":"2019-01-23","purchased_purges":1,"victory":false,"max_hp_per_floor":[71,71,71,71,71,71,71,71,71,71,71,71,71,71,71,71],"card_choices":[{"not_picked":["Beam Cell","Barrage","Turbo"],"picked":"SKIP","floor":1},{"not_picked":["FTL","Aggregate"],"picked":"Chill","floor":2},{"not_picked":["Go for the Eyes","Gash"],"picked":"Barrage","floor":4},{"not_picked":["Steam","Stack","Skim"],"picked":"SKIP","floor":5},{"not_picked":["Conserve Battery","Barrage","Reprogram"],"picked":"SKIP","floor":7},{"not_picked":["Barrage","Genetic Algorithm","Conserve Battery"],"picked":"SKIP","floor":8},{"not_picked":["Hologram","Static Discharge"],"picked":"Leap","floor":14}],"player_experience":1587810,"relics_obtained":[{"floor":8,"key":"Gremlin Horn"},{"floor":9,"key":"Shuriken"},{"floor":14,"key":"Bag of Marbles"}],"event_choices":[{"damage_healed":0,"gold_gain":100,"player_choice":"Gold","damage_taken":0,"max_hp_gain":0,"max_hp_loss":0,"event_name":"Wheel of Change","floor":3,"gold_loss":0},{"damage_healed":17,"gold_gain":0,"player_choice":"Healed","damage_taken":0,"max_hp_gain":0,"max_hp_loss":0,"event_name":"The Cleric","floor":10,"gold_loss":35},{"damage_healed":0,"gold_gain":75,"player_choice":"Gather Gold","damage_taken":11,"max_hp_gain":0,"max_hp_loss":0,"event_name":"World of Goop","floor":13,"gold_loss":0}],"is_beta":false,"boss_relics":[],"items_purged_floors":[12],"is_endless":false,"potions_floor_spawned":[8,14],"killed_by":"The Guardian","ascension_level":20}