{"gold_per_floor":[116,116,130,205,117,117,17,47,101,101,120,135,135,165,165,165],"floor_reached":16,"playtime":515,"items_purged":[],"score":190,"play_id":"2e894b34-5ce0-46e0-96d7-106a8340502d","local_time":"20181220130557","is_ascension_mode":true,"campfire_choices":[{"data":"Storm","floor":6.0,"key":"SMITH"},{"data":"Sunder","floor":10.0,"key":"SMITH"},{"floor":13.0,"key":"REST"},{"floor":15.0,"key":"REST"}],"neow_cost":"NONE","seed_source_timestamp":2155849243859656,"circlet_count":0,"master_deck":["AscendersBane","Strike_B","Strike_B","Strike_B","Strike_B","Defend_B","Defend_B","Defend_B","Defend_B","Zap","Dualcast","Sunder+1","Cold Snap","Storm+1","Panacea","Reinforced Body","Machine Learning","Coolheaded"],"special_seed":0,"relics":["Cracked Core","NeowsBlessing","Odd Mushroom","Juzu Bracelet","Bag of Preparation"],"potions_floor_usage":[16,16],"damage_taken":[{"damage":0.0,"enemies":"Cultist","floor":1.0,"turns":1.0},{"damage":0.0,"enemies":"Jaw Worm","floor":2.0,"turns":1.0},{"damage":0.0,"enemies":"Small Slimes","floor":3.0,"turns":1.0},{"damage":24.0,"enemies":"The Mushroom Lair","floor":8.0,"turns":4.0},{"damage":12.0,"enemies":"2 Fungi Beasts","floor":11.0,"turns":3.0},{"damage":16.0,"enemies":"Large Slime","floor":12.0,"turns":5.0},{"damage":18.0,"enemies":"Gremlin Nob","floor":14.0,"turns":4.0},{"damage":43,"enemies":"Slime Boss","floor":16,"turns":9}],"seed_played":"-7670074584721589473","potions_obtained":[{"floor":1.0,"key":"SpeedPotion"},{"floor":3.0,"key":"Weak Potion"},{"floor":14.0,"key":"Regen Potion"}],"is_trial":false,"path_per_floor":["M","M","M","?","$","R","$","?","T","R","M","M","R","E","R","B"],"character_chosen":"DEFECT","items_purchased":["Storm","Panacea"],"campfire_rested":2,"item_purchase_floors":[5,7],"current_hp_per_floor":[64,64,64,53,53,53,53,29,29,29,17,1,22,4,25,0],"gold":165,"neow_bonus":"THREE_ENEMY_KILL","is_prod":false,"is_daily":false,"chose_seed":false,"campfire_upgraded":2,"win_rate":0,"timestamp":1545282357,"path_taken":["M","?","M","?","?","R","?","?","T","R","M","M","R","E","R","BOSS"],"build_version":"2018-12-17","purchased_purges":0,"victory":false,"max_hp_per_floor":[71,71,71,71,71,71,71,71,71,71,71,71,71,71,71,71],"card_choices":[{"not_picked":["BootSequence","Heatsinks"],"picked":"Sunder","floor":1.0},{"not_picked":["Redo","Fusion","Streamline"],"picked":"SKIP","floor":2.0},{"not_picked":["Hologram","Streamline"],"picked":"Cold Snap","floor":3.0},{"not_picked":["Turbo","Sweeping Beam"],"picked":"Reinforced Body","floor":8.0},{"not_picked":["Barrage","Conserve Battery"],"picked":"Machine Learning","floor":11.0},{"not_picked":["Beam Cell","Redo","Steam"],"picked":"SKIP","floor":12.0},{"not_picked":["Stack","Rebound"],"picked":"Coolheaded","floor":14.0}],"player_experience":649492,"relics_obtained":[{"floor":8.0,"key":"Odd Mushroom"},{"floor":9.0,"key":"Juzu Bracelet"},{"floor":14.0,"key":"Bag of Preparation"}],"event_choices":[{"damage_healed":0.0,"max_hp_gain":0.0,"max_hp_loss":0.0,"gold_gain":75.0,"event_name":"World of Goop","player_choice":"Gather Gold","floor":4.0,"gold_loss":0.0,"damage_taken":11.0},{"damage_healed":0.0,"max_hp_gain":0.0,"max_hp_loss":0.0,"gold_gain":0.0,"event_name":"Mushrooms","player_choice":"Fought Mushrooms","floor":8.0,"gold_loss":0.0,"damage_taken":0.0}],"is_beta":true,"boss_relics":[],"items_purged_floors":[],"is_endless":false,"potions_floor_spawned":[1,3,8,14],"killed_by":"Slime Boss","ascension_level":18}