{"path_per_floor":["M","M","?","?","$","E","M","M","T","?","M","M","R","M","R","B",null,"M","?","M","M","?","E","R","M","T","R","M","$","?","M","R"],"character_chosen":"THE_SILENT","items_purchased":["Infinite Blades","Heel Hook","Swift Strike","Deflect","Toy Ornithopter"],"gold_per_floor":[113,131,131,131,19,53,63,80,80,180,195,213,213,232,232,328,328,339,339,354,373,373,404,404,416,485,485,496,155,155,167,167],"floor_reached":33,"campfire_rested":2,"playtime":2779,"current_hp_per_floor":[70,70,70,63,63,63,63,57,71,71,64,64,64,50,50,46,84,78,62,52,35,35,17,42,26,26,26,26,26,26,2,27],"items_purged":[],"gold":167,"play_id":"f6d7a184-8288-4083-b648-a9735c77b730","is_prod":false,"is_daily":false,"is_ascension_mode":false,"campfire_upgraded":3,"path_taken":["M","M","?","?","?","E","M","?","T","?","M","?","R","M","R","BOSS","M","?","M","M","?","E","R","?","T","R","M","?","?","M","R","BOSS"],"build_version":"2018-01-25-PROD3","purchased_purges":0,"victory":false,"master_deck":["Defend_G","Defend_G","Defend_G","Defend_G","Strike_G","Strike_G","Strike_G","Strike_G","Strike_G","Survivor","Neutralize+1","Flying Knee","Flying Knee","Infinite Blades+1","Heel Hook","Slice","Sucker Punch","Predator","Deadly Poison+1","Dagger Spray","Dagger Throw","Envenom+1","Poisoned Stab","Backflip","Catalyst+1","Escape Plan+1","PiercingWail+1","Blur","Swift Strike","Deflect","Leg Sweep+1"],"max_hp_per_floor":[70,70,70,70,70,70,70,70,84,84,84,84,84,84,84,84,84,84,84,84,84,84,84,84,84,84,84,84,84,84,84,84],"relics":["Ring of the Snake","NeowsBlessing","Matryoshka","Ninja Scroll","Mango","White Beast Statue","Enchiridion","Girya","Bronze Scales","Letter Opener","Toy Ornithopter"],"card_choices":[{"not_picked":["Dagger Spray","Deflect"],"picked":"Flying Knee"},{"not_picked":["Dodge and Roll","Blur"],"picked":"Flying Knee"},{"not_picked":["Riddle With Holes","Distraction"],"picked":"Slice"},{"not_picked":["Prepared","Tools of the Trade"],"picked":"Sucker Punch"},{"not_picked":["Malaise","Sucker Punch"],"picked":"Predator"},{"not_picked":["Sucker Punch","Backflip"],"picked":"Deadly Poison"},{"not_picked":["Deflect","Riddle With Holes"],"picked":"Dagger Spray"},{"not_picked":["Footwork","Escape Plan"],"picked":"Dagger Throw"},{"not_picked":["A Thousand Cuts","Unload"],"picked":"Envenom"},{"not_picked":["Deadly Poison","Dodge and Roll"],"picked":"Poisoned Stab"},{"not_picked":["Prepared","Slice"],"picked":"Backflip"},{"not_picked":["Infinite Blades","Deadly Poison"],"picked":"Catalyst"},{"not_picked":["Outmaneuver","Dagger Spray"],"picked":"Escape Plan"},{"not_picked":["Prepared","Catalyst"],"picked":"PiercingWail"},{"not_picked":["Deflect","Backstab"],"picked":"Blur"},{"not_picked":["Bane","PiercingWail"],"picked":"Leg Sweep"}],"player_experience":11019,"potions_floor_usage":[16,20,21,23,23,25,28,31,33,33],"damage_taken":[{"damage":0,"enemies":"2 Louse","floor":1,"turns":1},{"damage":0,"enemies":"Jaw Worm","floor":2,"turns":1},{"damage":0,"enemies":"Gremlin Nob","floor":6,"turns":1},{"damage":0,"enemies":"Cultist","floor":7,"turns":3},{"damage":6,"enemies":"2 Fungi Beasts","floor":8,"turns":3},{"damage":7,"enemies":"Looter","floor":11,"turns":2},{"damage":0,"enemies":"Exordium Wildlife","floor":12,"turns":2},{"damage":14,"enemies":"3 Louse","floor":14,"turns":2},{"damage":4,"enemies":"Slime Boss","floor":16,"turns":7},{"damage":6,"enemies":"3 Byrds","floor":18,"turns":4},{"damage":10,"enemies":"Chosen","floor":20,"turns":3},{"damage":17,"enemies":"Centurion and Healer","floor":21,"turns":4},{"damage":18,"enemies":"Gremlin Leader","floor":23,"turns":4},{"damage":16,"enemies":"Snake Plant","floor":25,"turns":3},{"damage":0,"enemies":"Snecko","floor":28,"turns":4},{"damage":27,"enemies":"Slaver and Parasite","floor":31,"turns":5},{"damage":40,"enemies":"Automaton","floor":33,"turns":6}],"event_choices":[{"event_name":"Living Wall","player_choice":"Grow","floor":3,"damage_taken":0},{"event_name":"Golden Wing","player_choice":"Card Removal","floor":4,"damage_taken":0},{"event_name":"Golden Shrine","player_choice":"Pray","floor":10,"damage_taken":0},{"event_name":"Cursed Tome","player_choice":"Obtained Book","floor":19,"damage_taken":0},{"event_name":"Drug Dealer","player_choice":"Ignored","floor":22,"damage_taken":0},{"event_name":"N\u0027loth","player_choice":"Ignored","floor":30,"damage_taken":0}],"boss_relics":[{"not_picked":["Velvet Choker","Ectoplasm"],"picked":"White Beast Statue"}],"potions_floor_spawned":[8,11,16,18,20,21,23,25,28,31],"seed_played":"-1090413610557642861","killed_by":"Automaton","ascension_level":0,"is_trial":false}