{"path_per_floor":["M","M","$","M","?","E","M","E","T","R","M","M","R","E","R","B",null,"M","?","?","M","T","E","M","R","T","M","$","R","?","E","R","B",null,"M","M","M","M","M","R","E","R","T","E","$","E","M","?","R","B"],"character_chosen":"IRONCLAD","items_purchased":["True Grit","Anchor","Seeing Red"],"gold_per_floor":[111,127,28,38,38,63,79,106,129,129,144,154,154,189,189,287,287,305,305,205,222,222,249,267,267,267,277,25,25,25,57,57,158,158,168,187,203,218,232,232,265,265,265,298,134,168,187,187,187,187],"floor_reached":51,"campfire_rested":0,"playtime":3627,"current_hp_per_floor":[80,79,79,83,76,57,57,53,53,53,51,68,68,63,63,62,106,100,100,100,109,109,79,84,84,84,81,81,81,81,60,60,29,120,107,103,90,86,93,93,91,91,91,120,120,99,111,111,111,85],"items_purged":["Pain","Strike_R","Strike_R"],"gold":187,"score":707,"play_id":"a082caa9-4e80-460b-b9d7-0c84e7d639fa","is_prod":false,"is_daily":false,"is_ascension_mode":true,"campfire_upgraded":7,"path_taken":["M","M","$","M","?","E","M","E","T","R","?","M","R","E","R","BOSS","M","?","?","M","?","E","M","R","T","M","$","R","?","E","R","BOSS","M","M","M","M","M","R","E","R","T","E","$","E","M","?","R","BOSS"],"build_version":"2018-02-19-BETA1","purchased_purges":3,"victory":true,"master_deck":["Strike_R","Strike_R","Strike_R","Defend_R","Defend_R","Defend_R","Bash","Feed+1","Armaments+1","True Grit+1","Headbutt","Demon Form+1","Thunderclap","Immolate","Clash","Warcry+1","Impervious","True Grit+1","Shrug It Off","J.A.X.+1","Sword Boomerang","Regret","Inflame+1","Clumsy","Double Tap","Heavy Blade+1","Uppercut+1","Reaper","Whirlwind","Injury","Burning Pact+1","Seeing Red","Battle Trance+1","Fiend Fire"],"max_hp_per_floor":[83,86,86,90,90,93,96,99,99,99,99,102,102,102,102,106,106,106,106,106,109,109,112,112,112,112,116,116,116,116,120,120,120,120,120,120,120,120,124,124,124,124,124,128,128,132,136,136,136,136],"relics":["Burning Blood","Calipers","Blood Vial","Magic Flower","Vajra","Juzu Bracelet","Cursed Key","Charon\u0027s Ashes","Ice Cream","Du-Vu Doll","Anchor","Shovel","Bottled Flame","White Beast Statue","Happy Flower","Matryoshka","Bag of Preparation","Peace Pipe","Omamori","Champion Belt"],"card_choices":[{"not_picked":["Offering","Barricade"],"picked":"Feed"},{"not_picked":["Anger","Clothesline"],"picked":"Armaments"},{"not_picked":["Perfected Strike","Armaments"],"picked":"Headbutt"},{"not_picked":["Anger","Headbutt"],"picked":"Demon Form"},{"not_picked":["Anger","Iron Wave"],"picked":"Thunderclap"},{"not_picked":["Searing Blow","Rampage"],"picked":"Immolate"},{"not_picked":["Disarm","Cleave"],"picked":"Clash"},{"not_picked":["Clothesline","Carnage"],"picked":"Warcry"},{"not_picked":["Immolate","Dark Embrace"],"picked":"Impervious"},{"not_picked":["Body Slam","Ghostly Armor"],"picked":"True Grit"},{"not_picked":["Headbutt","Clash"],"picked":"Sword Boomerang"},{"not_picked":["Spot Weakness","Headbutt"],"picked":"Inflame"},{"not_picked":["Berserk","Impervious"],"picked":"Double Tap"},{"not_picked":["Body Slam","Clothesline"],"picked":"Heavy Blade"},{"not_picked":["Heavy Blade","Iron Wave"],"picked":"Uppercut"},{"not_picked":["Thunderclap","Pommel Strike"],"picked":"Reaper"},{"not_picked":["Uppercut","Body Slam"],"picked":"Whirlwind"},{"not_picked":["Reaper","Heavy Blade"],"picked":"Burning Pact"},{"not_picked":["Iron Wave","Pommel Strike"],"picked":"Battle Trance"}],"player_experience":80238,"potions_floor_usage":[11,16,21,33,38,38,41,47,50,50,50],"damage_taken":[{"damage":9,"enemies":"2 Louse","floor":1,"turns":3},{"damage":10,"enemies":"Small Slimes","floor":2,"turns":3},{"damage":6,"enemies":"Jaw Worm","floor":4,"turns":4},{"damage":28,"enemies":"Gremlin Nob","floor":6,"turns":5},{"damage":11,"enemies":"Red Slaver","floor":7,"turns":5},{"damage":15,"enemies":"3 Sentries","floor":8,"turns":7},{"damage":14,"enemies":"Large Slime","floor":11,"turns":5},{"damage":0,"enemies":"Blue Slaver","floor":12,"turns":3},{"damage":17,"enemies":"Gremlin Nob","floor":14,"turns":4},{"damage":19,"enemies":"The Guardian","floor":16,"turns":8},{"damage":15,"enemies":"3 Byrds","floor":18,"turns":6},{"damage":3,"enemies":"2 Thieves","floor":21,"turns":4},{"damage":44,"enemies":"Book of Stabbing","floor":23,"turns":5},{"damage":7,"enemies":"Snecko","floor":24,"turns":5},{"damage":21,"enemies":"Cultist and Chosen","floor":27,"turns":6},{"damage":39,"enemies":"Slavers","floor":31,"turns":4},{"damage":43,"enemies":"Collector","floor":33,"turns":8},{"damage":22,"enemies":"Orb Walker","floor":35,"turns":4},{"damage":16,"enemies":"3 Darklings","floor":36,"turns":6},{"damage":25,"enemies":"Maw","floor":37,"turns":7},{"damage":21,"enemies":"4 Shapes","floor":38,"turns":3},{"damage":46,"enemies":"3 Darklings","floor":39,"turns":4},{"damage":47,"enemies":"2 Orb Walkers","floor":41,"turns":6},{"damage":22,"enemies":"Nemesis","floor":44,"turns":5},{"damage":39,"enemies":"2 Orb Walkers","floor":46,"turns":4},{"damage":6,"enemies":"Sphere and 2 Shapes","floor":47,"turns":3},{"damage":38,"enemies":"Time Eater","floor":50,"turns":7}],"event_choices":[{"event_name":"Scrap Ooze","player_choice":"success","floor":5,"damage_taken":7},{"event_name":"The Library","player_choice":"Read","floor":19,"damage_taken":0},{"event_name":"Drug Dealer","player_choice":"Got JAXXED","floor":20,"damage_taken":0},{"event_name":"Back to Basics","player_choice":"Elegance","floor":30,"damage_taken":0},{"event_name":"Match and Keep!","player_choice":"1 cards matched","floor":48,"damage_taken":0},{"event_name":"Match and Keep!","player_choice":"1 cards matched","floor":48,"damage_taken":0}],"boss_relics":[{"not_picked":["Runic Cube","Philosopher\u0027s Stone"],"picked":"Cursed Key"},{"not_picked":["Runic Pyramid","Runic Dome"],"picked":"White Beast Statue"}],"potions_floor_spawned":[1,2,11,14,16,21,27,35,36,37,38,39,41,44,46,47],"seed_played":"3390823389995381617","ascension_level":2,"is_trial":false}