{"gold_per_floor":[362,156,171,171,185,215,215,215,515,530,530,530,563,579,579,579],"floor_reached":16,"playtime":938,"items_purged":[],"score":160,"play_id":"1be11b2f-cbb8-4332-912f-ebcb6845fbb3","local_time":"20180707192413","is_ascension_mode":true,"campfire_choices":[{"floor":8,"key":"REST"},{"floor":12,"key":"REST"},{"floor":15,"key":"REST"}],"neow_cost":"FIFTY_PERCENT_DAMAGE","seed_source_timestamp":168333122136499,"circlet_count":0,"master_deck":["Strike_R","Strike_R","Strike_R","Strike_R","Strike_R","Defend_R","Defend_R","Defend_R","Bash","Corruption","Second Wind","Havoc","Sentinel","Disarm"],"relics":["Burning Blood","Lantern","Du-Vu Doll","CultistMask","Old Coin","Anchor"],"potions_floor_usage":[6,6,14],"damage_taken":[{"damage":6,"enemies":"Cultist","floor":1,"turns":4},{"damage":0,"enemies":"Small Slimes","floor":3,"turns":2},{"damage":9,"enemies":"Jaw Worm","floor":5,"turns":4},{"damage":34,"enemies":"Gremlin Nob","floor":6,"turns":6},{"damage":17,"enemies":"Red Slaver","floor":10,"turns":5},{"damage":53,"enemies":"3 Sentries","floor":13,"turns":17},{"damage":2,"enemies":"Large Slime","floor":14,"turns":9},{"damage":59,"enemies":"The Guardian","floor":16,"turns":6}],"seed_played":"-7978295197676552715","potions_obtained":[{"floor":5,"key":"Block Potion"},{"floor":13,"key":"SkillPotion"}],"is_trial":false,"path_per_floor":["M","$","M","?","M","E","?","R","T","M","?","R","E","M","R"],"character_chosen":"IRONCLAD","items_purchased":["Explosive Potion","Lantern"],"campfire_rested":3,"item_purchase_floors":[2,2],"current_hp_per_floor":[36,36,42,68,65,37,37,61,61,50,50,74,27,31,55,0],"gold":579,"neow_bonus":"TWO_FIFTY_GOLD","is_prod":false,"is_daily":false,"chose_seed":false,"campfire_upgraded":0,"win_rate":0,"timestamp":1530980653,"path_taken":["M","$","?","?","?","E","?","R","T","M","?","R","E","M","R","BOSS"],"build_version":"2018-07-05","purchased_purges":0,"victory":false,"max_hp_per_floor":[80,80,80,80,80,80,80,80,80,80,80,80,80,80,80,80],"card_choices":[{"not_picked":["Warcry","Headbutt","Heavy Blade"],"picked":"SKIP","floor":1},{"not_picked":["Headbutt","Twin Strike"],"picked":"Corruption","floor":3},{"not_picked":["Armaments","Carnage"],"picked":"Second Wind","floor":5},{"not_picked":["Fire Breathing","Searing Blow"],"picked":"Havoc","floor":6},{"not_picked":["Thunderclap","Flex"],"picked":"Sentinel","floor":10},{"not_picked":["Havoc","Impervious"],"picked":"Disarm","floor":13},{"not_picked":["Twin Strike","Sword Boomerang","Wild Strike"],"picked":"SKIP","floor":14}],"player_experience":547637,"relics_obtained":[{"floor":6,"key":"Du-Vu Doll"},{"floor":9,"key":"Old Coin"},{"floor":13,"key":"Anchor"}],"event_choices":[{"event_name":"Big Fish","player_choice":"Banana","floor":4,"damage_taken":0},{"event_name":"FaceTrader","player_choice":"Trade","floor":7,"damage_taken":0},{"event_name":"Purifier","player_choice":"One Purge","floor":11,"damage_taken":0}],"boss_relics":[],"items_purged_floors":[],"is_endless":false,"potions_floor_spawned":[5,13],"killed_by":"The Guardian","ascension_level":9}