{"path_per_floor":["M","?","M","M","M","E","R","E","T","R","T","?","M","M","R","B",null,"M","M","?","$","M","E","R","E","T","R","$","E","R","M","R"],"character_chosen":"IRONCLAD","items_purchased":["Torii","Shrug It Off","Toolbox","True Grit"],"gold_per_floor":[16,91,110,127,143,168,168,201,201,201,227,187,202,217,217,318,348,360,376,376,39,52,85,85,417,417,417,118,150,150,169,169],"floor_reached":33,"campfire_rested":5,"playtime":3695,"current_hp_per_floor":[77,66,70,74,78,69,69,61,61,61,61,61,61,63,80,56,85,71,67,67,67,56,15,40,33,33,58,58,27,52,38,63],"items_purged":[],"gold":169,"play_id":"618984cc-778e-4fc3-a69f-be445a818052","is_prod":false,"is_daily":false,"is_ascension_mode":false,"campfire_upgraded":2,"path_taken":["M","?","?","M","M","E","R","E","T","R","?","?","M","?","R","BOSS","M","M","?","$","M","E","R","E","T","R","$","E","R","M","R","BOSS"],"build_version":"2018-01-25-PROD3","purchased_purges":0,"victory":false,"master_deck":["Strike_R","Strike_R","Strike_R","Strike_R","Strike_R","Defend_R","Defend_R","Defend_R","Defend_R","Bash","Juggernaut+1","Rage+1","Anger","Headbutt","Perfected Strike","Iron Wave","Blood for Blood","Disarm","Cleave","Impervious","Iron Wave","Warcry","Intimidate+1","Body Slam","Shrug It Off","Shrug It Off+1","Seeing Red+1","Reckless Charge","True Grit","Headbutt","Armaments"],"max_hp_per_floor":[80,80,80,80,80,80,80,80,80,80,80,80,80,80,80,80,85,85,85,85,85,85,85,85,85,85,85,85,85,85,85,85],"relics":["Burning Blood","Ginger","Ancient Tea Set","Anchor","Oddly Smooth Stone","Tiny House","Torii","Mummified Hand","Old Coin","Bird Faced Urn","Toolbox","Toxic Egg"],"card_choices":[{"not_picked":["Double Tap","Feed"],"picked":"Juggernaut"},{"not_picked":["Infernal Blade","Warcry"],"picked":"Rage"},{"not_picked":["Hemokinesis","Heavy Blade"],"picked":"Anger"},{"not_picked":["Feel No Pain","Burning Pact"],"picked":"Headbutt"},{"not_picked":["Twin Strike","Rupture"],"picked":"Perfected Strike"},{"not_picked":["Feel No Pain","Perfected Strike"],"picked":"Iron Wave"},{"not_picked":["Warcry","Flex"],"picked":"Blood for Blood"},{"not_picked":["Perfected Strike","Bloodletting"],"picked":"Disarm"},{"not_picked":["Combust","Dual Wield"],"picked":"Cleave"},{"not_picked":["Fiend Fire","Brutality"],"picked":"Impervious"},{"not_picked":["Warcry","Clothesline"],"picked":"Iron Wave"},{"not_picked":["Shockwave","Sever Soul"],"picked":"Warcry"},{"not_picked":["Perfected Strike","Hemokinesis"],"picked":"Intimidate"},{"not_picked":["Thunderclap","Warcry"],"picked":"Shrug It Off"},{"not_picked":["Cleave","Intimidate"],"picked":"Seeing Red"},{"not_picked":["Clash","Second Wind"],"picked":"Reckless Charge"},{"not_picked":["Clash","Dual Wield"],"picked":"Headbutt"},{"not_picked":["Berserk","Power Through"],"picked":"Armaments"}],"player_experience":24821,"potions_floor_usage":[4,6,14,16,16,19,23,25,25,29,31],"damage_taken":[{"damage":9,"enemies":"Small Slimes","floor":1,"turns":5},{"damage":2,"enemies":"2 Louse","floor":3,"turns":2},{"damage":2,"enemies":"Blue Slaver","floor":4,"turns":4},{"damage":2,"enemies":"Large Slime","floor":5,"turns":7},{"damage":15,"enemies":"3 Sentries","floor":6,"turns":8},{"damage":14,"enemies":"Lagavulin","floor":8,"turns":6},{"damage":6,"enemies":"Gremlin Gang","floor":13,"turns":4},{"damage":4,"enemies":"Exordium Thugs","floor":14,"turns":5},{"damage":30,"enemies":"The Guardian","floor":16,"turns":10},{"damage":20,"enemies":"Chosen","floor":18,"turns":6},{"damage":10,"enemies":"Shell Parasite","floor":19,"turns":10},{"damage":17,"enemies":"Snake Plant","floor":22,"turns":6},{"damage":47,"enemies":"Slavers","floor":23,"turns":10},{"damage":13,"enemies":"Book of Stabbing","floor":25,"turns":6},{"damage":39,"enemies":"Gremlin Leader","floor":29,"turns":7},{"damage":22,"enemies":"Centurion and Healer","floor":31,"turns":8},{"damage":75,"enemies":"Collector","floor":33,"turns":6}],"event_choices":[{"event_name":"World of Goop","player_choice":"Gather Gold","floor":2,"damage_taken":0},{"event_name":"The Woman in Blue","player_choice":"Bought 3 Potions","floor":12,"damage_taken":0},{"event_name":"The Library","player_choice":"Read","floor":20,"damage_taken":0}],"boss_relics":[{"not_picked":["Cursed Key","Philosopher\u0027s Stone"],"picked":"Tiny House"}],"potions_floor_spawned":[1,3,14,22,23,25,29],"seed_played":"519835813097382219","killed_by":"Collector","ascension_level":0,"is_trial":false}