{"gold_per_floor":[434,434,460,502,544,556,68,68,97,128,160,160,72,72,100,100],"floor_reached":16,"playtime":511,"items_purged":["Strike_R"],"score":400,"play_id":"0c50e06b-2f31-44b1-a405-8876f0396b14","local_time":"20190404214855","daily_mods":["Uncertain Future"],"is_ascension_mode":true,"campfire_choices":[{"data":"Bash","floor":2,"key":"SMITH"},{"data":"Rampage","floor":8,"key":"SMITH"},{"floor":14,"key":"REST"}],"neow_cost":"","seed_source_timestamp":0,"circlet_count":0,"master_deck":["AscendersBane","Strike_R","Strike_R","Strike_R","Strike_R","Defend_R","Defend_R","Defend_R+1","Defend_R","Bash+1","Offering","Rampage+1","Sword Boomerang","Seeing Red+1","Flex+1","Shrug It Off+1","Dropkick","Double Tap+1","Flex+1","Havoc+1","Dropkick"],"relics":["Burning Blood","Black Star","Sling","PreservedInsect","TheAbacus","Pear","MawBank","Calipers","Pen Nib","Happy Flower","Mummified Hand","Runic Dome","Oddly Smooth Stone","Unceasing Top","Dream Catcher","War Paint","Strawberry","Toxic Egg 2","Potion Belt","Centennial Puzzle","Orrery","Bronze Scales","The Courier"],"potions_floor_usage":[9],"damage_taken":[{"damage":10,"enemies":"Lagavulin","floor":3,"turns":4},{"damage":21,"enemies":"3 Sentries","floor":4,"turns":5},{"damage":6,"enemies":"Gremlin Nob","floor":5,"turns":2},{"damage":35,"enemies":"Gremlin Leader","floor":9,"turns":5},{"damage":14,"enemies":"Book of Stabbing","floor":10,"turns":3},{"damage":35,"enemies":"Slavers","floor":11,"turns":5},{"damage":6,"enemies":"Nemesis","floor":15,"turns":3},{"damage":53,"enemies":"Reptomancer","floor":16,"turns":5}],"seed_played":"-6323388211281517381","potions_obtained":[{"floor":3,"key":"SpeedPotion"},{"floor":4,"key":"Regen Potion"},{"floor":11,"key":"Dexterity Potion"}],"is_trial":true,"path_per_floor":["$","R","E","E","E","T","$","R","E","E","E","T","$","R","E","E"],"character_chosen":"IRONCLAD","items_purchased":["TheAbacus","Offering","Rampage","Oddly Smooth Stone","Unceasing Top","Dropkick"],"campfire_rested":1,"item_purchase_floors":[1,1,1,7,7,13],"current_hp_per_floor":[68,68,74,59,59,59,59,59,44,43,14,14,14,41,41,0],"gold":100,"neow_bonus":"","is_prod":false,"is_daily":false,"chose_seed":false,"campfire_upgraded":2,"win_rate":0,"timestamp":1554382135,"path_taken":["$","R","E","E","E","T","$","R","E","E","E","T","$","R","E","E"],"build_version":"2019-01-23","purchased_purges":1,"victory":false,"max_hp_per_floor":[75,75,85,85,85,85,85,85,85,92,92,92,92,92,92,92],"card_choices":[{"not_picked":["Rampage","Clothesline","Fire Breathing"],"picked":"SKIP","floor":3},{"not_picked":["Body Slam","Pummel","Rupture"],"picked":"SKIP","floor":4},{"not_picked":["Headbutt","Warcry"],"picked":"Sword Boomerang","floor":5},{"not_picked":["Twin Strike","Clothesline"],"picked":"Seeing Red","floor":9},{"not_picked":["Demon Form","Sever Soul"],"picked":"Flex","floor":10},{"not_picked":["Barricade","Second Wind+1"],"picked":"Shrug It Off+1","floor":11},{"not_picked":["Sword Boomerang","Second Wind+1"],"picked":"Dropkick","floor":12},{"not_picked":["Cleave","Armaments+1"],"picked":"Double Tap+1","floor":12},{"not_picked":["Power Through+1","Pommel Strike"],"picked":"Flex+1","floor":12},{"not_picked":["Body Slam","Anger"],"picked":"Havoc+1","floor":12},{"not_picked":["Feed","Sword Boomerang","Dark Embrace"],"picked":"SKIP","floor":15}],"player_experience":2877312,"relics_obtained":[{"floor":3,"key":"Pear"},{"floor":3,"key":"MawBank"},{"floor":4,"key":"Calipers"},{"floor":4,"key":"Pen Nib"},{"floor":5,"key":"Happy Flower"},{"floor":5,"key":"Mummified Hand"},{"floor":9,"key":"Dream Catcher"},{"floor":9,"key":"War Paint"},{"floor":10,"key":"Strawberry"},{"floor":10,"key":"Toxic Egg 2"},{"floor":11,"key":"Potion Belt"},{"floor":11,"key":"Centennial Puzzle"},{"floor":15,"key":"Bronze Scales"},{"floor":15,"key":"The Courier"}],"event_choices":[],"is_beta":false,"boss_relics":[{"not_picked":["Coffee Dripper","Black Blood"],"picked":"Runic Dome"},{"not_picked":["Sozu","Mark of Pain"],"picked":"Orrery"}],"items_purged_floors":[1],"is_endless":false,"potions_floor_spawned":[3,4,11],"killed_by":"Reptomancer","ascension_level":20}