{"path_per_floor":["M","?","?","?","T","R","M","R","T","R","M","M","E","M","R","B",null,"M","?","T","$","M","E","R","E","T","M","M","M","R","M","R","B",null,"M","$","?","?","M","E","?","R","T","R","M","R","$","M","R","B"],"character_chosen":"DEFECT","items_purchased":["Heatsinks","Storm","Apotheosis+1"],"gold_per_floor":[113,113,113,113,113,113,127,127,157,157,174,193,222,235,235,337,337,337,337,337,267,267,267,267,267,267,267,267,267,267,267,267,267,267,267,5,5,5,5,5,5,5,5,5,5,5,5,5,5,5],"floor_reached":51,"campfire_rested":5,"playtime":2907,"item_purchase_floors":[21,36,36],"current_hp_per_floor":[75,75,75,68,68,68,68,68,68,68,58,49,46,33,55,75,75,75,61,61,61,56,12,36,28,28,28,25,25,49,56,56,23,80,80,80,80,80,55,3,3,27,27,51,66,66,66,71,71,66],"items_purged":[],"gold":5,"score":847,"play_id":"0d8f248f-2566-4bc2-9182-8e733b064a91","local_time":"20180602180610","is_prod":false,"is_daily":false,"chose_seed":false,"is_ascension_mode":true,"campfire_upgraded":6,"win_rate":0,"timestamp":1527951970,"campfire_choices":[{"data":"White Noise","floor":6,"key":"SMITH"},{"data":"Defend_B","floor":8,"key":"SMITH"},{"data":"Defend_B","floor":10,"key":"SMITH"},{"floor":15,"key":"REST"},{"floor":24,"key":"REST"},{"floor":30,"key":"REST"},{"data":"White Noise","floor":32,"key":"SMITH"},{"floor":42,"key":"REST"},{"floor":44,"key":"REST"},{"data":"Echo Form","floor":46,"key":"SMITH"},{"data":"Storm","floor":49,"key":"SMITH"}],"path_taken":["M","?","?","?","?","R","M","R","T","R","M","M","E","M","R","BOSS","M","?","?","$","M","E","R","E","T","?","M","M","R","M","R","BOSS","M","$","?","?","?","E","?","R","T","R","M","R","?","?","R","BOSS"],"build_version":"2018-05-31","seed_source_timestamp":1019712687233342,"purchased_purges":0,"victory":true,"master_deck":["Strike_B","Strike_B","Defend_B+1","Defend_B+1","Defend_B","Zap+1","Dualcast+1","Force Field+1","White Noise+1","Tempest","White Noise+1","Biased Cognition","Heatsinks","Force Field+1","Melter+1","Force Field+1","Ball Lightning+1","Echo Form+1","Storm+1","Apotheosis+1","Panache","Loop+1","Redo+1"],"max_hp_per_floor":[75,75,75,75,75,75,75,75,75,75,75,75,75,75,75,75,75,75,80,80,80,80,80,80,80,80,80,80,80,80,80,80,80,80,80,80,80,80,80,80,80,80,80,80,80,80,80,80,80,80],"relics":["Cracked Core","War Paint","Ornamental Fan","Tiny Chest","Pantograph","Ectoplasm","Toxic Egg 2","Ice Cream","Gremlin Horn","Toolbox","Philosopher\u0027s Stone","Bird Faced Urn","Oddly Smooth Stone"],"card_choices":[{"not_picked":["Coolheaded","Steam"],"picked":"Force Field","floor":1},{"not_picked":["Conserve Battery","Streamline","Reinforced Body"],"picked":"SKIP","floor":7},{"not_picked":["Beam Cell","Turbo","Blizzard"],"picked":"SKIP","floor":11},{"not_picked":["Hologram","Blizzard","Darkness"],"picked":"SKIP","floor":12},{"not_picked":["All For One","Rebound"],"picked":"Tempest","floor":13},{"not_picked":["Loop","Beam Cell"],"picked":"White Noise","floor":14},{"not_picked":["Hyperbeam","Multi-Cast"],"picked":"Biased Cognition","floor":16},{"not_picked":["Beam Cell","Hologram","Glacier"],"picked":"SKIP","floor":18},{"not_picked":["Gash+1","Reprogram+1"],"picked":"Force Field+1","floor":22},{"not_picked":["Sweeping Beam","Cold Snap+1"],"picked":"Melter+1","floor":23},{"not_picked":["Capacitor","Barrage"],"picked":"Force Field+1","floor":25},{"not_picked":["Rebound","Cold Snap+1"],"picked":"Ball Lightning+1","floor":27},{"not_picked":["Steam+1","Compile Driver","Rip and Tear"],"picked":"SKIP","floor":28},{"not_picked":["Go for the Eyes","Ball Lightning","Rebound"],"picked":"SKIP","floor":29},{"not_picked":["Hologram+1","Leap+1","Sweeping Beam"],"picked":"SKIP","floor":31},{"not_picked":["Core Surge","Amplify+1"],"picked":"Echo Form","floor":33},{"not_picked":["Leap+1","Blizzard+1","Cold Snap"],"picked":"SKIP","floor":35},{"not_picked":["Dramatic Entrance","Enlightenment+1"],"picked":"Panache","floor":38},{"not_picked":["Reinforced Body+1","Double Energy+1"],"picked":"Loop+1","floor":39},{"not_picked":["Doom and Gloom","Conserve Battery+1","Go for the Eyes"],"picked":"SKIP","floor":40},{"not_picked":["Turbo+1","Barrage","Glacier+1"],"picked":"SKIP","floor":45},{"not_picked":["Rebound+1","Ball Lightning+1"],"picked":"Redo+1","floor":48}],"player_experience":463739,"potions_floor_usage":[13,14,16,23,29,31,33,40,50,50],"damage_taken":[{"damage":0,"enemies":"2 Louse","floor":1,"turns":3},{"damage":0,"enemies":"Cultist","floor":7,"turns":3},{"damage":10,"enemies":"Small Slimes","floor":11,"turns":3},{"damage":9,"enemies":"Blue Slaver","floor":12,"turns":3},{"damage":17,"enemies":"Lagavulin","floor":13,"turns":7},{"damage":13,"enemies":"Exordium Thugs","floor":14,"turns":3},{"damage":0,"enemies":"The Guardian","floor":16,"turns":9},{"damage":0,"enemies":"Spheric Guardian","floor":18,"turns":3},{"damage":5,"enemies":"3 Byrds","floor":22,"turns":3},{"damage":44,"enemies":"Slavers","floor":23,"turns":6},{"damage":8,"enemies":"Book of Stabbing","floor":25,"turns":6},{"damage":0,"enemies":"Snake Plant","floor":27,"turns":3},{"damage":10,"enemies":"Centurion and Healer","floor":28,"turns":4},{"damage":0,"enemies":"Sentry and Sphere","floor":29,"turns":2},{"damage":0,"enemies":"Cultist and Chosen","floor":31,"turns":3},{"damage":57,"enemies":"Collector","floor":33,"turns":14},{"damage":0,"enemies":"Orb Walker","floor":35,"turns":3},{"damage":25,"enemies":"3 Shapes","floor":39,"turns":3},{"damage":52,"enemies":"2 Orb Walkers","floor":40,"turns":4},{"damage":1,"enemies":"Maw","floor":45,"turns":4},{"damage":7,"enemies":"3 Darklings","floor":48,"turns":2},{"damage":39,"enemies":"Time Eater","floor":50,"turns":7}],"relics_obtained":[{"floor":5,"key":"Ornamental Fan"},{"floor":9,"key":"Tiny Chest"},{"floor":13,"key":"Pantograph"},{"floor":20,"key":"Toxic Egg 2"},{"floor":23,"key":"Ice Cream"},{"floor":25,"key":"Gremlin Horn"},{"floor":26,"key":"Toolbox"},{"floor":40,"key":"Bird Faced Urn"},{"floor":43,"key":"Oddly Smooth Stone"}],"event_choices":[{"event_name":"Upgrade Shrine","player_choice":"Upgraded","floor":2,"damage_taken":0},{"event_name":"Transmorgrifier","player_choice":"Transform","floor":3,"damage_taken":0},{"event_name":"Golden Wing","player_choice":"Card Removal","floor":4,"damage_taken":0},{"event_name":"Forgotten Altar","player_choice":"Shed Blood","floor":19,"damage_taken":0},{"event_name":"SensoryStone","player_choice":"Memory 1","floor":38,"damage_taken":0},{"event_name":"Mysterious Sphere","player_choice":"Ignore","floor":41,"damage_taken":0}],"boss_relics":[{"not_picked":["Velvet Choker","Cursed Key"],"picked":"Ectoplasm"},{"not_picked":["Tiny House","Snecko Eye"],"picked":"Philosopher\u0027s Stone"}],"items_purged_floors":[],"potions_floor_spawned":[12,13,14,22,23,25,27,28,31,40,48],"seed_played":"1844038972307600323","ascension_level":3,"potions_obtained":[{"floor":12,"key":"PowerPotion"},{"floor":13,"key":"LiquidBronze"},{"floor":14,"key":"Poison Potion"},{"floor":22,"key":"SkillPotion"},{"floor":23,"key":"Fire Potion"},{"floor":25,"key":"SteroidPotion"},{"floor":27,"key":"Ancient Potion"},{"floor":28,"key":"PowerPotion"},{"floor":31,"key":"Strength Potion"},{"floor":40,"key":"Ancient Potion"},{"floor":48,"key":"Block Potion"}],"is_trial":false}