{"gold_per_floor":[112,37,50,50,64,64,99,99,99,119,44,61,80,95,95,173,173,191,191,191],"floor_reached":20,"playtime":536,"items_purged":["Strike_B"],"score":377,"play_id":"eb14598d-c3f6-45f6-9c5c-e56bb20fc65d","local_time":"20190318121229","is_ascension_mode":true,"campfire_choices":[{"data":"Tempest","floor":6,"key":"SMITH"},{"data":"Biased Cognition","floor":8,"key":"SMITH"},{"data":"Genetic Algorithm","floor":15,"key":"SMITH"}],"neow_cost":"NONE","seed_source_timestamp":91164312017800,"circlet_count":0,"master_deck":["AscendersBane","Strike_B","Strike_B","Strike_B","Defend_B","Defend_B","Defend_B","Zap","Dualcast","Cold Snap","Capacitor","Tempest+1","Biased Cognition+1","Turbo","Genetic Algorithm+1","Cold Snap","Cold Snap","Fission","Cold Snap","Defragment"],"relics":["Cracked Core","NeowsBlessing","Ice Cream","Mango","Philosopher\u0027s Stone"],"potions_floor_usage":[7,7,16,16],"damage_taken":[{"damage":0,"enemies":"Small Slimes","floor":1,"turns":1},{"damage":0,"enemies":"2 Louse","floor":3,"turns":1},{"damage":0,"enemies":"Cultist","floor":5,"turns":1},{"damage":2,"enemies":"Gremlin Nob","floor":7,"turns":3},{"damage":3,"enemies":"3 Louse","floor":10,"turns":2},{"damage":2,"enemies":"Exordium Wildlife","floor":12,"turns":2},{"damage":0,"enemies":"Blue Slaver","floor":13,"turns":3},{"damage":2,"enemies":"2 Fungi Beasts","floor":14,"turns":3},{"damage":25,"enemies":"Hexaghost","floor":16,"turns":11},{"damage":28,"enemies":"3 Byrds","floor":18,"turns":4},{"damage":3,"enemies":"Masked Bandits","floor":20,"turns":2}],"seed_played":"-4417795894114376223","potions_obtained":[{"floor":3,"key":"FearPotion"},{"floor":4,"key":"EssenceOfSteel"},{"floor":7,"key":"AttackPotion"},{"floor":10,"key":"Swift Potion"}],"is_trial":false,"path_per_floor":["M","?","M","?","M","R","E","R","T","M","$","M","M","M","R","B",null,"M","?","?"],"character_chosen":"DEFECT","items_purchased":[],"campfire_rested":0,"item_purchase_floors":[],"current_hp_per_floor":[64,64,64,64,64,64,62,62,76,73,73,71,71,69,69,44,75,47,47,44],"gold":191,"neow_bonus":"THREE_ENEMY_KILL","is_prod":false,"is_daily":false,"chose_seed":false,"campfire_upgraded":3,"win_rate":0,"timestamp":1552878749,"path_taken":["M","?","M","?","M","R","E","R","T","M","$","M","?","M","R","BOSS","M","?","?"],"build_version":"2019-01-23","purchased_purges":1,"victory":false,"max_hp_per_floor":[71,71,71,71,71,71,71,71,85,85,85,85,85,85,85,85,85,85,85,85],"card_choices":[{"not_picked":["Stack","Redo"],"picked":"Cold Snap","floor":1},{"not_picked":["Storm","Hologram"],"picked":"Capacitor","floor":3},{"not_picked":["Go for the Eyes","Skim"],"picked":"Tempest","floor":5},{"not_picked":["Auto Shields","Chill"],"picked":"Biased Cognition","floor":7},{"not_picked":["Ball Lightning","Genetic Algorithm"],"picked":"Turbo","floor":10},{"not_picked":["Ball Lightning","Genetic Algorithm","Heatsinks"],"picked":"SKIP","floor":12},{"not_picked":["Ball Lightning","Heatsinks"],"picked":"Genetic Algorithm","floor":12},{"not_picked":["Genetic Algorithm","Melter"],"picked":"Cold Snap","floor":13},{"not_picked":["Ball Lightning","Static Discharge"],"picked":"Cold Snap","floor":14},{"not_picked":["Hyperbeam","Rainbow"],"picked":"Fission","floor":16},{"not_picked":["Turbo","Ball Lightning"],"picked":"Cold Snap","floor":18}],"player_experience":2340818,"relics_obtained":[{"floor":7,"key":"Ice Cream"},{"floor":9,"key":"Mango"}],"event_choices":[{"cards_removed":["Defend_B"],"damage_healed":0,"gold_gain":0,"player_choice":"Card Removal","damage_taken":0,"max_hp_gain":0,"max_hp_loss":0,"event_name":"The Cleric","floor":2,"gold_loss":75},{"damage_healed":0,"gold_gain":0,"player_choice":"Got Potions","damage_taken":0,"max_hp_gain":0,"max_hp_loss":0,"event_name":"Lab","floor":4,"gold_loss":0},{"damage_healed":0,"gold_gain":0,"player_choice":"Read","damage_taken":0,"max_hp_gain":0,"max_hp_loss":0,"event_name":"The Library","floor":19,"gold_loss":0,"cards_obtained":["Defragment"]},{"damage_healed":0,"gold_gain":0,"player_choice":"Fought Bandits","damage_taken":0,"max_hp_gain":0,"max_hp_loss":0,"event_name":"Masked Bandits","floor":20,"gold_loss":0}],"is_beta":false,"boss_relics":[{"not_picked":["Orrery","Tiny House"],"picked":"Philosopher\u0027s Stone"}],"items_purged_floors":[11],"is_endless":false,"potions_floor_spawned":[3,7,10,13],"killed_by":"Masked Bandits","ascension_level":20}