{"gold_per_floor":[110,126,201,212,229,229,263,274,274,274],"floor_reached":10,"playtime":314,"items_purged":[],"score":140,"play_id":"02ed5bf9-dcf0-451a-946e-56bf49f9558b","local_time":"20190313124303","is_ascension_mode":true,"campfire_choices":[{"data":"Disarm","floor":6,"key":"SMITH"}],"neow_cost":"NONE","seed_source_timestamp":354620969507600,"circlet_count":0,"master_deck":["AscendersBane","Strike_R","Strike_R","Strike_R","Strike_R","Strike_R","Defend_R","Defend_R","Defend_R","Defend_R","Bash","True Grit","Ghostly Armor","Disarm+1","Second Wind","Evolve"],"relics":["Burning Blood","NeowsBlessing","Champion Belt","Dodecahedron"],"potions_floor_usage":[7,7],"damage_taken":[{"damage":0,"enemies":"2 Louse","floor":1,"turns":1},{"damage":0,"enemies":"Small Slimes","floor":2,"turns":1},{"damage":0,"enemies":"Cultist","floor":4,"turns":1},{"damage":6,"enemies":"Blue Slaver","floor":5,"turns":7},{"damage":38,"enemies":"Lagavulin","floor":7,"turns":10},{"damage":16,"enemies":"Lots of Slimes","floor":8,"turns":6},{"damage":18,"enemies":"Gremlin Nob","floor":10,"turns":4}],"seed_played":"9196266169009845071","potions_obtained":[{"floor":2,"key":"Energy Potion"},{"floor":4,"key":"Fire Potion"},{"floor":8,"key":"Energy Potion"}],"is_trial":false,"path_per_floor":["M","M","?","M","M","R","E","M","T","E"],"character_chosen":"IRONCLAD","items_purchased":[],"campfire_rested":0,"item_purchase_floors":[],"current_hp_per_floor":[74,75,64,70,70,70,38,28,28,10],"gold":274,"neow_bonus":"THREE_ENEMY_KILL","is_prod":false,"is_daily":false,"chose_seed":false,"campfire_upgraded":1,"win_rate":0,"timestamp":1552448583,"path_taken":["M","M","?","M","M","R","E","M","T","E"],"build_version":"2019-01-23","purchased_purges":0,"victory":false,"max_hp_per_floor":[75,75,75,75,75,75,75,75,75,75],"card_choices":[{"not_picked":["Heavy Blade","Clash"],"picked":"True Grit","floor":1},{"not_picked":["Sword Boomerang","Twin Strike"],"picked":"Ghostly Armor","floor":2},{"not_picked":["Sword Boomerang","Clothesline","Pommel Strike"],"picked":"SKIP","floor":4},{"not_picked":["True Grit","Warcry"],"picked":"Disarm","floor":5},{"not_picked":["Sword Boomerang","Uppercut"],"picked":"Second Wind","floor":7},{"not_picked":["Anger","Exhume"],"picked":"Evolve","floor":8}],"player_experience":2221110,"relics_obtained":[{"floor":7,"key":"Champion Belt"},{"floor":9,"key":"Dodecahedron"}],"event_choices":[{"damage_healed":0,"gold_gain":75,"player_choice":"Gather Gold","damage_taken":11,"max_hp_gain":0,"max_hp_loss":0,"event_name":"World of Goop","floor":3,"gold_loss":0}],"is_beta":false,"boss_relics":[],"items_purged_floors":[],"is_endless":false,"potions_floor_spawned":[2,4,8],"killed_by":"Gremlin Nob","ascension_level":20}