{"gold_per_floor":[118,168,1,17,17,17,42,42,42,59,78,78],"floor_reached":12,"playtime":227,"items_purged":[],"score":206,"play_id":"16b8475b-a5f2-4225-a856-3c603ed895c1","local_time":"20190329123140","is_ascension_mode":true,"campfire_choices":[{"data":"Bash","floor":6,"key":"SMITH"}],"neow_cost":"NONE","seed_source_timestamp":5333374256400,"circlet_count":0,"master_deck":["AscendersBane","Strike_R","Strike_R","Strike_R","Strike_R","Strike_R","Defend_R","Defend_R","Defend_R","Defend_R","Bash+1","Entrench","Body Slam","Battle Trance"],"special_seed":0,"relics":["Burning Blood","NeowsBlessing","Blood Vial","Smiling Mask","Dodecahedron","Singing Bowl"],"potions_floor_usage":[11,11],"damage_taken":[{"damage":0.0,"enemies":"Jaw Worm","floor":1.0,"turns":1.0},{"damage":0,"enemies":"Cultist","floor":4,"turns":1},{"damage":0,"enemies":"Gremlin Nob","floor":7,"turns":1},{"damage":3,"enemies":"2 Louse","floor":10,"turns":3},{"damage":9,"enemies":"Gremlin Gang","floor":11,"turns":6},{"damage":54,"enemies":"Lagavulin","floor":12,"turns":6}],"seed_played":"1919599687803860014","potions_obtained":[{"floor":1.0,"key":"Ancient Potion"},{"floor":4,"key":"Energy Potion"},{"floor":10,"key":"Swift Potion"}],"is_trial":false,"path_per_floor":["M","?","$","M","T","R","E","?","T","M","M","E"],"character_chosen":"IRONCLAD","items_purchased":["Blood Vial"],"campfire_rested":0,"item_purchase_floors":[3],"current_hp_per_floor":[74,67,67,75,75,75,75,75,75,75,72,20],"gold":78,"neow_bonus":"THREE_ENEMY_KILL","is_prod":false,"is_daily":false,"chose_seed":false,"campfire_upgraded":1,"win_rate":0,"timestamp":1553830300,"path_taken":["M","?","$","?","?","R","E","?","T","M","M","E"],"build_version":"2019-01-23","purchased_purges":0,"victory":false,"max_hp_per_floor":[75,75,75,75,75,75,75,75,75,75,75,75],"card_choices":[{"not_picked":["Infernal Blade","Hemokinesis","Pommel Strike"],"picked":"SKIP","floor":1.0},{"not_picked":["Feel No Pain","Thunderclap"],"picked":"Entrench","floor":4},{"not_picked":["Burning Pact","Clash","Pummel"],"picked":"SKIP","floor":7},{"not_picked":["Heavy Blade","Searing Blow"],"picked":"Body Slam","floor":10},{"not_picked":["Iron Wave","Shrug It Off"],"picked":"Battle Trance","floor":11}],"player_experience":2700013,"relics_obtained":[{"floor":5,"key":"Smiling Mask"},{"floor":7,"key":"Dodecahedron"},{"floor":9,"key":"Singing Bowl"}],"event_choices":[{"damage_healed":0,"gold_gain":50,"player_choice":"Touch","damage_taken":7,"max_hp_gain":0,"max_hp_loss":0,"event_name":"FaceTrader","floor":2,"gold_loss":0},{"damage_healed":0,"gold_gain":0,"player_choice":"0 cards matched","damage_taken":0,"max_hp_gain":0,"max_hp_loss":0,"event_name":"Match and Keep!","floor":8,"gold_loss":0,"cards_obtained":[]}],"is_beta":false,"boss_relics":[],"items_purged_floors":[],"is_endless":false,"potions_floor_spawned":[1,4,10],"killed_by":"Lagavulin","ascension_level":20}