{"gold_per_floor":[110,124,124,199,218,218,283,295,295,328,328],"floor_reached":11,"playtime":647,"items_purged":[],"score":149,"play_id":"d94cbab0-faf1-41fc-b868-5000bd07094f","local_time":"20181208001031","is_ascension_mode":true,"campfire_choices":[{"data":"Panacea","floor":6.0,"key":"SMITH"}],"neow_cost":"NONE","seed_source_timestamp":1072582459858781,"circlet_count":0,"master_deck":["AscendersBane","Strike_B","Strike_B","Strike_B","Strike_B","Defend_B","Defend_B","Defend_B","Defend_B","Zap+1","Dualcast","Panacea+1","Conserve Battery","Hologram","Cold Snap","Rainbow","Auto Shields"],"special_seed":0,"relics":["Cracked Core","Tiny Chest","Darkstone Periapt","Girya"],"potions_floor_usage":[11],"damage_taken":[{"damage":7.0,"enemies":"Small Slimes","floor":1.0,"turns":3.0},{"damage":2.0,"enemies":"Jaw Worm","floor":2.0,"turns":3.0},{"damage":3.0,"enemies":"2 Louse","floor":5.0,"turns":2.0},{"damage":10.0,"enemies":"3 Sentries","floor":7.0,"turns":8.0},{"damage":7.0,"enemies":"Blue Slaver","floor":8.0,"turns":3.0},{"damage":13.0,"enemies":"Lagavulin","floor":10.0,"turns":5.0},{"damage":13,"enemies":"Exordium Thugs","floor":11,"turns":3}],"seed_played":"1102501151718942513","potions_obtained":[{"floor":1.0,"key":"FocusPotion"},{"floor":8.0,"key":"FocusPotion"},{"floor":10.0,"key":"SkillPotion"}],"is_trial":false,"path_per_floor":["M","M","?","?","M","R","E","M","T","E","M"],"character_chosen":"DEFECT","items_purchased":[],"campfire_rested":0,"item_purchase_floors":[],"current_hp_per_floor":[57,55,55,44,41,41,31,24,24,11,0],"gold":328,"neow_bonus":"RANDOM_COLORLESS","is_prod":false,"is_daily":false,"chose_seed":false,"campfire_upgraded":1,"win_rate":0,"timestamp":1544199031,"path_taken":["M","M","?","?","M","R","E","M","T","E","M"],"build_version":"2018-11-15","purchased_purges":0,"victory":false,"max_hp_per_floor":[71,71,71,71,71,71,71,71,71,71,71],"card_choices":[{"not_picked":["Leap","Sweeping Beam"],"picked":"Conserve Battery","floor":1.0},{"not_picked":["Conserve Battery","Steam Power"],"picked":"Hologram","floor":2.0},{"not_picked":["Capacitor","Darkness"],"picked":"Cold Snap","floor":5.0},{"not_picked":["Coolheaded","Rebound"],"picked":"Rainbow","floor":7.0},{"not_picked":["Stack","Hologram","Turbo"],"picked":"SKIP","floor":8.0},{"not_picked":["Coolheaded","Turbo"],"picked":"Auto Shields","floor":10.0}],"player_experience":611864,"relics_obtained":[{"floor":7.0,"key":"Tiny Chest"},{"floor":9.0,"key":"Darkstone Periapt"},{"floor":10.0,"key":"Girya"}],"event_choices":[{"damage_healed":0.0,"max_hp_gain":0.0,"max_hp_loss":0.0,"gold_gain":0.0,"event_name":"Living Wall","player_choice":"Grow","floor":3.0,"gold_loss":0.0,"damage_taken":0.0,"cards_upgraded":["Zap"]},{"damage_healed":0.0,"max_hp_gain":0.0,"max_hp_loss":0.0,"gold_gain":75.0,"event_name":"World of Goop","player_choice":"Gather Gold","floor":4.0,"gold_loss":0.0,"damage_taken":11.0}],"is_beta":true,"boss_relics":[],"items_purged_floors":[],"is_endless":false,"potions_floor_spawned":[1,8,10],"killed_by":"Exordium Thugs","ascension_level":16}