{"gold_per_floor":[119,63,63,74,149,149,174,174,200,200,219,249,262,187,187,261,261,261],"floor_reached":18,"playtime":415,"items_purged":[],"score":486,"play_id":"e2070844-aec7-439a-868e-a6c20d4877e1","local_time":"20190424125219","is_ascension_mode":true,"campfire_choices":[{"data":"Bash","floor":6,"key":"SMITH"},{"data":"Shrug It Off","floor":10,"key":"SMITH"},{"data":"Combust","floor":15,"key":"SMITH"}],"neow_cost":"NONE","seed_source_timestamp":176642939240100,"circlet_count":0,"master_deck":["AscendersBane","Strike_R","Strike_R","Strike_R","Strike_R","Defend_R","Defend_R","Defend_R","Defend_R","Bash+1","Shrug It Off+1","Combust+1","Pommel Strike","Body Slam","Immolate"],"relics":["Burning Blood","NeowsBlessing","Red Skull","Ancient Tea Set","Omamori","Potion Belt","Black Star"],"potions_floor_usage":[16,16,16],"damage_taken":[{"damage":0,"enemies":"2 Louse","floor":1,"turns":1},{"damage":0,"enemies":"Jaw Worm","floor":4,"turns":1},{"damage":0,"enemies":"Lagavulin","floor":7,"turns":1},{"damage":6,"enemies":"Small Slimes","floor":11,"turns":5},{"damage":40,"enemies":"3 Sentries","floor":12,"turns":8},{"damage":4,"enemies":"Exordium Thugs","floor":13,"turns":4},{"damage":4,"enemies":"Slime Boss","floor":16,"turns":4},{"damage":69,"enemies":"Spheric Guardian","floor":18,"turns":9}],"seed_played":"6763695096535552883","potions_obtained":[{"floor":11,"key":"SteroidPotion"},{"floor":12,"key":"Swift Potion"},{"floor":16,"key":"Dexterity Potion"}],"is_trial":false,"path_per_floor":["M","$","?","M","?","R","E","?","T","R","M","E","M","?","R","B",null,"M"],"character_chosen":"IRONCLAD","items_purchased":["Fire Potion"],"campfire_rested":0,"item_purchase_floors":[2],"current_hp_per_floor":[74,74,74,75,64,64,70,70,70,70,70,36,38,38,38,40,66,0],"gold":261,"neow_bonus":"THREE_ENEMY_KILL","is_prod":false,"is_daily":false,"chose_seed":false,"campfire_upgraded":3,"win_rate":0,"timestamp":1556077939,"path_taken":["M","$","?","M","?","R","E","?","T","R","M","E","?","?","R","BOSS","M"],"build_version":"2019-01-23","purchased_purges":0,"victory":false,"max_hp_per_floor":[75,75,75,75,75,75,75,75,75,75,75,75,75,75,75,75,75,75],"card_choices":[{"not_picked":["Perfected Strike","Clash"],"picked":"Shrug It Off","floor":1},{"not_picked":["Spot Weakness","Power Through","Perfected Strike"],"picked":"SKIP","floor":4},{"not_picked":["Sword Boomerang","Rage","Perfected Strike"],"picked":"SKIP","floor":7},{"not_picked":["Sword Boomerang","Rage","Perfected Strike"],"picked":"SKIP","floor":7},{"not_picked":["Infernal Blade","Headbutt"],"picked":"Combust","floor":11},{"not_picked":["Iron Wave","Body Slam"],"picked":"Pommel Strike","floor":12},{"not_picked":["Flex","Power Through"],"picked":"Body Slam","floor":13},{"not_picked":["Impervious","Juggernaut"],"picked":"Immolate","floor":16}],"player_experience":3332925,"relics_obtained":[{"floor":7,"key":"Ancient Tea Set"},{"floor":9,"key":"Omamori"},{"floor":12,"key":"Potion Belt"}],"event_choices":[{"damage_healed":0,"gold_gain":0,"player_choice":"Box","damage_taken":0,"relics_obtained":["Red Skull"],"max_hp_gain":0,"max_hp_loss":0,"event_name":"Big Fish","floor":3,"gold_loss":0,"cards_obtained":["Regret"]},{"damage_healed":0,"gold_gain":75,"player_choice":"Gather Gold","damage_taken":11,"max_hp_gain":0,"max_hp_loss":0,"event_name":"World of Goop","floor":5,"gold_loss":0},{"cards_removed":["Regret"],"damage_healed":0,"gold_gain":0,"player_choice":"Forget","damage_taken":0,"max_hp_gain":0,"max_hp_loss":0,"event_name":"Living Wall","floor":8,"gold_loss":0},{"cards_removed":["Strike_R"],"damage_healed":0,"gold_gain":0,"player_choice":"Card Removal","damage_taken":0,"max_hp_gain":0,"max_hp_loss":0,"event_name":"The Cleric","floor":14,"gold_loss":75}],"is_beta":false,"boss_relics":[{"not_picked":["Runic Pyramid","Runic Cube"],"picked":"Black Star"}],"items_purged_floors":[],"is_endless":false,"potions_floor_spawned":[11,12,16],"killed_by":"Spheric Guardian","ascension_level":20}