{"gold_per_floor":[320,338,7,17,17,17,17,30,84,117,135,146,166,186,186,262,262,276,296,296,6,26,26,58,58,58,58,108,108,108,23,23,95,95,110,110,1109,405,419,419,452,462,485,497,497,513,513,167,167,167,167,167,167,42,77,77],"floor_reached":57,"playtime":2807,"items_purged":["Normality","Normality","Zap"],"score":3079,"play_id":"365369c1-b2a5-43ff-985b-9bc363d0b7d7","local_time":"20190318154434","is_ascension_mode":true,"campfire_choices":[{"data":"Barrage","floor":7,"key":"SMITH"},{"data":"Sunder","floor":15,"key":"SMITH"},{"data":"Consume","floor":23,"key":"SMITH"},{"floor":25,"key":"REST"},{"data":"Creative AI","floor":27,"key":"SMITH"},{"data":"Blizzard","floor":29,"key":"SMITH"},{"data":"Defragment","floor":32,"key":"SMITH"},{"data":"Echo Form","floor":40,"key":"SMITH"},{"floor":47,"key":"RECALL"},{"data":"Hologram","floor":49,"key":"SMITH"},{"data":"Amplify","floor":53,"key":"SMITH"}],"neow_cost":"NO_GOLD","seed_source_timestamp":101611970723100,"circlet_count":0,"master_deck":["AscendersBane","Dualcast","Barrage+1","Coolheaded","Cold Snap","Echo Form","Sunder+1","Glacier","Blizzard+1","Reboot","Redo+1","Go for the Eyes","Glacier","Coolheaded","White Noise","Chill","Glacier+1","Consume+1","Creative AI+1","Defragment+1","Amplify+1","Echo Form+1","Hologram+1","Self Repair","Conserve Battery+1","Glacier+1"],"relics":["Cracked Core","Old Coin","FossilizedHelix","PreservedInsect","Art of War","Pandora\u0027s Box","ClockworkSouvenir","Orichalcum","Bottled Tornado","Potion Belt","Snecko Eye","Pear","DollysMirror","Ice Cream","Bronze Scales","War Paint"],"potions_floor_usage":[16,24,42,50,56,56],"damage_taken":[{"damage":1,"enemies":"Small Slimes","floor":1,"turns":3},{"damage":7,"enemies":"2 Louse","floor":2,"turns":3},{"damage":0,"enemies":"Cultist","floor":4,"turns":3},{"damage":0,"enemies":"Looter","floor":8,"turns":3},{"damage":11,"enemies":"3 Sentries","floor":10,"turns":5},{"damage":7,"enemies":"2 Fungi Beasts","floor":11,"turns":3},{"damage":7,"enemies":"Exordium Wildlife","floor":12,"turns":4},{"damage":8,"enemies":"Blue Slaver","floor":13,"turns":3},{"damage":0,"enemies":"Lots of Slimes","floor":14,"turns":4},{"damage":0,"enemies":"Slime Boss","floor":16,"turns":5},{"damage":11,"enemies":"Spheric Guardian","floor":18,"turns":5},{"damage":6,"enemies":"3 Byrds","floor":19,"turns":7},{"damage":0,"enemies":"3 Cultists","floor":22,"turns":4},{"damage":20,"enemies":"Slavers","floor":24,"turns":6},{"damage":0,"enemies":"Champ","floor":33,"turns":11},{"damage":0,"enemies":"3 Shapes","floor":35,"turns":4},{"damage":0,"enemies":"Orb Walker","floor":39,"turns":5},{"damage":19,"enemies":"Giant Head","floor":41,"turns":7},{"damage":17,"enemies":"Jaw Worm Horde","floor":42,"turns":6},{"damage":3,"enemies":"Sphere and 2 Shapes","floor":44,"turns":7},{"damage":0,"enemies":"Maw","floor":46,"turns":10},{"damage":0,"enemies":"Awakened One","floor":50,"turns":15},{"damage":0,"enemies":"Donu and Deca","floor":51,"turns":9},{"damage":0,"enemies":"Shield and Spear","floor":55,"turns":5},{"damage":56,"enemies":"The Heart","floor":56,"turns":12}],"seed_played":"-4751523163480262379","potions_obtained":[{"floor":8,"key":"Strength Potion"},{"floor":12,"key":"LiquidBronze"},{"floor":16,"key":"SpeedPotion"},{"floor":33,"key":"PowerPotion"},{"floor":39,"key":"Regen Potion"},{"floor":41,"key":"FocusPotion"},{"floor":46,"key":"Poison Potion"}],"is_trial":false,"path_per_floor":["M","M","$","M","?","?","R","M","T","E","M","M","M","M","R","B",null,"M","M","?","$","M","R","E","R","T","R","?","R","?","?","R","B",null,"M","?","?","$","M","R","E","M","T","M","?","M","R","$","R","B","B",null,"R","$","E","B",null],"character_chosen":"DEFECT","items_purchased":["FossilizedHelix","ClockworkSouvenir","Glacier","Ancient Potion","Pear","DollysMirror","Hologram","FocusPotion","Bronze Scales"],"campfire_rested":1,"item_purchase_floors":[3,21,21,38,38,38,38,48,48],"current_hp_per_floor":[63,56,56,56,49,49,49,49,49,38,31,24,16,16,16,16,57,46,40,40,40,40,40,20,41,41,41,41,41,41,41,41,41,64,64,64,64,74,74,74,55,67,67,64,64,78,78,78,78,81,81,81,81,81,81,39],"gold":77,"neow_bonus":"ONE_RARE_RELIC","is_prod":false,"is_daily":false,"chose_seed":false,"campfire_upgraded":9,"win_rate":0,"timestamp":1552891474,"path_taken":["M","M","$","M","?","?","R","M","T","E","M","?","M","M","R","BOSS","M","M","?","$","M","R","E","R","T","R","?","R","?","?","R","BOSS","M","?","?","$","M","R","E","M","T","M","?","M","R","?","R","BOSS","BOSS","R","$","E","BOSS"],"build_version":"2019-01-23","purchased_purges":3,"victory":true,"max_hp_per_floor":[71,71,71,71,71,71,71,71,71,71,71,71,71,71,71,71,71,71,71,71,71,71,71,71,71,71,71,71,71,71,71,71,71,71,71,71,71,81,81,81,81,81,81,81,81,81,81,81,81,81,81,81,81,81,81,81],"card_choices":[{"not_picked":["Stack","Reinforced Body"],"picked":"Barrage","floor":1},{"not_picked":["Rebound","Reinforced Body"],"picked":"Coolheaded","floor":2},{"not_picked":["Conserve Battery","Gash","Turbo"],"picked":"SKIP","floor":4},{"not_picked":["FTL","Storm"],"picked":"Streamline","floor":8},{"not_picked":["Steam","FTL"],"picked":"Cold Snap","floor":10},{"not_picked":["Streamline","Tempest"],"picked":"Echo Form","floor":11},{"not_picked":["Sunder","Barrage","Compile Driver"],"picked":"SKIP","floor":12},{"not_picked":["Barrage","Compile Driver"],"picked":"Sunder","floor":12},{"not_picked":["Beam Cell","Go for the Eyes"],"picked":"Glacier","floor":13},{"not_picked":["Genetic Algorithm","Sweeping Beam"],"picked":"Blizzard","floor":14},{"not_picked":["All For One","Fission"],"picked":"Reboot","floor":16},{"not_picked":["Stack+1","Undo"],"picked":"Chill","floor":18},{"not_picked":["Genetic Algorithm","Reprogram","Heatsinks"],"picked":"SKIP","floor":19},{"not_picked":["Gash","Go for the Eyes"],"picked":"Consume","floor":22},{"not_picked":["Go for the Eyes","Conserve Battery"],"picked":"Creative AI","floor":24},{"not_picked":["Buffer","Thunder Strike"],"picked":"Amplify","floor":33},{"not_picked":["Gash","Stack+1","Leap"],"picked":"SKIP","floor":35},{"not_picked":["Go for the Eyes","Steam+1","Streamline"],"picked":"SKIP","floor":39},{"not_picked":["Static Discharge","Streamline+1"],"picked":"Self Repair","floor":41},{"not_picked":["Reprogram+1","Leap","Blizzard"],"picked":"SKIP","floor":42},{"not_picked":["Gash+1","Rip and Tear+1"],"picked":"Conserve Battery+1","floor":44},{"not_picked":["Redo+1","Consume","Sweeping Beam"],"picked":"SKIP","floor":46},{"not_picked":["Leap+1","Defragment"],"picked":"Glacier+1","floor":55}],"player_experience":2350718,"relics_obtained":[{"floor":9,"key":"PreservedInsect"},{"floor":10,"key":"Art of War"},{"floor":24,"key":"Orichalcum"},{"floor":26,"key":"Bottled Tornado"},{"floor":41,"key":"Ice Cream"},{"floor":55,"key":"War Paint"}],"event_choices":[{"cards_removed":["Defend_B"],"damage_healed":0,"gold_gain":0,"player_choice":"Card Removal","damage_taken":7,"max_hp_gain":0,"max_hp_loss":0,"event_name":"Golden Wing","floor":5,"gold_loss":0},{"cards_removed":["Strike_B"],"damage_healed":0,"gold_gain":0,"player_choice":"Purged","damage_taken":0,"max_hp_gain":0,"max_hp_loss":0,"event_name":"Purifier","floor":6,"gold_loss":0},{"cards_removed":["Sunder"],"damage_healed":0,"gold_gain":0,"player_choice":"Elegance","damage_taken":0,"max_hp_gain":0,"max_hp_loss":0,"event_name":"Back to Basics","floor":20,"gold_loss":0},{"damage_healed":0,"gold_gain":50,"player_choice":"Stole From Cult","damage_taken":0,"max_hp_gain":0,"max_hp_loss":0,"event_name":"Nest","floor":28,"gold_loss":0},{"damage_healed":0,"gold_gain":0,"player_choice":"Read","damage_taken":0,"max_hp_gain":0,"max_hp_loss":0,"event_name":"The Library","floor":30,"gold_loss":0,"cards_obtained":["Defragment"]},{"damage_healed":0,"gold_gain":0,"player_choice":"Obtained Relic","damage_taken":0,"relics_obtained":["Potion Belt"],"max_hp_gain":0,"max_hp_loss":0,"event_name":"Addict","floor":31,"gold_loss":85},{"cards_removed":["Streamline"],"damage_healed":0,"gold_gain":0,"player_choice":"Removed Attack","damage_taken":0,"max_hp_gain":0,"max_hp_loss":0,"event_name":"Falling","floor":36,"gold_loss":0},{"damage_healed":0,"gold_gain":999,"player_choice":"Gold","damage_taken":0,"max_hp_gain":0,"max_hp_loss":0,"event_name":"MindBloom","floor":37,"gold_loss":0,"cards_obtained":["Normality","Normality"]},{"damage_healed":0,"gold_gain":0,"player_choice":"Ignored","damage_taken":0,"max_hp_gain":0,"max_hp_loss":0,"event_name":"Tomb of Lord Red Mask","floor":45,"gold_loss":0}],"is_beta":false,"boss_relics":[{"not_picked":["Empty Cage","White Beast Statue"],"picked":"Pandora\u0027s Box"},{"not_picked":["Lizard Tail","Nuclear Battery"],"picked":"Snecko Eye"}],"items_purged_floors":[38,48,54],"is_endless":false,"potions_floor_spawned":[8,12,13,16,22,33,39,41,46],"ascension_level":20}