{"gold_per_floor":[117,130,55,55,55,55,98,98,98,122,47,81,99,139,139,235,235,249,219,240,263,40,76,76,119,119,119,132,152,166,201,201,299,299,312,312,312,325,341,376,376,412,412,458,383,399,310,329,329,329,329],"floor_reached":51,"playtime":1674,"items_purged":["Regret"],"score":1625,"play_id":"a5022b2b-d473-4daa-8e2a-bbfed69249b2","local_time":"20190412195347","is_ascension_mode":true,"campfire_choices":[{"data":"Bash","floor":6,"key":"SMITH"},{"data":"Sword Boomerang","floor":8,"key":"SMITH"},{"data":"Inflame","floor":15,"key":"SMITH"},{"data":"Armaments","floor":24,"key":"SMITH"},{"data":"Juggernaut","floor":27,"key":"SMITH"},{"floor":32,"key":"REST"},{"data":"Impervious","floor":41,"key":"SMITH"},{"floor":49,"key":"REST"}],"neow_cost":"NONE","seed_source_timestamp":28642408328000,"circlet_count":0,"master_deck":["AscendersBane","Strike_R+1","Strike_R+1","Defend_R","Defend_R","Defend_R","Defend_R","Bash+1","Battle Trance","Shrug It Off","Sword Boomerang+1","Seeing Red","Inflame+1","Blood for Blood+1","Fiend Fire+1","Offering","Armaments+1","Clothesline+1","Juggernaut+1","Sentinel","Dual Wield+1","Uppercut+1","Impervious+1","Apotheosis","Shockwave","Exhume","Cleave+1","Whirlwind+1","Ghostly Armor"],"relics":["Burning Blood","NeowsBlessing","Golden Idol","Red Skull","Pen Nib","Molten Egg 2","Odd Mushroom","Omamori","Snecko Eye","Potion Belt","Singing Bowl","Happy Flower","Ginger","Vajra","Runic Cube","Turnip","Anchor","Whetstone"],"potions_floor_usage":[12,16,16,19,25,33,50,50],"damage_taken":[{"damage":0,"enemies":"Jaw Worm","floor":1,"turns":1},{"damage":0,"enemies":"2 Louse","floor":2,"turns":1},{"damage":0,"enemies":"Gremlin Nob","floor":7,"turns":1},{"damage":13,"enemies":"Small Slimes","floor":10,"turns":4},{"damage":11,"enemies":"The Mushroom Lair","floor":12,"turns":3},{"damage":11,"enemies":"Looter","floor":13,"turns":2},{"damage":17,"enemies":"3 Sentries","floor":14,"turns":6},{"damage":3,"enemies":"Hexaghost","floor":16,"turns":6},{"damage":6,"enemies":"Spheric Guardian","floor":18,"turns":3},{"damage":17,"enemies":"2 Thieves","floor":20,"turns":2},{"damage":0,"enemies":"Snecko","floor":21,"turns":2},{"damage":37,"enemies":"Slavers","floor":23,"turns":5},{"damage":6,"enemies":"Gremlin Leader","floor":25,"turns":4},{"damage":0,"enemies":"Cultist and Chosen","floor":28,"turns":3},{"damage":7,"enemies":"3 Cultists","floor":29,"turns":3},{"damage":0,"enemies":"Centurion and Healer","floor":30,"turns":3},{"damage":24,"enemies":"Book of Stabbing","floor":31,"turns":4},{"damage":51,"enemies":"Automaton","floor":33,"turns":7},{"damage":26,"enemies":"3 Darklings","floor":35,"turns":3},{"damage":14,"enemies":"3 Shapes","floor":38,"turns":5},{"damage":12,"enemies":"Transient","floor":39,"turns":6},{"damage":6,"enemies":"Reptomancer","floor":40,"turns":2},{"damage":22,"enemies":"Giant Head","floor":42,"turns":4},{"damage":6,"enemies":"3 Darklings","floor":46,"turns":2},{"damage":6,"enemies":"Jaw Worm Horde","floor":48,"turns":2},{"damage":46,"enemies":"Time Eater","floor":50,"turns":10},{"damage":22,"enemies":"Awakened One","floor":51,"turns":2}],"seed_played":"664744437047887218","potions_obtained":[{"floor":1,"key":"Block Potion"},{"floor":7,"key":"Explosive Potion"},{"floor":13,"key":"Dexterity Potion"},{"floor":16,"key":"SteroidPotion"},{"floor":18,"key":"FearPotion"},{"floor":19,"key":"Fruit Juice"},{"floor":19,"key":"Block Potion"},{"floor":31,"key":"FairyPotion"},{"floor":33,"key":"Energy Potion"},{"floor":35,"key":"Dexterity Potion"},{"floor":38,"key":"Poison Potion"},{"floor":40,"key":"PowerPotion"}],"is_trial":false,"path_per_floor":["M","M","?","?","?","R","E","R","T","M","$","?","M","E","R","B",null,"M","?","M","M","$","E","R","E","T","R","M","M","M","E","R","B",null,"M","?","?","M","M","E","R","E","T","T","?","M","$","M","R","B","B"],"character_chosen":"IRONCLAD","items_purchased":["Potion Belt","Clothesline+1","Ghostly Armor"],"campfire_rested":2,"item_purchase_floors":[22,22,47],"current_hp_per_floor":[74,75,75,49,49,49,55,55,55,48,48,43,38,27,27,30,64,64,69,58,64,64,33,33,33,33,33,41,40,46,30,55,10,66,48,42,42,34,30,30,30,16,16,16,16,18,18,20,49,9,0],"gold":329,"neow_bonus":"THREE_ENEMY_KILL","is_prod":false,"is_daily":false,"chose_seed":false,"campfire_upgraded":6,"win_rate":0,"timestamp":1555066427,"path_taken":["M","M","?","?","?","R","E","R","T","M","$","?","M","E","R","BOSS","M","?","?","M","$","E","R","E","T","R","M","?","M","E","R","BOSS","M","?","?","?","M","E","R","E","T","?","?","?","$","M","R","BOSS","BOSS"],"build_version":"2019-01-23","purchased_purges":1,"victory":false,"max_hp_per_floor":[75,75,75,75,75,75,75,75,75,75,75,75,75,75,75,75,75,75,80,80,80,80,80,80,80,80,80,82,82,82,84,84,84,84,86,90,90,90,92,92,92,94,94,94,94,96,96,98,98,98,98],"card_choices":[{"not_picked":["Cleave","Armaments"],"picked":"Battle Trance","floor":1},{"not_picked":["Clash","Sword Boomerang"],"picked":"Shrug It Off","floor":2},{"not_picked":["Hemokinesis","Double Tap"],"picked":"Sword Boomerang","floor":7},{"not_picked":["Perfected Strike+1","Pummel+1"],"picked":"Seeing Red","floor":10},{"not_picked":["Armaments","Perfected Strike+1"],"picked":"Inflame","floor":12},{"not_picked":["Armaments","Intimidate"],"picked":"Blood for Blood+1","floor":13},{"not_picked":["Inflame","Clash+1"],"picked":"Fiend Fire+1","floor":14},{"not_picked":["Berserk","Barricade"],"picked":"Offering","floor":16},{"not_picked":["Disarm","Cleave+1","Havoc"],"picked":"SKIP","floor":18},{"not_picked":["Reckless Charge+1","Wild Strike+1","Anger+1"],"picked":"SKIP","floor":20},{"not_picked":["Clash+1","Flex"],"picked":"Armaments","floor":21},{"not_picked":["Wild Strike+1","Warcry"],"picked":"Juggernaut","floor":23},{"not_picked":["Evolve","True Grit"],"picked":"Sentinel","floor":25},{"not_picked":["Havoc","Battle Trance+1","Pummel+1"],"picked":"Singing Bowl","floor":28},{"not_picked":["Combust","Clothesline+1"],"picked":"Dual Wield","floor":29},{"not_picked":["Rupture","Clash+1"],"picked":"Uppercut+1","floor":30},{"not_picked":["Body Slam+1","Uppercut+1","Armaments"],"picked":"Singing Bowl","floor":31},{"not_picked":["Fiend Fire+1","Offering"],"picked":"Impervious","floor":33},{"not_picked":["Spot Weakness","Clothesline+1","Perfected Strike+1"],"picked":"Singing Bowl","floor":35},{"not_picked":["Trip","The Bomb","Impatience"],"picked":"Singing Bowl","floor":36},{"not_picked":["Mayhem","Forethought"],"picked":"Apotheosis","floor":36},{"not_picked":["Jack Of All Trades","Flash of Steel+1","Master of Strategy"],"picked":"Singing Bowl","floor":36},{"not_picked":["Shrug It Off","Twin Strike+1"],"picked":"Shockwave","floor":38},{"not_picked":["Wild Strike+1","Sever Soul+1","Twin Strike+1"],"picked":"Singing Bowl","floor":39},{"not_picked":["Dropkick+1","Uppercut+1"],"picked":"Exhume","floor":40},{"not_picked":["Heavy Blade+1","Combust+1","Wild Strike+1"],"picked":"Singing Bowl","floor":42},{"not_picked":["Sword Boomerang+1","Shrug It Off","Spot Weakness"],"picked":"Singing Bowl","floor":46},{"not_picked":["Flex+1","Thunderclap+1","Fire Breathing"],"picked":"Singing Bowl","floor":48}],"player_experience":3082973,"relics_obtained":[{"floor":7,"key":"Pen Nib"},{"floor":9,"key":"Molten Egg 2"},{"floor":12,"key":"Odd Mushroom"},{"floor":14,"key":"Omamori"},{"floor":23,"key":"Singing Bowl"},{"floor":25,"key":"Happy Flower"},{"floor":26,"key":"Ginger"},{"floor":31,"key":"Vajra"},{"floor":40,"key":"Turnip"},{"floor":42,"key":"Anchor"},{"floor":44,"key":"Whetstone"}],"event_choices":[{"cards_removed":["Strike_R"],"damage_healed":0,"gold_gain":0,"player_choice":"Card Removal","damage_taken":0,"max_hp_gain":0,"max_hp_loss":0,"event_name":"The Cleric","floor":3,"gold_loss":75},{"damage_healed":0,"gold_gain":0,"player_choice":"Take Damage","damage_taken":26,"relics_obtained":["Golden Idol"],"max_hp_gain":0,"max_hp_loss":0,"event_name":"Golden Idol","floor":4,"gold_loss":0},{"damage_healed":0,"gold_gain":0,"player_choice":"Box","damage_taken":0,"relics_obtained":["Red Skull"],"max_hp_gain":0,"max_hp_loss":0,"event_name":"Big Fish","floor":5,"gold_loss":0,"cards_obtained":["Regret"]},{"damage_healed":0,"gold_gain":0,"player_choice":"Fought Mushrooms","damage_taken":0,"max_hp_gain":0,"max_hp_loss":0,"event_name":"Mushrooms","floor":12,"gold_loss":0},{"damage_healed":0,"gold_gain":0,"player_choice":"Bought 2 Potions","damage_taken":0,"max_hp_gain":0,"max_hp_loss":0,"event_name":"The Woman in Blue","floor":19,"gold_loss":0},{"damage_healed":0,"gold_gain":0,"player_choice":"Memory 3","damage_taken":10,"max_hp_gain":0,"max_hp_loss":0,"event_name":"SensoryStone","floor":36,"gold_loss":0},{"damage_healed":0,"gold_gain":0,"player_choice":"Forge","damage_taken":0,"max_hp_gain":0,"max_hp_loss":0,"event_name":"Accursed Blacksmith","floor":37,"gold_loss":0,"cards_upgraded":["Dual Wield"]},{"damage_healed":0,"gold_gain":0,"cards_transformed":["Strike_R","Strike_R"],"player_choice":"Transformed Cards","damage_taken":0,"max_hp_gain":0,"max_hp_loss":0,"event_name":"Designer","floor":45,"gold_loss":75,"cards_obtained":["Cleave","Whirlwind"]}],"is_beta":false,"boss_relics":[{"not_picked":["Tiny House","Eternal Feather"],"picked":"Snecko Eye"},{"not_picked":["Mark of Pain","Lizard Tail"],"picked":"Runic Cube"}],"items_purged_floors":[11],"is_endless":false,"potions_floor_spawned":[1,7,13,16,18,21,31,33,35,38,40,42],"killed_by":"Awakened One","ascension_level":20}