{"gold_per_floor":[117,128,3,15,35,35,68,80,80,80,95,156,156,172,172,273,273,286,164,175,0,0,0,0,0,0,29,29,44,44,60,60,165,165,181,0,0,17,36,36],"floor_reached":40,"playtime":3096,"items_purged":[],"score":555,"play_id":"5c22234f-44a1-413a-ad18-cfb0c8eb74f2","local_time":"20180624165544","is_ascension_mode":true,"campfire_choices":[{"floor":6,"key":"REST"},{"floor":10,"key":"REST"},{"floor":13,"key":"REST"},{"floor":15,"key":"REST"},{"floor":23,"key":"REST"},{"floor":25,"key":"REST"},{"floor":28,"key":"REST"},{"floor":32,"key":"REST"}],"neow_cost":"NONE","seed_source_timestamp":107578653106074,"circlet_count":0,"master_deck":["Strike_B","Strike_B","Strike_B","Defend_B","Defend_B","Zap","Dualcast","Double Energy+1","Coolheaded+1","Blizzard+1","Sweeping Beam","Hello World","Coolheaded","Sweeping Beam","Chill","Fission","Chill","Chaos","Capacitor","Chaos","Hologram","Core Surge","Chaos","Defragment","Redo","Self Repair","Apotheosis","Double Energy","BootSequence+1","White Noise","Multi-Cast","Hologram","Writhe","Blizzard+1","Double Energy+1"],"relics":["Astrolabe","Strawberry","Darkstone Periapt","Blue Candle","Sozu","The Courier","Happy Flower","Mercury Hourglass","Eternal Feather","Red Mask"],"potions_floor_usage":[4,5,7,12,14,16],"damage_taken":[{"damage":9,"enemies":"Jaw Worm","floor":1,"turns":4},{"damage":5,"enemies":"Small Slimes","floor":2,"turns":4},{"damage":0,"enemies":"2 Louse","floor":4,"turns":2},{"damage":7,"enemies":"2 Fungi Beasts","floor":5,"turns":3},{"damage":61,"enemies":"Gremlin Nob","floor":7,"turns":5},{"damage":0,"enemies":"Exordium Wildlife","floor":8,"turns":3},{"damage":7,"enemies":"Exordium Thugs","floor":11,"turns":3},{"damage":27,"enemies":"Lagavulin Event","floor":12,"turns":10},{"damage":7,"enemies":"Looter","floor":14,"turns":4},{"damage":44,"enemies":"The Guardian","floor":16,"turns":13},{"damage":29,"enemies":"Spheric Guardian","floor":18,"turns":6},{"damage":0,"enemies":"Chosen","floor":20,"turns":6},{"damage":59,"enemies":"Slavers","floor":27,"turns":6},{"damage":52,"enemies":"Slaver and Parasite","floor":29,"turns":6},{"damage":1,"enemies":"Sentry and Sphere","floor":31,"turns":6},{"damage":43,"enemies":"Automaton","floor":33,"turns":9},{"damage":24,"enemies":"3 Darklings","floor":35,"turns":7},{"damage":36,"enemies":"3 Shapes","floor":38,"turns":5},{"damage":36,"enemies":"3 Darklings","floor":39,"turns":5},{"damage":36,"enemies":"2 Orb Walkers","floor":40,"turns":3}],"seed_played":"-6802373191264537193","potions_obtained":[{"floor":2,"key":"Poison Potion"},{"floor":5,"key":"Explosive Potion"},{"floor":8,"key":"Ancient Potion"},{"floor":12,"key":"SteroidPotion"},{"floor":14,"key":"SneckoOil"}],"is_trial":false,"path_per_floor":["M","M","$","M","M","R","E","M","T","R","M","?","R","M","R","B",null,"M","$","M","$","?","R","T","R","T","E","R","M","?","M","R","B",null,"M","?","?","M","M"],"character_chosen":"DEFECT","items_purchased":["Coolheaded","Swift Potion","Sweeping Beam","Defragment","Redo","Apotheosis"],"campfire_rested":8,"item_purchase_floors":[3,3,3,19,19,21],"current_hp_per_floor":[59,54,54,54,47,69,15,15,15,39,32,5,29,22,46,2,62,33,33,33,33,33,57,57,81,81,32,56,11,38,47,71,35,70,56,56,83,57,28,0],"gold":36,"neow_bonus":"BOSS_RELIC","is_prod":false,"is_daily":false,"chose_seed":false,"campfire_upgraded":0,"win_rate":0,"timestamp":1529848544,"path_taken":["M","M","$","M","M","R","E","M","T","R","M","?","R","M","R","BOSS","M","$","M","$","?","R","?","R","T","E","R","M","?","M","R","BOSS","M","?","?","?","M","E"],"build_version":"2018-06-21v2","purchased_purges":0,"victory":false,"max_hp_per_floor":[75,75,75,75,75,75,82,82,82,82,82,82,82,82,82,82,82,82,82,82,82,82,82,82,82,82,82,82,82,82,82,82,82,82,82,82,88,88,88,88],"card_choices":[{"not_picked":["Barrage","Gash"],"picked":"Sweeping Beam","floor":1},{"not_picked":["Gash","Rebound"],"picked":"Hello World","floor":2},{"not_picked":["Cold Snap","Sweeping Beam"],"picked":"Chill","floor":4},{"not_picked":["Ball Lightning","Beam Cell"],"picked":"Fission","floor":5},{"not_picked":["Steam Power","Barrage"],"picked":"Chill","floor":7},{"not_picked":["Leap","Rebound"],"picked":"Chaos","floor":8},{"not_picked":["Ball Lightning","Coolheaded"],"picked":"Capacitor","floor":11},{"not_picked":["Undo","Stack"],"picked":"Chaos","floor":12},{"not_picked":["Streamline","Auto Shields"],"picked":"Hologram","floor":14},{"not_picked":["Buffer","Echo Form"],"picked":"Core Surge","floor":16},{"not_picked":["Stack+1","Compile Driver"],"picked":"Chaos","floor":18},{"not_picked":["Glacier","Double Energy"],"picked":"Self Repair","floor":20},{"not_picked":["Lockon","Compile Driver+1"],"picked":"Double Energy","floor":27},{"not_picked":["Beam Cell","Doom and Gloom"],"picked":"BootSequence+1","floor":29},{"not_picked":["Ball Lightning+1","Rebound"],"picked":"White Noise","floor":31},{"not_picked":["Buffer","All For One"],"picked":"Multi-Cast","floor":33},{"not_picked":["Beam Cell+1","Turbo+1"],"picked":"Hologram","floor":35},{"not_picked":["Barrage+1","Tempest+1"],"picked":"Blizzard+1","floor":38},{"not_picked":["Gash+1","Hologram"],"picked":"Double Energy+1","floor":39}],"player_experience":515430,"relics_obtained":[{"floor":7,"key":"Strawberry"},{"floor":9,"key":"Darkstone Periapt"},{"floor":24,"key":"The Courier"},{"floor":26,"key":"Happy Flower"},{"floor":27,"key":"Mercury Hourglass"}],"event_choices":[{"event_name":"Dead Adventurer","player_choice":"Searched \u00272\u0027 times","floor":12,"damage_taken":0},{"event_name":"Beggar","player_choice":"Ignored","floor":22,"damage_taken":0},{"event_name":"The Library","player_choice":"Heal","floor":30,"damage_taken":0},{"event_name":"Tomb of Lord Red Mask","player_choice":"Paid","floor":36,"damage_taken":0},{"event_name":"Winding Halls","player_choice":"Writhe","floor":37,"damage_taken":0}],"boss_relics":[{"not_picked":["Empty Cage","Black Star"],"picked":"Sozu"},{"not_picked":["Runic Dome","Runic Pyramid"],"picked":"Eternal Feather"}],"items_purged_floors":[],"is_endless":false,"potions_floor_spawned":[2,5,8,12,14,20,27,31,33,38,39],"killed_by":"2 Orb Walkers","ascension_level":6}