{"gold_per_floor":[361,371,281,356,374,409,409,321,375,388,398,326,353,425,425,530,530,518,536,536,342,342,376,301,301,301,317,317,331,349,349,349,445,445,464,273,273,286,298,298],"floor_reached":40,"playtime":3274,"items_purged":[],"score":466,"play_id":"a24139f3-1a15-4b44-8dd3-c1ee7b811b1d","local_time":"20181216191620","is_ascension_mode":false,"campfire_choices":[{"floor":7,"key":"REST"},{"floor":15,"key":"REST"},{"floor":25,"key":"REST"},{"floor":28,"key":"RECALL"},{"data":"Feel No Pain","floor":32,"key":"SMITH"}],"neow_cost":"PERCENT_DAMAGE","seed_source_timestamp":20217700330405,"circlet_count":0,"master_deck":["Strike_R","Strike_R","Strike_R","Strike_R","Strike_R","Defend_R","Defend_R","Defend_R+1","Defend_R","Bash","Flame Barrier+1","Disarm","Bandage Up","Pummel","Dramatic Entrance","Metallicize","Clothesline","Offering","Body Slam","Dark Embrace","Shockwave","Havoc","Feel No Pain+1","Bandage Up","Flex+1","Corruption","Seeing Red+1","Intimidate+1","Shrug It Off+1","Exhume+1","Armaments+1","Chrysalis+1","True Grit+1","Pommel Strike+1"],"relics":["Burning Blood","Strawberry","Tiny Chest","War Paint","Sozu","Orichalcum","Toxic Egg 2","Black Star"],"potions_floor_usage":[5,18],"damage_taken":[{"damage":1,"enemies":"Cultist","floor":1,"turns":3},{"damage":1,"enemies":"Jaw Worm","floor":2,"turns":4},{"damage":1,"enemies":"2 Louse","floor":5,"turns":4},{"damage":39,"enemies":"Gremlin Nob","floor":6,"turns":6},{"damage":9,"enemies":"Gremlin Gang","floor":10,"turns":6},{"damage":0,"enemies":"Looter","floor":11,"turns":5},{"damage":55,"enemies":"Lagavulin","floor":13,"turns":14},{"damage":55,"enemies":"Hexaghost","floor":16,"turns":16},{"damage":16,"enemies":"2 Thieves","floor":18,"turns":4},{"damage":6,"enemies":"Chosen","floor":19,"turns":6},{"damage":41,"enemies":"Slavers","floor":23,"turns":10},{"damage":23,"enemies":"Centurion and Healer","floor":27,"turns":8},{"damage":9,"enemies":"Shelled Parasite and Fungi","floor":29,"turns":5},{"damage":6,"enemies":"3 Cultists","floor":30,"turns":7},{"damage":88,"enemies":"Automaton","floor":33,"turns":20},{"damage":6,"enemies":"Orb Walker","floor":35,"turns":4},{"damage":10,"enemies":"3 Shapes","floor":38,"turns":4},{"damage":15,"enemies":"Maw","floor":39,"turns":6},{"damage":93,"enemies":"Reptomancer","floor":40,"turns":5}],"seed_played":"1431985546777365295","potions_obtained":[{"floor":1,"key":"Swift Potion"},{"floor":16,"key":"AttackPotion"}],"is_trial":false,"path_per_floor":["M","M","$","?","M","E","R","$","T","M","M","$","E","?","R","B",null,"M","M","?","$","?","E","$","R","T","M","R","M","M","?","R","B",null,"M","$","?","M","M","E"],"character_chosen":"IRONCLAD","items_purchased":["Bandage Up","Dramatic Entrance","Offering","Feel No Pain","Orichalcum","Corruption","Chrysalis+1"],"campfire_rested":3,"item_purchase_floors":[3,8,12,21,21,24,36],"current_hp_per_floor":[61,66,66,55,64,42,68,68,68,69,79,79,34,34,60,15,87,81,85,85,85,85,56,56,82,82,73,73,78,86,86,86,12,87,87,87,87,87,84,0],"gold":298,"neow_bonus":"TWO_FIFTY_GOLD","is_prod":false,"is_daily":false,"chose_seed":false,"campfire_upgraded":1,"win_rate":0,"timestamp":1544980580,"path_taken":["M","M","$","?","M","E","R","$","T","M","M","$","E","?","R","BOSS","M","M","?","$","?","E","$","R","T","?","R","M","M","?","R","BOSS","M","$","?","M","M","E"],"build_version":"2018-12-13","purchased_purges":0,"victory":false,"max_hp_per_floor":[80,80,80,80,80,87,87,87,87,87,87,87,87,87,87,87,87,87,87,87,87,87,87,87,87,87,87,87,87,87,87,87,87,87,87,87,87,87,87,87],"card_choices":[{"not_picked":["Metallicize","Iron Wave"],"picked":"Flame Barrier","floor":1},{"not_picked":["Clash","Pommel Strike"],"picked":"Disarm","floor":2},{"not_picked":["Evolve","Body Slam"],"picked":"Power Through","floor":5},{"not_picked":["Rupture","Whirlwind"],"picked":"Pummel","floor":6},{"not_picked":["Blood for Blood","Headbutt"],"picked":"Metallicize","floor":10},{"not_picked":["Thunderclap","Wild Strike"],"picked":"Clothesline","floor":11},{"not_picked":["Cleave","Blood for Blood"],"picked":"Body Slam","floor":13},{"not_picked":["Fiend Fire","Brutality"],"picked":"Dark Embrace","floor":16},{"not_picked":["Anger","Battle Trance"],"picked":"Shockwave","floor":18},{"not_picked":["Cleave+1","Blood for Blood"],"picked":"Havoc","floor":19},{"not_picked":["Feed","Perfected Strike"],"picked":"Flex","floor":23},{"not_picked":["Cleave","Hemokinesis"],"picked":"Seeing Red+1","floor":27},{"not_picked":["Seeing Red+1","Anger"],"picked":"Intimidate+1","floor":29},{"not_picked":["Headbutt","Sword Boomerang+1"],"picked":"Shrug It Off+1","floor":30},{"not_picked":["Limit Break+1","Demon Form"],"picked":"Exhume+1","floor":33},{"not_picked":["Clothesline","Evolve"],"picked":"Armaments+1","floor":35},{"not_picked":["Burning Pact+1","Blood for Blood+1"],"picked":"True Grit+1","floor":38},{"not_picked":["Battle Trance+1","Heavy Blade+1"],"picked":"Pommel Strike+1","floor":39}],"player_experience":837857,"relics_obtained":[{"floor":6,"key":"Strawberry"},{"floor":9,"key":"Tiny Chest"},{"floor":13,"key":"War Paint"},{"floor":23,"key":"Toxic Egg 2"}],"event_choices":[{"damage_healed":0,"gold_gain":75,"player_choice":"Gather Gold","damage_taken":11,"max_hp_gain":0,"max_hp_loss":0,"event_name":"World of Goop","floor":4,"gold_loss":0},{"damage_healed":0,"gold_gain":72,"player_choice":"Gained Gold","damage_taken":0,"max_hp_gain":0,"max_hp_loss":0,"event_name":"Golden Wing","floor":14,"gold_loss":0},{"damage_healed":0,"gold_gain":0,"player_choice":"Ignored","damage_taken":0,"max_hp_gain":0,"max_hp_loss":0,"event_name":"Ghosts","floor":20,"gold_loss":0},{"damage_healed":0,"gold_gain":0,"player_choice":"Copied","damage_taken":0,"max_hp_gain":0,"max_hp_loss":0,"event_name":"Duplicator","floor":22,"gold_loss":0,"cards_obtained":["Bandage Up"]},{"damage_healed":0,"gold_gain":0,"player_choice":"Ignored","damage_taken":0,"max_hp_gain":0,"max_hp_loss":0,"event_name":"Vampires","floor":31,"gold_loss":0},{"cards_removed":["Power Through"],"damage_healed":0,"gold_gain":0,"player_choice":"Removed Skill","damage_taken":0,"max_hp_gain":0,"max_hp_loss":0,"event_name":"Falling","floor":37,"gold_loss":0}],"is_beta":false,"boss_relics":[{"not_picked":["Cursed Key","Fusion Hammer"],"picked":"Sozu"},{"not_picked":["Busted Crown","Snecko Eye"],"picked":"Black Star"}],"items_purged_floors":[],"is_endless":false,"potions_floor_spawned":[1,16,18,27,30,35,39],"killed_by":"Reptomancer","ascension_level":0}