{"gold_per_floor":[109,109,128,146,146,146,179,179,179,191,191,208,235,253,253,330,330,342,20,20,20,38,38,71,82,136,136,55,105,124,156,156,230,230,247,263,363,363,373,373,401,401,451,486,496,160,160,160,160,160,160,160,160,107,132,132],"floor_reached":57,"playtime":3561,"items_purged":["Strike_B","Pain"],"score":2791,"play_id":"bb0c6c24-b172-4807-89a9-8da62f30c30c","local_time":"20190419210751","is_ascension_mode":true,"campfire_choices":[{"data":"Sunder","floor":6,"key":"SMITH"},{"data":"Zap","floor":8,"key":"SMITH"},{"data":"Recycle","floor":11,"key":"SMITH"},{"data":"Echo Form","floor":15,"key":"SMITH"},{"floor":23,"key":"REST"},{"data":"Consume","floor":27,"key":"SMITH"},{"data":"Loop","floor":32,"key":"SMITH"},{"data":"Capacitor","floor":40,"key":"SMITH"},{"data":"Hologram","floor":42,"key":"SMITH"},{"floor":49,"key":"RECALL"},{"data":"Coolheaded","floor":53,"key":"SMITH"}],"neow_cost":"NONE","seed_source_timestamp":317930261483600,"circlet_count":0,"master_deck":["AscendersBane","Strike_B","Strike_B","Defend_B","Defend_B","Defend_B","Defend_B","Zap+1","Dualcast","Self Repair","Coolheaded+1","Sunder+1","Core Surge","Recycle+1","Echo Form+1","Amplify","Force Field","Biased Cognition","Rebound+1","Loop+1","Consume+1","Hologram+1","Glacier","Capacitor+1","White Noise","Cold Snap","Electrodynamics","Coolheaded+1","Hologram","Madness","Reinforced Body+1","Double Energy","All For One","Glacier"],"relics":["Runic Pyramid","Lantern","Pantograph","Strawberry","Cursed Key","DataDisk","Enchiridion","Pen Nib","Happy Flower","Empty Cage","StoneCalendar","Art of War","Bag of Preparation","Kunai","Omamori","Bottled Tornado"],"potions_floor_usage":[16,24,24,50,55,56],"damage_taken":[{"damage":2,"enemies":"Cultist","floor":1,"turns":4},{"damage":1,"enemies":"Small Slimes","floor":3,"turns":4},{"damage":1,"enemies":"2 Louse","floor":4,"turns":3},{"damage":23,"enemies":"Lagavulin","floor":7,"turns":9},{"damage":14,"enemies":"Exordium Wildlife","floor":10,"turns":5},{"damage":1,"enemies":"3 Louse","floor":12,"turns":4},{"damage":11,"enemies":"3 Sentries","floor":13,"turns":6},{"damage":0,"enemies":"2 Fungi Beasts","floor":14,"turns":3},{"damage":57,"enemies":"Hexaghost","floor":16,"turns":10},{"damage":15,"enemies":"Shell Parasite","floor":18,"turns":6},{"damage":0,"enemies":"Chosen","floor":22,"turns":5},{"damage":23,"enemies":"Gremlin Leader","floor":24,"turns":7},{"damage":0,"enemies":"Centurion and Healer","floor":25,"turns":9},{"damage":0,"enemies":"Snake Plant","floor":30,"turns":7},{"damage":21,"enemies":"Book of Stabbing","floor":31,"turns":5},{"damage":0,"enemies":"Automaton","floor":33,"turns":12},{"damage":23,"enemies":"3 Darklings","floor":35,"turns":4},{"damage":3,"enemies":"Orb Walker","floor":36,"turns":3},{"damage":16,"enemies":"Mind Bloom Boss Battle","floor":37,"turns":9},{"damage":13,"enemies":"Writhing Mass","floor":39,"turns":7},{"damage":0,"enemies":"Giant Head","floor":41,"turns":8},{"damage":35,"enemies":"Nemesis","floor":44,"turns":9},{"damage":13,"enemies":"Spire Growth","floor":45,"turns":9},{"damage":15,"enemies":"Time Eater","floor":50,"turns":21},{"damage":48,"enemies":"Donu and Deca","floor":51,"turns":7},{"damage":67,"enemies":"Shield and Spear","floor":55,"turns":9},{"damage":38,"enemies":"The Heart","floor":56,"turns":12}],"seed_played":"-3206217801540920999","potions_obtained":[{"floor":3,"key":"PowerPotion"},{"floor":10,"key":"SkillPotion"},{"floor":16,"key":"Swift Potion"},{"floor":24,"key":"Regen Potion"},{"floor":30,"key":"EssenceOfSteel"},{"floor":37,"key":"Block Potion"},{"floor":55,"key":"Energy Potion"}],"is_trial":false,"path_per_floor":["M","$","M","M","?","R","E","R","T","M","R","M","E","M","R","B",null,"M","$","?","?","M","R","E","M","T","R","$","?","M","E","R","B",null,"M","M","?","?","M","R","E","R","T","E","M","$","?","?","R","B","B",null,"R","$","E","B",null],"character_chosen":"DEFECT","items_purchased":["DataDisk","Loop","Capacitor","All For One","Omamori","Energy Potion"],"campfire_rested":1,"item_purchase_floors":[19,19,28,46,46,54],"current_hp_per_floor":[62,62,68,71,71,71,55,55,55,48,48,54,64,71,71,35,67,66,66,44,23,30,54,45,59,59,59,59,59,73,66,66,83,83,60,71,81,71,72,72,83,83,83,62,63,63,63,63,63,82,49,75,75,75,22,23],"gold":132,"neow_bonus":"BOSS_RELIC","is_prod":false,"is_daily":false,"chose_seed":false,"campfire_upgraded":9,"win_rate":0,"timestamp":1555675671,"path_taken":["M","$","M","?","?","R","E","R","T","M","R","?","E","M","R","BOSS","M","$","?","?","M","R","E","M","T","R","$","?","M","E","R","BOSS","M","M","?","?","M","R","E","R","T","E","M","$","?","?","R","BOSS","BOSS","R","$","E","BOSS"],"build_version":"2019-01-23","purchased_purges":2,"victory":true,"max_hp_per_floor":[71,71,71,71,71,71,71,71,71,71,71,71,78,78,78,78,78,78,78,83,83,83,83,83,83,83,83,83,83,83,83,83,83,83,83,83,83,83,83,83,83,83,83,83,83,83,83,83,83,83,83,83,83,83,83,83],"card_choices":[{"not_picked":["Streamline","Beam Cell"],"picked":"Self Repair","floor":1},{"not_picked":["Turbo","Barrage"],"picked":"Coolheaded","floor":3},{"not_picked":["Self Repair","Redo"],"picked":"Sunder","floor":4},{"not_picked":["Turbo","Compile Driver","Steam"],"picked":"SKIP","floor":7},{"not_picked":["Barrage","Streamline"],"picked":"Recycle","floor":10},{"not_picked":["Stack","Beam Cell"],"picked":"Echo Form","floor":12},{"not_picked":["FTL","Turbo"],"picked":"Amplify","floor":13},{"not_picked":["Compile Driver","Genetic Algorithm"],"picked":"Force Field","floor":14},{"not_picked":["Reboot","Buffer"],"picked":"Biased Cognition","floor":16},{"not_picked":["Sweeping Beam","Undo"],"picked":"Rebound+1","floor":18},{"not_picked":["Go for the Eyes","Streamline"],"picked":"Consume","floor":22},{"not_picked":["Go for the Eyes","Barrage"],"picked":"Hologram","floor":24},{"not_picked":["Redo","Heatsinks"],"picked":"Glacier","floor":25},{"not_picked":["Leap","Lockon"],"picked":"White Noise","floor":30},{"not_picked":["BootSequence","Doom and Gloom"],"picked":"Cold Snap","floor":31},{"not_picked":["Biased Cognition","Multi-Cast"],"picked":"Electrodynamics","floor":33},{"not_picked":["Redo","Blizzard","Gash"],"picked":"SKIP","floor":35},{"not_picked":["Redo","Blizzard","Gash"],"picked":"SKIP","floor":35},{"not_picked":["Leap+1","Loop"],"picked":"Coolheaded+1","floor":36},{"not_picked":["Ball Lightning","Conserve Battery"],"picked":"Hologram","floor":37},{"not_picked":["Sadistic Nature","Flash of Steel"],"picked":"Madness","floor":38},{"not_picked":["Barrage","Stack","Cold Snap"],"picked":"SKIP","floor":39},{"not_picked":["Skim","Beam Cell+1"],"picked":"Reinforced Body+1","floor":41},{"not_picked":["Sweeping Beam+1","Tempest"],"picked":"Double Energy","floor":44},{"not_picked":["Darkness","Storm+1","Ball Lightning"],"picked":"SKIP","floor":45},{"not_picked":["Core Surge","Recycle"],"picked":"Glacier","floor":55}],"player_experience":3234228,"relics_obtained":[{"floor":7,"key":"Lantern"},{"floor":9,"key":"Pantograph"},{"floor":13,"key":"Strawberry"},{"floor":21,"key":"Enchiridion"},{"floor":24,"key":"Pen Nib"},{"floor":31,"key":"Happy Flower"},{"floor":37,"key":"StoneCalendar"},{"floor":41,"key":"Art of War"},{"floor":43,"key":"Bag of Preparation"},{"floor":44,"key":"Kunai"},{"floor":55,"key":"Bottled Tornado"}],"event_choices":[{"damage_healed":0,"gold_gain":0,"player_choice":"1 cards matched","damage_taken":0,"max_hp_gain":0,"max_hp_loss":0,"event_name":"Match and Keep!","floor":5,"gold_loss":0,"cards_obtained":["Core Surge"]},{"damage_healed":0,"gold_gain":0,"player_choice":"Shed Blood","damage_taken":27,"max_hp_gain":5,"max_hp_loss":0,"event_name":"Forgotten Altar","floor":20,"gold_loss":0},{"damage_healed":0,"gold_gain":0,"player_choice":"Obtained Book","damage_taken":21,"max_hp_gain":0,"max_hp_loss":0,"event_name":"Cursed Tome","floor":21,"gold_loss":0},{"damage_healed":0,"gold_gain":50,"player_choice":"Stole From Cult","damage_taken":0,"max_hp_gain":0,"max_hp_loss":0,"event_name":"Nest","floor":29,"gold_loss":0},{"damage_healed":0,"gold_gain":0,"player_choice":"Fight","damage_taken":0,"max_hp_gain":0,"max_hp_loss":0,"event_name":"MindBloom","floor":37,"gold_loss":0},{"damage_healed":0,"gold_gain":0,"player_choice":"Memory 3","damage_taken":10,"max_hp_gain":0,"max_hp_loss":0,"event_name":"SensoryStone","floor":38,"gold_loss":0},{"damage_healed":0,"gold_gain":0,"player_choice":"Ignored","damage_taken":0,"max_hp_gain":0,"max_hp_loss":0,"event_name":"Tomb of Lord Red Mask","floor":47,"gold_loss":0},{"damage_healed":0,"gold_gain":0,"player_choice":"Ignored","damage_taken":0,"max_hp_gain":0,"max_hp_loss":0,"event_name":"Mysterious Sphere","floor":48,"gold_loss":0}],"is_beta":false,"boss_relics":[{"not_picked":["Velvet Choker","Tiny House"],"picked":"Cursed Key"},{"not_picked":["Astrolabe","Black Star"],"picked":"Empty Cage"}],"items_purged_floors":[19,46],"is_endless":false,"potions_floor_spawned":[3,10,14,16,18,24,30,37,41,55],"ascension_level":20}