{"gold_per_floor":[113,113,113,124,66,98,98,131,131,56,73,73,87,98,98,176,176,195,195,211,136,165,165,165,165,216,230,230,261,261,273,273,346,346,360,378,275,165,177,177,177,399,399,399,399,432,145,159,159,159,159,159,159,54,89,89],"floor_reached":57,"playtime":2790,"items_purged":["Anger","Immolate+1","Double Tap"],"score":2687,"play_id":"ccabc17b-78d3-41a7-8815-328180050340","local_time":"20190409151140","is_ascension_mode":true,"campfire_choices":[{"data":"Bludgeon","floor":7.0,"key":"SMITH"},{"data":"Armaments","floor":15.0,"key":"SMITH"},{"data":"Immolate","floor":23.0,"key":"SMITH"},{"data":"True Grit","floor":25.0,"key":"SMITH"},{"floor":28.0,"key":"REST"},{"floor":30.0,"key":"REST"},{"floor":32.0,"key":"REST"},{"data":"Offering","floor":40.0,"key":"SMITH"},{"data":"Disarm","floor":44.0,"key":"SMITH"},{"floor":49.0,"key":"RECALL"},{"data":"Feel No Pain","floor":53.0,"key":"SMITH"}],"neow_cost":"NONE","seed_source_timestamp":216369392569500,"circlet_count":0,"master_deck":["AscendersBane","Defend_R","Defend_R","Bash","Shrug It Off","Dual Wield","True Grit+1","Armaments+1","Evolve","Disarm+1","Offering+1","Battle Trance+1","Warcry+1","Shrug It Off","Body Slam","Impervious","Dropkick+1","True Grit","Finesse","Madness","Discovery+1","True Grit+1","Feel No Pain+1","Flame Barrier+1","Dual Wield+1"],"special_seed":0,"relics":["Burning Blood","NeowsBlessing","Kunai","Oddly Smooth Stone","Prayer Wheel","Empty Cage","Red Mask","Pear","Smiling Mask","Self Forming Clay","Runic Dome","Toxic Egg 2","Turnip"],"potions_floor_usage":[56],"damage_taken":[{"damage":0.0,"enemies":"2 Louse","floor":1.0,"turns":1.0},{"damage":0.0,"enemies":"Small Slimes","floor":4.0,"turns":2.0},{"damage":0.0,"enemies":"3 Sentries","floor":6.0,"turns":2.0},{"damage":32.0,"enemies":"Gremlin Nob","floor":8.0,"turns":4.0},{"damage":0.0,"enemies":"Cultist","floor":11.0,"turns":3.0},{"damage":4.0,"enemies":"Large Slime","floor":13.0,"turns":4.0},{"damage":0.0,"enemies":"Looter","floor":14.0,"turns":1.0},{"damage":38.0,"enemies":"Slime Boss","floor":16.0,"turns":4.0},{"damage":30.0,"enemies":"Chosen","floor":18.0,"turns":4.0},{"damage":13.0,"enemies":"3 Byrds","floor":20.0,"turns":3.0},{"damage":18.0,"enemies":"Masked Bandits","floor":22.0,"turns":2.0},{"damage":30.0,"enemies":"Snecko","floor":27.0,"turns":4.0},{"damage":15.0,"enemies":"Slavers","floor":29.0,"turns":2.0},{"damage":14.0,"enemies":"Cultist and Chosen","floor":31.0,"turns":4.0},{"damage":47.0,"enemies":"Automaton","floor":33.0,"turns":7.0},{"damage":6.0,"enemies":"3 Shapes","floor":35.0,"turns":3.0},{"damage":0.0,"enemies":"3 Darklings","floor":36.0,"turns":2.0},{"damage":14.0,"enemies":"Sphere and 2 Shapes","floor":39.0,"turns":7.0},{"damage":9.0,"enemies":"Giant Head","floor":46.0,"turns":6.0},{"damage":0.0,"enemies":"4 Shapes","floor":48.0,"turns":5.0},{"damage":50.0,"enemies":"Time Eater","floor":50.0,"turns":15.0},{"damage":13.0,"enemies":"Donu and Deca","floor":51.0,"turns":12.0},{"damage":35.0,"enemies":"Shield and Spear","floor":55.0,"turns":8.0},{"damage":20,"enemies":"The Heart","floor":56,"turns":8}],"seed_played":"3219444704856797198","potions_obtained":[{"floor":4.0,"key":"LiquidBronze"},{"floor":8.0,"key":"EssenceOfSteel"},{"floor":11.0,"key":"SkillPotion"},{"floor":20.0,"key":"Weak Potion"},{"floor":27.0,"key":"EssenceOfSteel"},{"floor":29.0,"key":"LiquidBronze"}],"is_trial":false,"path_per_floor":["M","?","?","M","$","E","R","E","T","?","M","?","M","M","R","B",null,"M","$","M","?","?","R","T","R","T","M","R","E","R","M","R","B",null,"M","M","$","?","M","R","?","?","T","R","?","E","$","M","R","B","B",null,"R","$","E","B",null],"character_chosen":"IRONCLAD","items_purchased":["True Grit","Swift Potion","Discovery+1","True Grit+1","Feel No Pain","PowerPotion"],"campfire_rested":3,"item_purchase_floors":[5,37,47,47,47,54],"current_hp_per_floor":[74,74,67,73,73,75,75,49,49,49,55,55,57,63,63,31,64,40,40,33,33,21,21,31,31,31,7,32,23,48,40,65,24,70,70,76,76,76,68,68,58,58,58,58,58,55,55,61,61,17,10,66,66,66,37,23],"gold":89,"neow_bonus":"THREE_ENEMY_KILL","is_prod":false,"is_daily":false,"chose_seed":false,"campfire_upgraded":7,"win_rate":0,"timestamp":1554790300,"path_taken":["M","?","?","M","$","E","R","E","T","?","M","?","?","M","R","BOSS","M","$","M","?","?","R","?","R","T","M","R","E","R","M","R","BOSS","M","M","$","?","?","R","?","?","T","R","?","E","$","M","R","BOSS","BOSS","R","$","E","BOSS"],"build_version":"2019-01-23","purchased_purges":3,"victory":true,"max_hp_per_floor":[75,75,75,75,75,75,75,75,75,75,75,75,75,75,75,75,75,75,75,75,75,75,75,85,85,85,85,85,85,85,85,85,85,85,85,85,85,85,85,85,85,85,85,85,85,85,85,85,85,85,85,85,85,85,85,85],"card_choices":[{"not_picked":["Armaments","Warcry"],"picked":"Shrug It Off","floor":1.0},{"not_picked":["Perfected Strike","Warcry"],"picked":"Bludgeon","floor":4.0},{"not_picked":["Blood for Blood","Thunderclap"],"picked":"Armaments","floor":6.0},{"not_picked":["Sword Boomerang","Fire Breathing","Infernal Blade"],"picked":"SKIP","floor":8.0},{"not_picked":["Heavy Blade","Rupture","Perfected Strike"],"picked":"SKIP","floor":11.0},{"not_picked":["Clash","Cleave","Sever Soul"],"picked":"SKIP","floor":11.0},{"not_picked":["Havoc","Rampage"],"picked":"Double Tap","floor":13.0},{"not_picked":["Ghostly Armor","Armaments","Hemokinesis"],"picked":"SKIP","floor":13.0},{"not_picked":["Cleave","Wild Strike"],"picked":"Evolve","floor":14.0},{"not_picked":["Wild Strike","Headbutt","Iron Wave"],"picked":"SKIP","floor":14.0},{"not_picked":["Double Tap","Demon Form"],"picked":"Immolate","floor":16.0},{"not_picked":["Iron Wave","Hemokinesis+1"],"picked":"Disarm","floor":18.0},{"not_picked":["Thunderclap","Twin Strike+1","Carnage"],"picked":"SKIP","floor":18.0},{"not_picked":["Anger","True Grit"],"picked":"Offering","floor":20.0},{"not_picked":["Evolve","Thunderclap","Heavy Blade"],"picked":"SKIP","floor":20.0},{"not_picked":["Sword Boomerang","Anger"],"picked":"Battle Trance+1","floor":22.0},{"not_picked":["Cleave","Sentinel"],"picked":"Warcry+1","floor":27.0},{"not_picked":["Sever Soul","Perfected Strike","Sword Boomerang"],"picked":"SKIP","floor":27.0},{"not_picked":["Body Slam","Twin Strike","Limit Break"],"picked":"SKIP","floor":29.0},{"not_picked":["Havoc","Headbutt"],"picked":"Shrug It Off","floor":31.0},{"not_picked":["Headbutt","Havoc+1"],"picked":"Body Slam","floor":31.0},{"not_picked":["Brutality","Feed"],"picked":"Impervious","floor":33.0},{"not_picked":["Intimidate","Heavy Blade"],"picked":"Dropkick","floor":35.0},{"not_picked":["Blood for Blood","Clash","Cleave"],"picked":"SKIP","floor":35.0},{"not_picked":["Body Slam","Warcry+1"],"picked":"True Grit","floor":36.0},{"not_picked":["Rage","Hemokinesis","Sever Soul"],"picked":"SKIP","floor":36.0},{"not_picked":["Flex","Bloodletting","Havoc"],"picked":"SKIP","floor":39.0},{"not_picked":["Ghostly Armor","Infernal Blade","Perfected Strike"],"picked":"SKIP","floor":39.0},{"not_picked":["Secret Weapon","Trip"],"picked":"Finesse","floor":41.0},{"not_picked":["HandOfGreed","Swift Strike"],"picked":"Madness","floor":41.0},{"not_picked":["Iron Wave","Seeing Red+1","Inflame"],"picked":"SKIP","floor":46.0},{"not_picked":["Iron Wave","Body Slam"],"picked":"Flame Barrier+1","floor":48.0},{"not_picked":["Spot Weakness+1","Blood for Blood+1","Hemokinesis"],"picked":"SKIP","floor":48.0},{"not_picked":["Sword Boomerang+1","Armaments+1"],"picked":"Dual Wield+1","floor":55.0}],"player_experience":3006453,"relics_obtained":[{"floor":6.0,"key":"Kunai"},{"floor":8.0,"key":"Oddly Smooth Stone"},{"floor":9.0,"key":"Prayer Wheel"},{"floor":22.0,"key":"Red Mask"},{"floor":24.0,"key":"Pear"},{"floor":26.0,"key":"Smiling Mask"},{"floor":29.0,"key":"Self Forming Clay"},{"floor":46.0,"key":"Toxic Egg 2"},{"floor":55.0,"key":"Turnip"}],"event_choices":[{"damage_healed":0.0,"max_hp_gain":0.0,"max_hp_loss":0.0,"gold_gain":0.0,"cards_transformed":["Strike_R"],"event_name":"Living Wall","player_choice":"Change","floor":2.0,"gold_loss":0.0,"damage_taken":0.0,"cards_obtained":["Dual Wield"]},{"cards_removed":["Strike_R"],"damage_healed":0.0,"max_hp_gain":0.0,"max_hp_loss":0.0,"gold_gain":0.0,"event_name":"Golden Wing","player_choice":"Card Removal","floor":3.0,"gold_loss":0.0,"damage_taken":7.0},{"cards_removed":["Strike_R"],"damage_healed":0.0,"max_hp_gain":0.0,"max_hp_loss":0.0,"gold_gain":0.0,"event_name":"The Cleric","player_choice":"Card Removal","floor":10.0,"gold_loss":75.0,"damage_taken":0.0},{"damage_healed":0.0,"max_hp_gain":0.0,"max_hp_loss":0.0,"gold_gain":0.0,"cards_transformed":["Strike_R"],"event_name":"Transmorgrifier","player_choice":"Transformed","floor":12.0,"gold_loss":0.0,"damage_taken":0.0,"cards_obtained":["Anger"]},{"cards_removed":["Defend_R"],"damage_healed":0.0,"max_hp_gain":0.0,"max_hp_loss":0.0,"gold_gain":0.0,"event_name":"Beggar","player_choice":"Gave Gold","floor":21.0,"gold_loss":75.0,"damage_taken":0.0},{"damage_healed":0.0,"max_hp_gain":0.0,"max_hp_loss":0.0,"gold_gain":0.0,"event_name":"Masked Bandits","player_choice":"Fought Bandits","floor":22.0,"gold_loss":0.0,"damage_taken":0.0},{"cards_removed":["Bludgeon"],"damage_healed":0.0,"max_hp_gain":0.0,"max_hp_loss":0.0,"gold_gain":0.0,"event_name":"Designer","player_choice":"Upgrade and Remove","floor":38.0,"gold_loss":110.0,"damage_taken":0.0,"cards_upgraded":["Dropkick"]},{"damage_healed":0.0,"max_hp_gain":0.0,"max_hp_loss":0.0,"gold_gain":0.0,"event_name":"SensoryStone","player_choice":"Memory 3","floor":41.0,"gold_loss":0.0,"damage_taken":10.0},{"damage_healed":0.0,"max_hp_gain":0.0,"max_hp_loss":0.0,"gold_gain":222.0,"event_name":"Tomb of Lord Red Mask","player_choice":"Wore Mask","floor":42.0,"gold_loss":0.0,"damage_taken":0.0},{"damage_healed":0.0,"max_hp_gain":0.0,"max_hp_loss":0.0,"gold_gain":0.0,"event_name":"Mysterious Sphere","player_choice":"Ignored","floor":45.0,"gold_loss":0.0,"damage_taken":0.0}],"is_beta":false,"boss_relics":[{"not_picked":["Black Star","Velvet Choker"],"picked":"Empty Cage"},{"not_picked":["Philosopher\u0027s Stone","Black Blood"],"picked":"Runic Dome"}],"items_purged_floors":[37,47,54],"is_endless":false,"potions_floor_spawned":[4,8,11,14,20,27,29,39,46,48],"ascension_level":20}