{"gold_per_floor":[112,62,80,5,5,30,30,57,57,71,71,82,82,82,82,177,177,197,212,212,1,20,20],"floor_reached":23,"playtime":3458,"items_purged":["Strike_B"],"score":291,"play_id":"0475ca29-a0d9-40ff-b592-996b91c8e8bb","local_time":"20190427150501","is_ascension_mode":true,"campfire_choices":[{"data":"Chaos","floor":7,"key":"SMITH"},{"floor":11,"key":"REST"},{"data":"Defragment","floor":15,"key":"SMITH"}],"neow_cost":"NONE","seed_source_timestamp":247641241182700,"circlet_count":0,"master_deck":["Strike_B","Strike_B","Strike_B","Defend_B","Defend_B","Zap","Dualcast","Chill","Conserve Battery","Chaos+1","Defragment+1","Defragment","Amplify","Decay","Self Repair","Defragment","Dramatic Entrance+1","Conserve Battery"],"relics":["Cracked Core","NeowsBlessing","Molten Egg 2","Pantograph","Blue Candle","Omamori","Calling Bell","Orichalcum","Kunai","Girya"],"potions_floor_usage":[16,16,23,23,23],"damage_taken":[{"damage":0,"enemies":"Small Slimes","floor":1,"turns":1},{"damage":0,"enemies":"Jaw Worm","floor":3,"turns":1},{"damage":0,"enemies":"Lagavulin","floor":6,"turns":1},{"damage":29,"enemies":"Gremlin Nob","floor":8,"turns":5},{"damage":0,"enemies":"Cultist","floor":10,"turns":3},{"damage":3,"enemies":"Blue Slaver","floor":12,"turns":4},{"damage":68,"enemies":"Hexaghost","floor":16,"turns":11},{"damage":36,"enemies":"3 Byrds","floor":18,"turns":6},{"damage":13,"enemies":"Chosen","floor":19,"turns":6},{"damage":12,"enemies":"Shelled Parasite and Fungi","floor":22,"turns":5},{"damage":44,"enemies":"Gremlin Leader","floor":23,"turns":11}],"seed_played":"-1759258812263199173","potions_obtained":[{"floor":10,"key":"GamblersBrew"},{"floor":12,"key":"AttackPotion"},{"floor":18,"key":"FearPotion"},{"floor":22,"key":"Weak Potion"}],"is_trial":false,"path_per_floor":["M","?","M","$","?","E","R","E","T","M","R","M","?","?","R","B",null,"M","M","?","$","M","E"],"character_chosen":"DEFECT","items_purchased":["Defragment","Dramatic Entrance+1","Fire Potion"],"campfire_rested":1,"item_purchase_floors":[21,21,21],"current_hp_per_floor":[68,68,68,68,68,68,68,39,39,39,61,58,55,55,55,7,58,22,9,34,34,36,0],"gold":20,"neow_bonus":"THREE_ENEMY_KILL","is_prod":false,"is_daily":false,"chose_seed":false,"campfire_upgraded":2,"win_rate":0,"timestamp":1556391901,"path_taken":["M","?","M","$","?","E","R","E","T","M","R","?","?","?","R","BOSS","M","?","?","$","M","E"],"build_version":"2019-01-23","purchased_purges":1,"victory":false,"max_hp_per_floor":[75,75,75,75,75,75,75,75,75,75,75,75,75,75,75,75,75,75,75,75,75,75,75],"card_choices":[{"not_picked":["Streamline","Turbo"],"picked":"Chill","floor":1},{"not_picked":["Compile Driver","Cold Snap"],"picked":"Conserve Battery","floor":3},{"not_picked":["Ball Lightning","Gash","Sunder"],"picked":"SKIP","floor":6},{"not_picked":["Melter+1","Hello World"],"picked":"Defragment","floor":8},{"not_picked":["Reprogram","Cold Snap+1"],"picked":"Defragment","floor":10},{"not_picked":["Ball Lightning+1","Gash+1","Rip and Tear+1"],"picked":"SKIP","floor":12},{"not_picked":["Hyperbeam+1","Fission"],"picked":"Amplify","floor":16},{"not_picked":["Hologram+1","Rebound+1","Stack"],"picked":"SKIP","floor":18},{"not_picked":["Cold Snap+1","Blizzard+1"],"picked":"Self Repair","floor":19},{"not_picked":["Beam Cell+1","Reprogram"],"picked":"Conserve Battery","floor":22}],"player_experience":196533,"relics_obtained":[{"floor":6,"key":"Molten Egg 2"},{"floor":8,"key":"Pantograph"},{"floor":14,"key":"Omamori"},{"floor":17,"key":"Orichalcum"},{"floor":17,"key":"Kunai"},{"floor":17,"key":"Girya"}],"event_choices":[{"cards_removed":["Defend_B"],"damage_healed":0,"gold_gain":0,"player_choice":"Card Removal","damage_taken":0,"max_hp_gain":0,"max_hp_loss":0,"event_name":"The Cleric","floor":2,"gold_loss":50},{"damage_healed":0,"gold_gain":0,"cards_transformed":["Defend_B"],"player_choice":"Transformed","damage_taken":0,"max_hp_gain":0,"max_hp_loss":0,"event_name":"Transmorgrifier","floor":5,"gold_loss":0,"cards_obtained":["Chaos"]},{"damage_healed":0,"gold_gain":0,"player_choice":"Success","damage_taken":3,"relics_obtained":["Blue Candle"],"max_hp_gain":0,"max_hp_loss":0,"event_name":"Scrap Ooze","floor":13,"gold_loss":0},{"damage_healed":0,"gold_gain":0,"player_choice":"Relic","damage_taken":0,"max_hp_gain":0,"max_hp_loss":0,"event_name":"Wheel of Change","floor":14,"gold_loss":0},{"damage_healed":25,"gold_gain":0,"player_choice":"Heal","damage_taken":0,"max_hp_gain":0,"max_hp_loss":0,"event_name":"The Library","floor":20,"gold_loss":0}],"is_beta":false,"boss_relics":[{"not_picked":["Fusion Hammer","FrozenCore"],"picked":"Calling Bell"}],"items_purged_floors":[4],"is_endless":false,"potions_floor_spawned":[10,12,18,22],"killed_by":"Gremlin Leader","ascension_level":6}