{"gold_per_floor":[111,111,128,144,144,175,200,18,71,86,86,110,110,144,144,243,243,256,256],"floor_reached":19,"playtime":1108,"items_purged":[],"score":322,"play_id":"89e96ed0-ff93-4fbb-9a3c-dccc5301eeaa","local_time":"20190305174920","is_ascension_mode":true,"campfire_choices":[{"floor":11.0,"key":"REST"},{"floor":13.0,"key":"REST"},{"floor":15.0,"key":"REST"}],"neow_cost":"NONE","seed_source_timestamp":1992163972949,"circlet_count":0,"master_deck":["AscendersBane","Strike_B","Strike_B","Strike_B","Strike_B","Defend_B","Defend_B","Defend_B","Defend_B","Zap+1","Dualcast","Creative AI","Stack","Redo+1","Chill","Injury","Steam","Streamline","Loop","Sunder","Capacitor","Sweeping Beam","Buffer","Sunder"],"special_seed":0,"relics":["Cracked Core","Darkstone Periapt","Golden Idol","War Paint","Blood Vial","Regal Pillow","Eternal Feather"],"potions_floor_usage":[18],"damage_taken":[{"damage":3.0,"enemies":"2 Louse","floor":1.0,"turns":2.0},{"damage":12.0,"enemies":"Small Slimes","floor":3.0,"turns":4.0},{"damage":0.0,"enemies":"Cultist","floor":4.0,"turns":3.0},{"damage":11.0,"enemies":"3 Sentries","floor":6.0,"turns":9.0},{"damage":1.0,"enemies":"3 Louse","floor":7.0,"turns":2.0},{"damage":0.0,"enemies":"2 Fungi Beasts","floor":10.0,"turns":3.0},{"damage":26.0,"enemies":"Lots of Slimes","floor":12.0,"turns":4.0},{"damage":38.0,"enemies":"Gremlin Nob","floor":14.0,"turns":4.0},{"damage":38.0,"enemies":"Slime Boss","floor":16.0,"turns":8.0},{"damage":49,"enemies":"3 Byrds","floor":18,"turns":8},{"damage":29,"enemies":"Chosen","floor":19,"turns":6}],"seed_played":"-5948225189138791209","potions_obtained":[{"floor":3.0,"key":"SkillPotion"},{"floor":6.0,"key":"Fire Potion"},{"floor":12.0,"key":"Fruit Juice"},{"floor":14.0,"key":"SpeedPotion"}],"is_trial":false,"path_per_floor":["M","?","M","M","?","E","M","$","T","M","R","M","R","E","R","B",null,"M","M"],"character_chosen":"DEFECT","items_purchased":["Loop","Sunder","Fire Potion"],"campfire_rested":3,"item_purchase_floors":[8,8,8],"current_hp_per_floor":[61,50,38,38,44,33,32,32,32,34,57,38,62,26,65,29,69,22,0],"gold":256,"neow_bonus":"ONE_RANDOM_RARE_CARD","is_prod":false,"is_daily":false,"chose_seed":false,"campfire_upgraded":0,"win_rate":0,"timestamp":1551800960,"path_taken":["M","?","M","M","?","E","M","$","T","M","R","M","R","E","R","BOSS","M","M"],"build_version":"2019-01-23","purchased_purges":0,"victory":false,"max_hp_per_floor":[71,71,71,71,77,77,77,77,77,77,77,82,82,82,82,82,82,82,82],"card_choices":[{"not_picked":["Compile Driver","Turbo"],"picked":"Stack","floor":1.0},{"not_picked":["Genetic Algorithm","Leap"],"picked":"Redo","floor":3.0},{"not_picked":["Hologram","Sweeping Beam"],"picked":"Chill","floor":4.0},{"not_picked":["All For One","Machine Learning"],"picked":"Steam","floor":6.0},{"not_picked":["Leap","Coolheaded"],"picked":"Streamline","floor":7.0},{"not_picked":["FTL","Hologram"],"picked":"Capacitor","floor":10.0},{"not_picked":["Coolheaded","Scrape"],"picked":"Sweeping Beam","floor":12.0},{"not_picked":["Beam Cell","Turbo","Gash"],"picked":"SKIP","floor":14.0},{"not_picked":["Thunder Strike","All For One"],"picked":"Buffer","floor":16.0},{"not_picked":["Hologram","Reinforced Body"],"picked":"Sunder","floor":18}],"player_experience":1035278,"relics_obtained":[{"floor":6.0,"key":"War Paint"},{"floor":9.0,"key":"Blood Vial"},{"floor":14.0,"key":"Regal Pillow"}],"event_choices":[{"damage_healed":0.0,"max_hp_gain":0.0,"max_hp_loss":0.0,"gold_gain":0.0,"event_name":"Scrap Ooze","player_choice":"Success","floor":2.0,"gold_loss":0.0,"damage_taken":11.0,"relics_obtained":["Darkstone Periapt"]},{"damage_healed":0.0,"max_hp_gain":0.0,"max_hp_loss":0.0,"gold_gain":0.0,"event_name":"Golden Idol","player_choice":"Take Wound","floor":5.0,"gold_loss":0.0,"damage_taken":0.0,"relics_obtained":["Golden Idol"],"cards_obtained":["Injury"]}],"is_beta":false,"boss_relics":[{"not_picked":["Orrery","Philosopher\u0027s Stone"],"picked":"Eternal Feather"}],"items_purged_floors":[],"is_endless":false,"potions_floor_spawned":[3,6,12,14],"killed_by":"Chosen","ascension_level":16}