{"path_per_floor":["M","T","M","?","M","E","?","R","T","M","M","E","M"],"character_chosen":"IRONCLAD","items_purchased":[],"gold_per_floor":[118,145,161,220,233,260,260,260,314,330,344,375,389],"floor_reached":14,"campfire_rested":0,"playtime":550,"current_hp_per_floor":[80,80,78,78,80,71,71,71,71,64,66,31,21],"items_purged":[],"gold":389,"score":122,"play_id":"f7a4136f-0fcf-42d6-871a-180b3b8e1768","local_time":"20180304201139","is_prod":false,"is_daily":false,"is_ascension_mode":true,"campfire_upgraded":0,"timestamp":1520187099,"path_taken":["M","?","M","?","M","E","?","R","T","M","M","E","M","?"],"build_version":"2018-03-01-PROD1","purchased_purges":0,"victory":false,"master_deck":["Strike_R","Strike_R","Strike_R","Strike_R","Strike_R","Defend_R+1","Defend_R","Defend_R+1","Defend_R","Bash","Heavy Blade","Havoc","Uppercut","Corruption","Havoc","Regret","Rage","Havoc","Dark Embrace","Shockwave","Heavy Blade"],"max_hp_per_floor":[80,80,80,80,80,80,80,80,80,80,80,80,80],"relics":["Burning Blood","War Paint","Shovel","Prayer Wheel","Kunai","Pen Nib","Dream Catcher"],"card_choices":[{"not_picked":["Anger","Carnage"],"picked":"Heavy Blade"},{"not_picked":["Second Wind","Wild Strike"],"picked":"Havoc"},{"not_picked":["Heavy Blade","Clothesline"],"picked":"Uppercut"},{"not_picked":["Twin Strike","True Grit"],"picked":"Corruption"},{"not_picked":["Bloodletting","Entrench"],"picked":"Havoc"},{"not_picked":["Twin Strike","Double Tap"],"picked":"Rage"},{"not_picked":["Headbutt","Clothesline"],"picked":"Havoc"},{"not_picked":["Pommel Strike","Twin Strike"],"picked":"Dark Embrace"},{"not_picked":["Blood for Blood","Cleave"],"picked":"Shockwave"},{"not_picked":["Sword Boomerang","Bloodletting"],"picked":"Heavy Blade"}],"player_experience":233721,"potions_floor_usage":[6,11,11],"damage_taken":[{"damage":6,"enemies":"Cultist","floor":1,"turns":3},{"damage":8,"enemies":"Small Slimes","floor":3,"turns":3},{"damage":0,"enemies":"2 Louse","floor":5,"turns":2},{"damage":15,"enemies":"Gremlin Nob","floor":6,"turns":4},{"damage":13,"enemies":"Red Slaver","floor":10,"turns":3},{"damage":4,"enemies":"Exordium Wildlife","floor":11,"turns":2},{"damage":41,"enemies":"Lagavulin","floor":12,"turns":7},{"damage":16,"enemies":"Looter","floor":13,"turns":4},{"damage":24,"enemies":"Gremlin Gang","floor":14,"turns":2}],"event_choices":[{"event_name":"Golden Wing","player_choice":"Gained Gold","floor":4,"damage_taken":0},{"event_name":"Big Fish","player_choice":"Box","floor":7,"damage_taken":0}],"boss_relics":[],"potions_floor_spawned":[1,5,10],"seed_played":"2329804289903625690","killed_by":"Gremlin Gang","ascension_level":4,"is_trial":false}