{"gold_per_floor":[16,26,40,57,70,82,158,187,187,187,187,187,187,199,199,297,297,308,308,57,77,96,96,115,115,115,133,151,170,185,185,185,185],"floor_reached":33,"playtime":1865,"items_purged":["Decay"],"score":332,"play_id":"2a1034a3-bcdc-4bc9-ada8-0205e62a50fb","local_time":"20180714180329","is_ascension_mode":true,"campfire_choices":[{"floor":13,"key":"REST"},{"data":"Streamline","floor":15,"key":"SMITH"},{"floor":23,"key":"REST"},{"floor":25,"key":"REST"},{"floor":32,"key":"REST"}],"neow_cost":"NO_GOLD","seed_source_timestamp":767349643865344,"circlet_count":0,"master_deck":["Strike_B","Strike_B","Strike_B","Defend_B","Defend_B","Defend_B","Zap","Dualcast","Seek","Streamline+1","BootSequence","Gash","Go for the Eyes","Self Repair","Redo+1","Steam","FTL+1","Melter+1","Go for the Eyes+1","Hologram","Rebound+1","FTL+1","Beam Cell+1","Redo"],"relics":["Cracked Core","Molten Egg 2","Ancient Tea Set","White Beast Statue","Bottled Tornado"],"potions_floor_usage":[6,8,14,18,21,21,24,24,27,28,29,30,33],"damage_taken":[{"damage":0,"enemies":"2 Louse","floor":1,"turns":1},{"damage":0,"enemies":"Small Slimes","floor":2,"turns":2},{"damage":1,"enemies":"Cultist","floor":3,"turns":3},{"damage":0,"enemies":"Blue Slaver","floor":4,"turns":2},{"damage":1,"enemies":"Looter","floor":5,"turns":2},{"damage":2,"enemies":"Large Slime","floor":6,"turns":5},{"damage":30,"enemies":"Gremlin Nob","floor":8,"turns":6},{"damage":7,"enemies":"Lots of Slimes","floor":14,"turns":4},{"damage":58,"enemies":"The Guardian","floor":16,"turns":13},{"damage":18,"enemies":"Shell Parasite","floor":18,"turns":7},{"damage":0,"enemies":"3 Byrds","floor":21,"turns":4},{"damage":46,"enemies":"Snecko","floor":22,"turns":5},{"damage":4,"enemies":"Chosen and Byrds","floor":24,"turns":3},{"damage":9,"enemies":"Centurion and Healer","floor":27,"turns":5},{"damage":6,"enemies":"Cultist and Chosen","floor":28,"turns":4},{"damage":10,"enemies":"3 Cultists","floor":29,"turns":4},{"damage":14,"enemies":"Centurion and Healer","floor":30,"turns":3},{"damage":86,"enemies":"Champ","floor":33,"turns":12}],"seed_played":"-6458272088686593255","potions_obtained":[{"floor":4,"key":"Weak Potion"},{"floor":5,"key":"SpeedPotion"},{"floor":8,"key":"Dexterity Potion"},{"floor":16,"key":"SpeedPotion"},{"floor":18,"key":"Poison Potion"},{"floor":21,"key":"LiquidBronze"},{"floor":22,"key":"SteroidPotion"},{"floor":24,"key":"Weak Potion"},{"floor":27,"key":"GamblersBrew"},{"floor":28,"key":"Swift Potion"},{"floor":29,"key":"Dexterity Potion"},{"floor":30,"key":"Regen Potion"}],"is_trial":false,"path_per_floor":["M","M","M","M","M","M","?","E","T","?","?","?","R","M","R","B",null,"M","?","$","M","M","R","M","R","T","M","M","M","M","?","R"],"character_chosen":"DEFECT","items_purchased":["Go for the Eyes+1","Hologram","Rebound+1","AttackPotion"],"campfire_rested":4,"item_purchase_floors":[20,20,20,20],"current_hp_per_floor":[68,68,67,67,66,71,71,48,48,48,48,48,70,70,70,19,61,50,50,50,57,18,40,43,65,65,63,64,54,40,40,62,0],"gold":185,"neow_bonus":"TRANSFORM_TWO_CARDS","is_prod":false,"is_daily":false,"chose_seed":false,"campfire_upgraded":1,"win_rate":0,"timestamp":1531580609,"path_taken":["M","M","M","M","M","M","?","E","T","?","?","?","R","M","R","BOSS","M","?","$","M","M","R","M","R","T","M","M","?","M","?","R","BOSS"],"build_version":"2018-07-12","purchased_purges":1,"victory":false,"max_hp_per_floor":[75,75,75,75,75,75,75,75,75,75,75,75,75,75,75,75,75,75,75,75,75,75,75,75,75,75,75,75,75,75,75,75,75],"card_choices":[{"not_picked":["Streamline","Compile Driver"],"picked":"BootSequence","floor":1},{"not_picked":["Ball Lightning","Force Field"],"picked":"Gash","floor":2},{"not_picked":["Sweeping Beam","Lockon"],"picked":"Go for the Eyes","floor":3},{"not_picked":["White Noise","Chaos"],"picked":"Self Repair","floor":4},{"not_picked":["Fusion","Turbo"],"picked":"Redo","floor":5},{"not_picked":["Glacier","Reboot"],"picked":"Steam","floor":6},{"not_picked":["Hello World","Ball Lightning","Leap"],"picked":"SKIP","floor":8},{"not_picked":["Compile Driver+1","Cold Snap+1"],"picked":"FTL+1","floor":14},{"not_picked":["Reinforced Body+1","Barrage+1"],"picked":"Melter+1","floor":18},{"not_picked":["Barrage+1","Leap"],"picked":"FTL+1","floor":21},{"not_picked":["Glacier","BootSequence+1"],"picked":"Beam Cell+1","floor":22},{"not_picked":["Fusion","Tempest+1","Capacitor"],"picked":"SKIP","floor":24},{"not_picked":["Doom and Gloom+1","Coolheaded+1","Storm"],"picked":"SKIP","floor":27},{"not_picked":["Biased Cognition","Sunder+1","Ball Lightning+1"],"picked":"SKIP","floor":28},{"not_picked":["Rip and Tear+1","Sunder+1","Turbo"],"picked":"SKIP","floor":29},{"not_picked":["Chaos","Consume+1"],"picked":"Redo","floor":30}],"player_experience":566859,"relics_obtained":[{"floor":8,"key":"Molten Egg 2"},{"floor":9,"key":"Ancient Tea Set"},{"floor":26,"key":"Bottled Tornado"}],"event_choices":[{"event_name":"Golden Wing","player_choice":"Gained Gold","floor":7,"damage_taken":0},{"event_name":"Golden Idol","player_choice":"Ignored","floor":10,"damage_taken":0},{"event_name":"Shining Light","player_choice":"Ignored","floor":11,"damage_taken":0},{"event_name":"Liars Game","player_choice":"disagreed","floor":12,"damage_taken":0},{"event_name":"Forgotten Altar","player_choice":"Smashed Altar","floor":19,"damage_taken":0},{"event_name":"Upgrade Shrine","player_choice":"Upgraded","floor":31,"damage_taken":0}],"boss_relics":[{"not_picked":["Eternal Feather","Coffee Dripper"],"picked":"White Beast Statue"}],"items_purged_floors":[20],"is_endless":false,"potions_floor_spawned":[4,5,8,16,18,21,22,24,27,28,29,30],"killed_by":"Champ","ascension_level":6}