{"gold_per_floor":[114,126,126,137,62,62,62,91,91,91,119,66,78,90,90,164,164,177,92,112,82,92,92,122,134,134,134,164,164,164,2,2,79,79,93,93,93,103,117,144,154,154,209,220,220,233,233],"floor_reached":47,"playtime":1775,"items_purged":[],"score":1185,"play_id":"5229cf07-d90b-41a4-939a-81497079fc2f","local_time":"20190311132419","is_ascension_mode":true,"campfire_choices":[{"data":"Streamline","floor":6,"key":"SMITH"},{"data":"Zap","floor":10,"key":"SMITH"},{"data":"Beam Cell","floor":15,"key":"SMITH"},{"data":"Biased Cognition","floor":23,"key":"SMITH"},{"data":"Consume","floor":30,"key":"SMITH"},{"data":"Capacitor","floor":32,"key":"SMITH"},{"data":"Heatsinks","floor":42,"key":"SMITH"},{"data":"Creative AI","floor":45,"key":"SMITH"}],"neow_cost":"NONE","seed_source_timestamp":0,"circlet_count":0,"master_deck":["AscendersBane","Strike_B","Strike_B","Strike_B","Defend_B+1","Zap+1","Dualcast+1","Glacier+1","Streamline+1","Cold Snap+1","Echo Form","Beam Cell+1","Meteor Strike","Doom and Gloom+1","Loop+1","Self Repair+1","Cold Snap","Capacitor+1","Biased Cognition+1","Self Repair","Consume+1","Heatsinks+1","Creative AI+1","Cold Snap+1","Purity","Bandage Up","Turbo+1","Loop+1","Machine Learning","Compile Driver+1","Cold Snap+1"],"special_seed":0,"relics":["Cracked Core","Orichalcum","Symbiotic Virus","Mummified Hand","Kunai","Astrolabe","Girya","Ornamental Fan","Darkstone Periapt","PreservedInsect","Inserter","Molten Egg 2","War Paint"],"potions_floor_usage":[8,16,16,22,28],"damage_taken":[{"damage":6,"enemies":"Jaw Worm","floor":1,"turns":4},{"damage":0,"enemies":"2 Louse","floor":2,"turns":2},{"damage":0,"enemies":"Cultist","floor":4,"turns":3},{"damage":16,"enemies":"Gremlin Nob","floor":8,"turns":4},{"damage":4,"enemies":"3 Sentries","floor":11,"turns":5},{"damage":4,"enemies":"Exordium Wildlife","floor":13,"turns":3},{"damage":7,"enemies":"Blue Slaver","floor":14,"turns":2},{"damage":0,"enemies":"Slime Boss","floor":16,"turns":5},{"damage":17,"enemies":"Shell Parasite","floor":18,"turns":4},{"damage":10,"enemies":"3 Byrds","floor":20,"turns":4},{"damage":29,"enemies":"Snake Plant","floor":22,"turns":4},{"damage":29,"enemies":"Book of Stabbing","floor":24,"turns":5},{"damage":9,"enemies":"Centurion and Healer","floor":25,"turns":7},{"damage":13,"enemies":"Gremlin Leader","floor":28,"turns":6},{"damage":37,"enemies":"Collector","floor":33,"turns":10},{"damage":22,"enemies":"3 Darklings","floor":35,"turns":5},{"damage":5,"enemies":"Orb Walker","floor":38,"turns":4},{"damage":47,"enemies":"Spire Growth","floor":39,"turns":5},{"damage":27,"enemies":"Nemesis","floor":40,"turns":7},{"damage":19,"enemies":"3 Darklings","floor":41,"turns":7},{"damage":50,"enemies":"Sphere and 2 Shapes","floor":44,"turns":8},{"damage":32,"enemies":"Writhing Mass","floor":46,"turns":8},{"damage":12,"enemies":"Reptomancer","floor":47,"turns":2}],"seed_played":"-5520793161220608323","potions_obtained":[{"floor":4,"key":"Poison Potion"},{"floor":14,"key":"Fire Potion"},{"floor":20,"key":"Regen Potion"},{"floor":21,"key":"Ancient Potion"},{"floor":24,"key":"FairyPotion"},{"floor":39,"key":"LiquidBronze"},{"floor":44,"key":"FocusPotion"}],"is_trial":false,"path_per_floor":["M","M","?","M","?","R","?","E","T","R","E","$","M","M","R","B",null,"M","?","M","?","M","R","E","M","T","?","E","$","R","$","R","B",null,"M","?","?","M","M","E","M","R","T","M","R","M","E"],"character_chosen":"DEFECT","items_purchased":["Fire Potion","PreservedInsect"],"campfire_rested":0,"item_purchase_floors":[12,31],"current_hp_per_floor":[58,58,58,58,58,58,37,21,21,21,17,17,13,6,6,6,55,58,58,68,68,58,58,39,64,64,64,68,68,68,68,68,58,68,71,61,61,66,36,30,39,39,39,40,40,39,27],"gold":233,"neow_bonus":"RANDOM_COMMON_RELIC","is_prod":false,"is_daily":false,"chose_seed":false,"campfire_upgraded":8,"win_rate":0,"timestamp":1552278259,"path_taken":["M","M","?","M","?","R","?","E","T","R","E","?","?","M","R","BOSS","M","?","M","?","M","R","E","?","T","?","E","$","R","$","R","BOSS","M","?","?","M","M","E","M","R","T","M","R","M","E"],"build_version":"2019-01-23","purchased_purges":0,"victory":false,"max_hp_per_floor":[71,71,71,71,71,71,71,71,71,71,71,71,71,71,71,71,71,71,71,71,71,71,71,71,71,71,71,71,71,71,71,71,71,71,71,71,67,67,67,67,67,67,67,67,67,67,67],"card_choices":[{"not_picked":["Barrage","Lockon"],"picked":"Glacier","floor":1},{"not_picked":["Stack","Rebound"],"picked":"Streamline","floor":2},{"not_picked":["Sweeping Beam","Coolheaded"],"picked":"Cold Snap","floor":4},{"not_picked":["Static Discharge","Tempest","Hello World"],"picked":"SKIP","floor":8},{"not_picked":["Steam","Fission"],"picked":"Echo Form","floor":11},{"not_picked":["Go for the Eyes","Leap","Compile Driver"],"picked":"SKIP","floor":13},{"not_picked":["Steam","Ball Lightning"],"picked":"Beam Cell","floor":14},{"not_picked":["All For One","Buffer"],"picked":"Meteor Strike","floor":16},{"not_picked":["Sweeping Beam","Rip and Tear"],"picked":"Cold Snap","floor":18},{"not_picked":["Ball Lightning","Gash"],"picked":"Capacitor","floor":20},{"not_picked":["Ball Lightning","Go for the Eyes"],"picked":"Biased Cognition","floor":22},{"not_picked":["Steam","Compile Driver"],"picked":"Self Repair","floor":24},{"not_picked":["Stack","Sunder"],"picked":"Consume","floor":25},{"not_picked":["Cold Snap","Barrage"],"picked":"Heatsinks","floor":28},{"not_picked":["Machine Learning","All For One"],"picked":"Creative AI","floor":33},{"not_picked":["Aggregate","Hologram+1"],"picked":"Cold Snap+1","floor":35},{"not_picked":["Impatience","Forethought"],"picked":"Purity","floor":36},{"not_picked":["Impatience","Sadistic Nature"],"picked":"Bandage Up","floor":36},{"not_picked":["Gash+1","Leap"],"picked":"Turbo+1","floor":38},{"not_picked":["Scrape","Coolheaded+1"],"picked":"Loop+1","floor":39},{"not_picked":["FTL","Steam","Self Repair"],"picked":"SKIP","floor":40},{"not_picked":["Scrape+1","Streamline+1","Machine Learning"],"picked":"SKIP","floor":41},{"not_picked":["Scrape+1","Streamline+1"],"picked":"Machine Learning","floor":41},{"not_picked":["Rebound+1","Skim"],"picked":"Compile Driver+1","floor":44},{"not_picked":["Ball Lightning+1","Redo"],"picked":"Cold Snap+1","floor":46}],"player_experience":2174677,"relics_obtained":[{"floor":8,"key":"Symbiotic Virus"},{"floor":9,"key":"Mummified Hand"},{"floor":11,"key":"Kunai"},{"floor":24,"key":"Ornamental Fan"},{"floor":28,"key":"Darkstone Periapt"},{"floor":40,"key":"Molten Egg 2"},{"floor":43,"key":"War Paint"}],"event_choices":[{"damage_healed":0,"gold_gain":0,"player_choice":"Ignored","damage_taken":0,"max_hp_gain":0,"max_hp_loss":0,"event_name":"Liars Game","floor":3,"gold_loss":0},{"cards_removed":["Strike_B"],"damage_healed":0,"gold_gain":0,"player_choice":"Card Removal","damage_taken":0,"max_hp_gain":0,"max_hp_loss":0,"event_name":"The Cleric","floor":5,"gold_loss":75},{"damage_healed":0,"gold_gain":0,"player_choice":"Entered Light","damage_taken":21,"max_hp_gain":0,"max_hp_loss":0,"event_name":"Shining Light","floor":7,"gold_loss":0,"cards_upgraded":["Defend_B","Cold Snap"]},{"damage_healed":0,"gold_gain":0,"player_choice":"Obtained Relic","damage_taken":0,"relics_obtained":["Girya"],"max_hp_gain":0,"max_hp_loss":0,"event_name":"Addict","floor":19,"gold_loss":85},{"damage_healed":0,"gold_gain":0,"player_choice":"Bought 2 Potions","damage_taken":0,"max_hp_gain":0,"max_hp_loss":0,"event_name":"The Woman in Blue","floor":21,"gold_loss":0},{"damage_healed":0,"gold_gain":0,"player_choice":"Ignored","damage_taken":0,"max_hp_gain":0,"max_hp_loss":0,"event_name":"Ghosts","floor":27,"gold_loss":0},{"damage_healed":0,"gold_gain":0,"player_choice":"Memory 3","damage_taken":10,"max_hp_gain":0,"max_hp_loss":0,"event_name":"SensoryStone","floor":36,"gold_loss":0},{"damage_healed":0,"gold_gain":0,"player_choice":"Max HP","damage_taken":0,"max_hp_gain":0,"max_hp_loss":4,"event_name":"Winding Halls","floor":37,"gold_loss":0}],"is_beta":false,"boss_relics":[{"not_picked":["Tiny House","Empty Cage"],"picked":"Astrolabe"},{"not_picked":["Sozu","Pandora\u0027s Box"],"picked":"Inserter"}],"items_purged_floors":[],"is_endless":false,"potions_floor_spawned":[4,14,20,24,39,41,44],"killed_by":"Reptomancer","ascension_level":20}