{"gold_per_floor":[111,74,86,86,86,112,42,57,57,87,105,125,125,136,136,212,212,223,57,57,57],"floor_reached":21,"playtime":576,"items_purged":[],"score":428,"play_id":"deb18be9-bfca-426d-be2e-0a348d15ffa7","local_time":"20190319225239","is_ascension_mode":true,"campfire_choices":[{"data":"Defragment","floor":15,"key":"SMITH"}],"neow_cost":"NONE","seed_source_timestamp":15135871378500,"circlet_count":0,"master_deck":["AscendersBane","Zap","Dualcast","Self Repair","Recycle","Doom and Gloom+1","Defragment+1","Capacitor","Tempest","Echo Form","Beam Cell+1","Steam","Cold Snap+1","Stack","Hologram","Beam Cell+1","Turbo","Aggregate","Consume","Decay"],"relics":["Cracked Core","NeowsBlessing","Molten Egg 2","Meat on the Bone","The Courier","Gremlin Horn","Ancient Tea Set","Pandora\u0027s Box","Tiny Chest"],"potions_floor_usage":[10,18],"damage_taken":[{"damage":0,"enemies":"Cultist","floor":1,"turns":1},{"damage":0,"enemies":"2 Louse","floor":3,"turns":1},{"damage":0,"enemies":"3 Sentries","floor":6,"turns":1},{"damage":7,"enemies":"Jaw Worm","floor":8,"turns":3},{"damage":60,"enemies":"Gremlin Nob","floor":10,"turns":5},{"damage":13,"enemies":"Exordium Thugs","floor":11,"turns":4},{"damage":2,"enemies":"Lots of Slimes","floor":12,"turns":2},{"damage":0,"enemies":"3 Louse","floor":14,"turns":2},{"damage":50,"enemies":"Slime Boss","floor":16,"turns":8},{"damage":48,"enemies":"Shell Parasite","floor":18,"turns":5},{"damage":11,"enemies":"Spheric Guardian","floor":21,"turns":3}],"seed_played":"7697805862125628614","potions_obtained":[{"floor":1,"key":"FocusPotion"},{"floor":8,"key":"Weak Potion"},{"floor":11,"key":"FocusPotion"},{"floor":13,"key":"Fire Potion"}],"is_trial":false,"path_per_floor":["M","$","M","T","?","E","$","M","T","E","M","M","?","M","R","B",null,"M","$","?","M"],"character_chosen":"DEFECT","items_purchased":["Self Repair","Doom and Gloom+1","Tiny Chest","Consume"],"campfire_rested":0,"item_purchase_floors":[2,7,19,19],"current_hp_per_floor":[64,64,71,71,66,71,71,71,71,30,36,53,53,60,60,29,61,25,25,25,14],"gold":57,"neow_bonus":"THREE_ENEMY_KILL","is_prod":false,"is_daily":false,"chose_seed":false,"campfire_upgraded":1,"win_rate":0,"timestamp":1553003559,"path_taken":["M","$","M","?","?","E","?","?","T","E","M","?","?","?","R","BOSS","M","$","?","?"],"build_version":"2019-01-23","purchased_purges":0,"victory":false,"max_hp_per_floor":[71,71,71,71,71,71,71,71,71,71,71,71,71,71,71,71,71,71,71,71,71],"card_choices":[{"not_picked":["Fusion","Static Discharge","Steam Power"],"picked":"SKIP","floor":1},{"not_picked":["Melter","Steam","Beam Cell"],"picked":"SKIP","floor":3},{"not_picked":["Heatsinks","Hologram"],"picked":"Recycle","floor":6},{"not_picked":["Coolheaded","Undo"],"picked":"Defragment","floor":8},{"not_picked":["Turbo","Sweeping Beam+1"],"picked":"Capacitor","floor":10},{"not_picked":["Hyperbeam+1","Streamline+1"],"picked":"Tempest","floor":11},{"not_picked":["Hello World","Leap","Redo"],"picked":"SKIP","floor":12},{"not_picked":["Turbo","Compile Driver+1","Conserve Battery"],"picked":"SKIP","floor":14},{"not_picked":["Multi-Cast","Amplify"],"picked":"Echo Form","floor":16},{"not_picked":["Hello World","Auto Shields","Barrage+1"],"picked":"SKIP","floor":18}],"player_experience":2390457,"relics_obtained":[{"floor":4,"key":"Molten Egg 2"},{"floor":6,"key":"The Courier"},{"floor":9,"key":"Gremlin Horn"},{"floor":10,"key":"Ancient Tea Set"}],"event_choices":[{"damage_healed":0,"gold_gain":0,"player_choice":"Success","damage_taken":5,"relics_obtained":["Meat on the Bone"],"max_hp_gain":0,"max_hp_loss":0,"event_name":"Scrap Ooze","floor":5,"gold_loss":0},{"damage_healed":0,"gold_gain":0,"player_choice":"Got Potions","damage_taken":0,"max_hp_gain":0,"max_hp_loss":0,"event_name":"Lab","floor":13,"gold_loss":0},{"damage_healed":0,"gold_gain":0,"player_choice":"Cursed","damage_taken":0,"max_hp_gain":0,"max_hp_loss":0,"event_name":"Wheel of Change","floor":20,"gold_loss":0,"cards_obtained":["Decay"]}],"is_beta":false,"boss_relics":[{"not_picked":["Orrery","Astrolabe"],"picked":"Pandora\u0027s Box"}],"items_purged_floors":[],"is_endless":false,"potions_floor_spawned":[1,8,11,14,16],"killed_by":"Spheric Guardian","ascension_level":20}