{"gold_per_floor":[118,82,232,232,252,279,279,307,307,307,336,351,115,132,132,209,209,225,225,237,417,437,437,437,765,788,788,132,146,158,177,177,250,250,262,169,169,29,48,48,81,81,81,101,101,126,141,166,166,166,166,166,166,24,54,54],"floor_reached":56,"playtime":3357,"items_purged":["Strike_R","Strike_R+1","Strike_R+1","Strike_R+1","Strike_R+1"],"score":2370,"play_id":"2e5ed0c7-07d7-47fd-9504-b927829f64b4","local_time":"20190325222209","is_ascension_mode":true,"campfire_choices":[{"data":"Carnage","floor":10.0,"key":"SMITH"},{"data":"Entrench","floor":15.0,"key":"SMITH"},{"floor":23.0,"key":"REST"},{"floor":27.0,"key":"REST"},{"data":"Juggernaut","floor":32.0,"key":"SMITH"},{"data":"Searing Blow+1","floor":40.0,"key":"SMITH"},{"floor":42.0,"key":"REST"},{"floor":45.0,"key":"REST"},{"floor":49.0,"key":"RECALL"},{"data":"Searing Blow+2","floor":53.0,"key":"SMITH"}],"neow_cost":"NONE","seed_source_timestamp":95374515964400,"circlet_count":0,"master_deck":["AscendersBane","Defend_R+1","Defend_R+1","Defend_R+1","Defend_R+1","Bash","Carnage+1","Seeing Red+1","True Grit+1","Feed","Barricade","Entrench+1","Juggernaut+1","Body Slam","Armaments+1","Dual Wield+1","Bludgeon","Battle Trance+1","Barricade","Shockwave+1","Discovery+1","Purity+1","Discovery+1","Searing Blow+3","Ghostly Armor+1","True Grit+1","Uppercut+1","Pommel Strike+1","Dual Wield+1","Shrug It Off+1","Shrug It Off+1"],"special_seed":0,"relics":["Burning Blood","NeowsBlessing","Spirit Poop","Red Skull","Dream Catcher","Self Forming Clay","Omamori","Oddly Smooth Stone","Snecko Eye","Smiling Mask","Old Coin","Pen Nib","Toxic Egg 2","Kunai","Velvet Choker","Boot","Happy Flower","The Courier","War Paint"],"potions_floor_usage":[55,55],"damage_taken":[{"damage":0.0,"enemies":"Cultist","floor":1.0,"turns":1.0},{"damage":0.0,"enemies":"Jaw Worm","floor":5.0,"turns":1.0},{"damage":0.0,"enemies":"Gremlin Nob","floor":6.0,"turns":1.0},{"damage":22.0,"enemies":"3 Sentries","floor":8.0,"turns":9.0},{"damage":0.0,"enemies":"Gremlin Nob","floor":11.0,"turns":2.0},{"damage":10.0,"enemies":"Small Slimes","floor":12.0,"turns":3.0},{"damage":21.0,"enemies":"Red Slaver","floor":14.0,"turns":4.0},{"damage":0.0,"enemies":"The Guardian","floor":16.0,"turns":20.0},{"damage":22.0,"enemies":"3 Byrds","floor":18.0,"turns":5.0},{"damage":22.0,"enemies":"Shell Parasite","floor":20.0,"turns":7.0},{"damage":10.0,"enemies":"Shelled Parasite and Fungi","floor":22.0,"turns":5.0},{"damage":34.0,"enemies":"Slavers","floor":25.0,"turns":15.0},{"damage":28.0,"enemies":"Sentry and Sphere","floor":29.0,"turns":6.0},{"damage":6.0,"enemies":"Snake Plant","floor":30.0,"turns":4.0},{"damage":10.0,"enemies":"Centurion and Healer","floor":31.0,"turns":7.0},{"damage":0.0,"enemies":"Champ","floor":33.0,"turns":15.0},{"damage":0.0,"enemies":"3 Shapes","floor":35.0,"turns":4.0},{"damage":11.0,"enemies":"3 Darklings","floor":39.0,"turns":5.0},{"damage":73.0,"enemies":"Reptomancer","floor":41.0,"turns":9.0},{"damage":25.0,"enemies":"Spire Growth","floor":44.0,"turns":4.0},{"damage":7.0,"enemies":"Giant Head","floor":46.0,"turns":7.0},{"damage":35.0,"enemies":"4 Shapes","floor":47.0,"turns":8.0},{"damage":0.0,"enemies":"Nemesis","floor":48.0,"turns":9.0},{"damage":38.0,"enemies":"Donu and Deca","floor":50.0,"turns":9.0},{"damage":25.0,"enemies":"Awakened One","floor":51.0,"turns":13.0},{"damage":70,"enemies":"Shield and Spear","floor":55,"turns":11},{"damage":35,"enemies":"The Heart","floor":56,"turns":5}],"seed_played":"-7560837902585107928","potions_obtained":[{"floor":1.0,"key":"Energy Potion"},{"floor":5.0,"key":"GamblersBrew"},{"floor":16.0,"key":"Weak Potion"},{"floor":22.0,"key":"Dexterity Potion"},{"floor":25.0,"key":"GamblersBrew"},{"floor":30.0,"key":"SpeedPotion"},{"floor":31.0,"key":"SkillPotion"},{"floor":44.0,"key":"PowerPotion"},{"floor":48.0,"key":"Dexterity Potion"}],"is_trial":false,"path_per_floor":["M","$","?","?","M","E","?","E","T","R","E","M","$","M","R","B",null,"M","?","M","?","M","R","?","E","T","R","$","M","M","M","R","B",null,"M","$","?","$","M","R","E","R","T","M","R","E","M","E","R","B","B",null,"R","$","E","B"],"character_chosen":"IRONCLAD","items_purchased":["Seeing Red","Oddly Smooth Stone","Toxic Egg 2","Kunai","SkillPotion","Shockwave+1","Discovery+1","Shrug It Off+1","Swift Potion"],"campfire_rested":4,"item_purchase_floors":[2,13,28,28,28,36,38,54,54],"current_hp_per_floor":[74,74,74,74,75,75,52,36,36,36,45,44,44,32,32,38,73,60,60,47,20,19,46,46,22,22,51,51,32,35,37,37,43,93,103,103,93,93,92,92,25,60,60,41,76,79,53,63,63,31,12,99,99,99,35,0],"gold":54,"neow_bonus":"THREE_ENEMY_KILL","is_prod":false,"is_daily":false,"chose_seed":false,"campfire_upgraded":5,"win_rate":0,"timestamp":1553520129,"path_taken":["M","$","?","?","?","E","?","E","T","R","E","M","$","M","R","BOSS","M","?","M","?","?","R","?","E","T","R","?","M","?","M","R","BOSS","M","?","?","?","M","R","E","R","T","M","R","E","M","E","R","BOSS","BOSS","R","$","E","BOSS"],"build_version":"2019-01-23","purchased_purges":5,"victory":false,"max_hp_per_floor":[75,75,75,75,75,75,75,75,75,75,78,81,81,84,84,84,84,87,87,90,90,93,93,93,97,97,97,97,100,103,109,109,109,109,113,113,113,113,117,117,117,117,117,117,117,121,124,128,128,128,128,128,128,128,128,128],"card_choices":[{"not_picked":["Sentinel","Thunderclap"],"picked":"Carnage","floor":1.0},{"not_picked":["Wild Strike","Body Slam"],"picked":"True Grit","floor":5.0},{"not_picked":["Clash","Dual Wield","Thunderclap"],"picked":"SKIP","floor":6.0},{"not_picked":["Fiend Fire","Twin Strike"],"picked":"Feed","floor":8.0},{"not_picked":["Wild Strike","Warcry"],"picked":"Barricade","floor":11.0},{"not_picked":["Warcry","Havoc","Spot Weakness"],"picked":"SKIP","floor":12.0},{"not_picked":["Clash","Blood for Blood"],"picked":"Entrench","floor":14.0},{"not_picked":["Demon Form","Barricade"],"picked":"Juggernaut","floor":16.0},{"not_picked":["True Grit","Reckless Charge","Perfected Strike"],"picked":"SKIP","floor":18.0},{"not_picked":["Double Tap","Perfected Strike+1"],"picked":"Body Slam","floor":20.0},{"not_picked":["Cleave","True Grit","Headbutt"],"picked":"SKIP","floor":22.0},{"not_picked":["Pommel Strike","Warcry"],"picked":"Armaments+1","floor":23.0},{"not_picked":["Anger","Pummel","Clash"],"picked":"SKIP","floor":25.0},{"not_picked":["Rupture+1","Perfected Strike"],"picked":"Dual Wield+1","floor":29.0},{"not_picked":["Bludgeon","Havoc+1","Perfected Strike"],"picked":"SKIP","floor":30.0},{"not_picked":["Havoc+1","Perfected Strike"],"picked":"Bludgeon","floor":30.0},{"not_picked":["Perfected Strike","Cleave"],"picked":"Battle Trance+1","floor":31.0},{"not_picked":["Reaper","Feed"],"picked":"Barricade","floor":33.0},{"not_picked":["Clothesline+1","Carnage","Intimidate+1"],"picked":"SKIP","floor":35.0},{"not_picked":["Jack Of All Trades+1","Deep Breath+1"],"picked":"Discovery+1","floor":37.0},{"not_picked":["Trip+1","Finesse+1"],"picked":"Purity+1","floor":37.0},{"not_picked":["Thunderclap","Searing Blow+1","True Grit+1"],"picked":"SKIP","floor":39.0},{"not_picked":["Thunderclap","True Grit+1"],"picked":"Searing Blow+1","floor":39.0},{"not_picked":["Twin Strike","Dropkick"],"picked":"Ghostly Armor+1","floor":41.0},{"not_picked":["Armaments+1","Body Slam"],"picked":"True Grit+1","floor":44.0},{"not_picked":["Headbutt","Rage+1"],"picked":"Uppercut+1","floor":45.0},{"not_picked":["Carnage","Fire Breathing+1"],"picked":"Pommel Strike+1","floor":46.0},{"not_picked":["Blood for Blood+1","Spot Weakness+1","Body Slam"],"picked":"SKIP","floor":47.0},{"not_picked":["Fiend Fire","Rampage"],"picked":"Dual Wield+1","floor":48.0},{"not_picked":["Wild Strike","Havoc+1"],"picked":"Shrug It Off+1","floor":55}],"player_experience":2582975,"relics_obtained":[{"floor":6.0,"key":"Red Skull"},{"floor":8.0,"key":"Dream Catcher"},{"floor":9.0,"key":"Self Forming Clay"},{"floor":11.0,"key":"Omamori"},{"floor":25.0,"key":"Old Coin"},{"floor":26.0,"key":"Pen Nib"},{"floor":41.0,"key":"Boot"},{"floor":46.0,"key":"Happy Flower"},{"floor":48.0,"key":"The Courier"},{"floor":55,"key":"War Paint"}],"event_choices":[{"damage_healed":0.0,"max_hp_gain":0.0,"max_hp_loss":0.0,"gold_gain":150.0,"event_name":"Liars Game","player_choice":"AGREE","floor":3.0,"gold_loss":0.0,"damage_taken":0.0,"cards_obtained":["Doubt"]},{"cards_removed":["Doubt"],"damage_healed":0.0,"max_hp_gain":0.0,"max_hp_loss":0.0,"gold_gain":0.0,"event_name":"Bonfire Elementals","player_choice":"Offered Curse","floor":4.0,"gold_loss":0.0,"damage_taken":0.0,"relics_obtained":["Spirit Poop"]},{"damage_healed":0.0,"max_hp_gain":0.0,"max_hp_loss":0.0,"gold_gain":0.0,"event_name":"Shining Light","player_choice":"Entered Light","floor":7.0,"gold_loss":0.0,"damage_taken":23.0,"cards_upgraded":["Defend_R","True Grit"]},{"damage_healed":0.0,"max_hp_gain":0.0,"max_hp_loss":0.0,"gold_gain":0.0,"event_name":"The Mausoleum","player_choice":"Opened","floor":19.0,"gold_loss":0.0,"damage_taken":0.0,"relics_obtained":["Smiling Mask"],"cards_obtained":["Writhe"]},{"damage_healed":0.0,"max_hp_gain":0.0,"max_hp_loss":0.0,"gold_gain":180.0,"event_name":"Knowing Skull","player_choice":"GOLD GOLD ","floor":21.0,"potions_obtained":[],"gold_loss":0.0,"damage_taken":27.0,"cards_obtained":[]},{"damage_healed":0.0,"max_hp_gain":0.0,"max_hp_loss":0.0,"gold_gain":0.0,"event_name":"Back to Basics","player_choice":"Simplicity","floor":24.0,"gold_loss":0.0,"damage_taken":0.0,"cards_upgraded":["Strike_R","Strike_R","Strike_R","Strike_R","Defend_R","Defend_R","Defend_R"]},{"damage_healed":0.0,"max_hp_gain":0.0,"max_hp_loss":0.0,"gold_gain":0.0,"event_name":"SensoryStone","player_choice":"Memory 3","floor":37.0,"gold_loss":0.0,"damage_taken":10.0}],"is_beta":false,"boss_relics":[{"not_picked":["Coffee Dripper","Pandora\u0027s Box"],"picked":"Snecko Eye"},{"not_picked":["Runic Pyramid","Sozu"],"picked":"Velvet Choker"}],"items_purged_floors":[13,28,36,38,54],"is_endless":false,"potions_floor_spawned":[1,5,11,12,16,22,25,30,31,39,44,48],"killed_by":"The Heart","ascension_level":20}