{"gold_per_floor":[111,111,122,122,122,158,179,179,203,203,222,288,307,341,341,432,432,456,506,420,420,5,5,5,45,45,45,78,78,112,130,130,225,225,238,256,281,7,7,40,40,61,61,186,230,230,563,588,588,588,588,588,588,4,31,31],"floor_reached":57,"playtime":2266,"items_purged":["Strike_R"],"score":2995,"play_id":"5402baa2-d081-4c27-b160-749c3bbb5d98","local_time":"20190419142926","is_ascension_mode":true,"campfire_choices":[{"data":"Bash","floor":8,"key":"SMITH"},{"data":"Pommel Strike","floor":10,"key":"SMITH"},{"data":"Juggernaut","floor":15,"key":"SMITH"},{"data":"Fiend Fire","floor":23,"key":"SMITH"},{"data":"Offering","floor":27,"key":"SMITH"},{"data":"Feel No Pain","floor":32,"key":"SMITH"},{"data":"Discovery","floor":41,"key":"SMITH"},{"floor":46,"key":"RECALL"},{"data":"Dual Wield","floor":49,"key":"SMITH"},{"data":"Juggernaut","floor":53,"key":"SMITH"}],"neow_cost":"NONE","seed_source_timestamp":295318752974500,"circlet_count":0,"master_deck":["AscendersBane","Defend_R+1","Defend_R+1","Defend_R","Bash+1","Second Wind","Ghostly Armor","Pommel Strike+1","Feel No Pain+1","Evolve","Reaper","Shrug It Off","Juggernaut+1","Offering+1","Fiend Fire+1","True Grit","Offering","Juggernaut+1","Hemokinesis+1","Twin Strike+1","Pommel Strike+1","Shrug It Off","Discovery+1","Feel No Pain+1","Shockwave+1","Evolve","Dual Wield+1","Body Slam+1","Exhume","Discovery"],"relics":["Burning Blood","NeowsBlessing","PreservedInsect","War Paint","Tiny Chest","Meat on the Bone","Philosopher\u0027s Stone","Calipers","Centennial Puzzle","Bag of Marbles","Bronze Scales","FossilizedHelix","Ornamental Fan","Astrolabe","Lantern","Oddly Smooth Stone","Nunchaku","Happy Flower","Molten Egg 2","Incense Burner","Pen Nib"],"potions_floor_usage":[14,25,33,42,51,51],"damage_taken":[{"damage":0,"enemies":"Small Slimes","floor":1,"turns":1},{"damage":0,"enemies":"2 Louse","floor":3,"turns":2},{"damage":0,"enemies":"3 Sentries","floor":6,"turns":2},{"damage":1,"enemies":"Cultist","floor":7,"turns":4},{"damage":3,"enemies":"Exordium Thugs","floor":11,"turns":4},{"damage":10,"enemies":"Gremlin Nob","floor":12,"turns":3},{"damage":33,"enemies":"Large Slime","floor":13,"turns":10},{"damage":7,"enemies":"3 Sentries","floor":14,"turns":9},{"damage":29,"enemies":"Hexaghost","floor":16,"turns":10},{"damage":15,"enemies":"Shell Parasite","floor":18,"turns":6},{"damage":33,"enemies":"Slavers","floor":25,"turns":2},{"damage":8,"enemies":"Book of Stabbing","floor":28,"turns":2},{"damage":7,"enemies":"Gremlin Leader","floor":30,"turns":3},{"damage":6,"enemies":"Spheric Guardian","floor":31,"turns":3},{"damage":69,"enemies":"Automaton","floor":33,"turns":9},{"damage":0,"enemies":"3 Shapes","floor":35,"turns":4},{"damage":0,"enemies":"Orb Walker","floor":36,"turns":1},{"damage":8,"enemies":"Giant Head","floor":40,"turns":4},{"damage":6,"enemies":"Sphere and 2 Shapes","floor":42,"turns":4},{"damage":6,"enemies":"Mind Bloom Boss Battle","floor":44,"turns":3},{"damage":6,"enemies":"Reptomancer","floor":45,"turns":1},{"damage":13,"enemies":"Giant Head","floor":48,"turns":7},{"damage":31,"enemies":"Donu and Deca","floor":50,"turns":7},{"damage":25,"enemies":"Awakened One","floor":51,"turns":9},{"damage":34,"enemies":"Shield and Spear","floor":55,"turns":5},{"damage":50,"enemies":"The Heart","floor":56,"turns":9}],"seed_played":"-1846493277876939177","potions_obtained":[{"floor":1,"key":"SteroidPotion"},{"floor":6,"key":"PowerPotion"},{"floor":14,"key":"Explosive Potion"},{"floor":30,"key":"SpeedPotion"},{"floor":33,"key":"Block Potion"},{"floor":40,"key":"Energy Potion"},{"floor":45,"key":"GamblersBrew"},{"floor":48,"key":"Ancient Potion"}],"is_trial":false,"path_per_floor":["M","?","M","?","?","E","M","R","T","R","M","E","M","E","R","B",null,"M","?","$","?","$","R","?","E","T","R","E","$","E","M","R","B",null,"M","M","T","$","?","E","R","M","T","?","E","R","?","E","R","B","B",null,"R","$","E","B",null],"character_chosen":"IRONCLAD","items_purchased":["Fiend Fire","Calipers","Oddly Smooth Stone","Discovery","Incense Burner","Exhume","Discovery"],"campfire_rested":0,"item_purchase_floors":[20,22,38,38,54,54,54],"current_hp_per_floor":[74,74,75,68,42,48,53,53,53,53,56,52,31,57,57,50,69,64,64,64,64,64,64,64,48,48,48,46,46,58,58,58,25,63,69,75,75,75,75,75,75,75,75,75,75,75,75,75,75,50,51,69,69,69,53,25],"gold":31,"neow_bonus":"THREE_ENEMY_KILL","is_prod":false,"is_daily":false,"chose_seed":false,"campfire_upgraded":9,"win_rate":0,"timestamp":1555651766,"path_taken":["M","?","M","?","?","E","M","R","T","R","M","E","M","E","R","BOSS","M","?","$","?","$","R","?","E","T","R","E","$","E","M","R","BOSS","M","M","?","?","?","E","R","?","T","?","E","R","?","E","R","BOSS","BOSS","R","$","E","BOSS"],"build_version":"2019-01-23","purchased_purges":1,"victory":true,"max_hp_per_floor":[75,75,75,75,75,75,75,75,75,75,75,75,75,75,75,75,75,75,75,75,75,75,75,75,75,75,75,75,75,75,75,75,75,75,75,75,75,75,75,75,75,75,75,75,75,75,75,75,75,75,75,75,75,75,75,75],"card_choices":[{"not_picked":["Power Through","Ghostly Armor"],"picked":"Second Wind","floor":1},{"not_picked":["Hemokinesis","Reckless Charge"],"picked":"Pommel Strike","floor":3},{"not_picked":["Twin Strike","Pommel Strike"],"picked":"Feel No Pain","floor":6},{"not_picked":["Pommel Strike","Second Wind","Clash"],"picked":"SKIP","floor":7},{"not_picked":["Seeing Red","True Grit"],"picked":"Evolve","floor":11},{"not_picked":["Wild Strike","Body Slam"],"picked":"Reaper","floor":12},{"not_picked":["Warcry","Armaments"],"picked":"Shrug It Off","floor":13},{"not_picked":["Body Slam","Searing Blow"],"picked":"Juggernaut","floor":14},{"not_picked":["Exhume","Impervious"],"picked":"Offering","floor":16},{"not_picked":["Anger","Flex","Body Slam"],"picked":"SKIP","floor":18},{"not_picked":["Headbutt","Sword Boomerang","Shockwave"],"picked":"SKIP","floor":25},{"not_picked":["Blood for Blood+1","Ghostly Armor"],"picked":"True Grit","floor":28},{"not_picked":["Wild Strike+1","Armaments","Thunderclap"],"picked":"SKIP","floor":30},{"not_picked":["Anger","Shrug It Off"],"picked":"Offering","floor":31},{"not_picked":["Bludgeon","Fiend Fire"],"picked":"Juggernaut","floor":33},{"not_picked":["Thunderclap+1","Warcry"],"picked":"Shrug It Off","floor":35},{"not_picked":["Infernal Blade+1","Perfected Strike","Sword Boomerang+1"],"picked":"SKIP","floor":36},{"not_picked":["Berserk","Thunderclap"],"picked":"Shockwave+1","floor":40},{"not_picked":["Whirlwind+1","Wild Strike","Uppercut"],"picked":"SKIP","floor":42},{"not_picked":["Corruption+1","Fire Breathing"],"picked":"Evolve","floor":44},{"not_picked":["Combust+1","Bloodletting"],"picked":"Dual Wield","floor":45},{"not_picked":["Pummel+1","Immolate"],"picked":"Body Slam+1","floor":48},{"not_picked":["Wild Strike+1","Clothesline+1","Carnage+1"],"picked":"SKIP","floor":55}],"player_experience":3226123,"relics_obtained":[{"floor":6,"key":"PreservedInsect"},{"floor":9,"key":"War Paint"},{"floor":12,"key":"Tiny Chest"},{"floor":14,"key":"Meat on the Bone"},{"floor":24,"key":"Centennial Puzzle"},{"floor":25,"key":"Bag of Marbles"},{"floor":26,"key":"Bronze Scales"},{"floor":28,"key":"FossilizedHelix"},{"floor":30,"key":"Ornamental Fan"},{"floor":37,"key":"Lantern"},{"floor":44,"key":"Nunchaku"},{"floor":45,"key":"Happy Flower"},{"floor":48,"key":"Molten Egg 2"},{"floor":55,"key":"Pen Nib"}],"event_choices":[{"damage_healed":0,"gold_gain":0,"cards_transformed":["Strike_R"],"player_choice":"Change","damage_taken":0,"max_hp_gain":0,"max_hp_loss":0,"event_name":"Living Wall","floor":2,"gold_loss":0,"cards_obtained":["Ghostly Armor"]},{"cards_removed":["Strike_R"],"damage_healed":0,"gold_gain":0,"player_choice":"Card Removal","damage_taken":7,"max_hp_gain":0,"max_hp_loss":0,"event_name":"Golden Wing","floor":4,"gold_loss":0},{"damage_healed":0,"gold_gain":0,"player_choice":"Take Damage","damage_taken":26,"relics_obtained":["Golden Idol"],"max_hp_gain":0,"max_hp_loss":0,"event_name":"Golden Idol","floor":5,"gold_loss":0},{"damage_healed":0,"gold_gain":50,"player_choice":"Stole From Cult","damage_taken":0,"max_hp_gain":0,"max_hp_loss":0,"event_name":"Nest","floor":19,"gold_loss":0},{"damage_healed":0,"gold_gain":0,"player_choice":"Ignored","damage_taken":0,"max_hp_gain":0,"max_hp_loss":0,"event_name":"Vampires","floor":21,"gold_loss":0},{"damage_healed":0,"gold_gain":0,"player_choice":"Relic","damage_taken":0,"max_hp_gain":0,"max_hp_loss":0,"event_name":"Wheel of Change","floor":24,"gold_loss":0},{"damage_healed":0,"gold_gain":0,"player_choice":"Copied","damage_taken":0,"max_hp_gain":0,"max_hp_loss":0,"event_name":"Duplicator","floor":39,"gold_loss":0,"cards_obtained":["Feel No Pain"]},{"damage_healed":0,"gold_gain":0,"player_choice":"Fight","damage_taken":0,"max_hp_gain":0,"max_hp_loss":0,"event_name":"MindBloom","floor":44,"gold_loss":0},{"damage_healed":0,"gold_gain":333,"player_choice":"Gave Idol","damage_taken":0,"max_hp_gain":0,"max_hp_loss":0,"event_name":"The Moai Head","floor":47,"relics_lost":["Golden Idol"],"gold_loss":0}],"is_beta":false,"boss_relics":[{"not_picked":["Calling Bell","Black Blood"],"picked":"Philosopher\u0027s Stone"},{"not_picked":["Pandora\u0027s Box","Runic Cube"],"picked":"Astrolabe"}],"items_purged_floors":[22],"is_endless":false,"potions_floor_spawned":[1,6,11,14,30,31,33,36,40,45,48],"ascension_level":20}