{"gold_per_floor":[115,115,115,131,146,146,179,179,179,179,192,192,32,51,51,51],"floor_reached":16,"playtime":252,"items_purged":[],"score":200,"play_id":"f7408ef7-1742-498d-9a52-8354751457d4","local_time":"20190309203116","is_ascension_mode":true,"campfire_choices":[{"data":"Sunder","floor":6,"key":"SMITH"},{"data":"Streamline","floor":8,"key":"SMITH"},{"floor":10,"key":"REST"},{"data":"Consume","floor":15,"key":"SMITH"}],"neow_cost":"NONE","seed_source_timestamp":37176430117900,"circlet_count":0,"master_deck":["AscendersBane","Strike_B+1","Strike_B","Strike_B","Strike_B","Defend_B","Defend_B","Defend_B+1","Defend_B","Zap","Dualcast","Streamline+1","Sunder+1","Cold Snap","Self Repair","Consume+1"],"relics":["Cracked Core","NeowsBlessing","Blue Candle","Lantern","Dodecahedron","Ancient Tea Set"],"potions_floor_usage":[4,16],"damage_taken":[{"damage":0,"enemies":"Jaw Worm","floor":1,"turns":1},{"damage":0,"enemies":"Small Slimes","floor":4,"turns":1},{"damage":0,"enemies":"Cultist","floor":5,"turns":1},{"damage":31,"enemies":"Lagavulin","floor":7,"turns":7},{"damage":3,"enemies":"Blue Slaver","floor":11,"turns":2},{"damage":0,"enemies":"Looter","floor":14,"turns":2},{"damage":8,"enemies":"The Guardian","floor":16,"turns":7}],"seed_played":"8322242100225477264","potions_obtained":[{"floor":4,"key":"Fruit Juice"},{"floor":7,"key":"Strength Potion"}],"is_trial":false,"path_per_floor":["M","?","?","M","M","R","E","R","T","R","M","?","$","M","R","B"],"character_chosen":"DEFECT","items_purchased":["Ancient Tea Set"],"campfire_rested":1,"item_purchase_floors":[13],"current_hp_per_floor":[64,43,43,48,48,48,17,17,17,39,36,10,10,10,10,2],"gold":51,"neow_bonus":"THREE_ENEMY_KILL","is_prod":false,"is_daily":false,"chose_seed":false,"campfire_upgraded":3,"win_rate":0,"timestamp":1552131076,"path_taken":["M","?","?","M","?","R","E","R","T","R","M","?","$","M","R","BOSS"],"build_version":"2019-01-23","purchased_purges":0,"victory":false,"max_hp_per_floor":[71,71,71,76,76,76,76,76,76,76,76,76,76,76,76,76],"card_choices":[{"not_picked":["Barrage","Redo","Heatsinks"],"picked":"SKIP","floor":1},{"not_picked":["Blizzard","Barrage"],"picked":"Streamline","floor":4},{"not_picked":["Chaos","Compile Driver"],"picked":"Sunder","floor":5},{"not_picked":["Steam Power","Turbo"],"picked":"Cold Snap","floor":7},{"not_picked":["Gash","Genetic Algorithm"],"picked":"Self Repair","floor":11},{"not_picked":["Ball Lightning","BootSequence"],"picked":"Consume","floor":14}],"player_experience":2110305,"relics_obtained":[{"floor":7,"key":"Blue Candle"},{"floor":9,"key":"Lantern"}],"event_choices":[{"damage_healed":0,"gold_gain":0,"player_choice":"Entered Light","damage_taken":21,"max_hp_gain":0,"max_hp_loss":0,"event_name":"Shining Light","floor":2,"gold_loss":0,"cards_upgraded":["Strike_B","Defend_B"]},{"damage_healed":0,"gold_gain":0,"player_choice":"Ignored","damage_taken":0,"max_hp_gain":0,"max_hp_loss":0,"event_name":"Liars Game","floor":3,"gold_loss":0},{"damage_healed":0,"gold_gain":0,"player_choice":"Success","damage_taken":26,"relics_obtained":["Dodecahedron"],"max_hp_gain":0,"max_hp_loss":0,"event_name":"Scrap Ooze","floor":12,"gold_loss":0}],"is_beta":false,"boss_relics":[],"items_purged_floors":[],"is_endless":false,"potions_floor_spawned":[4,7],"killed_by":"The Guardian","ascension_level":20}