{"gold_per_floor":[17,167,3,20,30,30,60,74,98,161,46,46,66,86,86,159,159,177,77,88,99,99],"floor_reached":22,"playtime":862,"items_purged":["Doubt","Regret"],"score":476,"play_id":"f8c7f9c4-d890-4e86-b1b9-5987b0ceeb27","local_time":"20190211085051","is_ascension_mode":true,"campfire_choices":[{"data":"Beam Cell","floor":6,"key":"SMITH"},{"data":"Loop","floor":12,"key":"SMITH"},{"data":"Consume","floor":15,"key":"SMITH"}],"neow_cost":"NO_GOLD","seed_source_timestamp":484363863570800,"circlet_count":0,"master_deck":["AscendersBane","Strike_B","Strike_B","Strike_B","Strike_B","Defend_B","Defend_B","Defend_B","Defend_B","Zap","Dualcast","Biased Cognition","Coolheaded","Beam Cell+1","Rip and Tear","Electrodynamics","Consume+1","Loop+1","Chill","Electrodynamics","Normality","Decay","Blizzard","Coolheaded"],"relics":["Cracked Core","Orichalcum","DataDisk","Happy Flower","Bronze Scales","Calling Bell","Vajra","Cables","Emotion Chip"],"potions_floor_usage":[16,18],"damage_taken":[{"damage":12,"enemies":"Jaw Worm","floor":1,"turns":2},{"damage":0,"enemies":"Cultist","floor":4,"turns":3},{"damage":10,"enemies":"Small Slimes","floor":5,"turns":3},{"damage":14,"enemies":"Lagavulin","floor":7,"turns":7},{"damage":5,"enemies":"Blue Slaver","floor":8,"turns":3},{"damage":5,"enemies":"3 Sentries","floor":10,"turns":3},{"damage":2,"enemies":"Looter","floor":13,"turns":2},{"damage":4,"enemies":"Red Slaver","floor":14,"turns":3},{"damage":0,"enemies":"Hexaghost","floor":16,"turns":7},{"damage":11,"enemies":"Chosen","floor":18,"turns":3},{"damage":15,"enemies":"Shell Parasite","floor":20,"turns":2},{"damage":17,"enemies":"Centurion and Healer","floor":21,"turns":4},{"damage":20,"enemies":"Cultist and Chosen","floor":22,"turns":3}],"seed_played":"-361835957889291966","potions_obtained":[{"floor":1,"key":"EntropicBrew"},{"floor":8,"key":"SpeedPotion"},{"floor":10,"key":"Regen Potion"},{"floor":16,"key":"Strength Potion"},{"floor":20,"key":"Strength Potion"}],"is_trial":false,"path_per_floor":["M","?","$","M","M","R","E","M","T","?","$","R","M","M","R","B",null,"M","$","M","M","M"],"character_chosen":"DEFECT","items_purchased":["Orichalcum","Loop"],"campfire_rested":0,"item_purchase_floors":[3,11],"current_hp_per_floor":[52,52,52,52,42,42,28,23,23,18,18,18,16,12,12,27,60,49,49,34,17,0],"gold":99,"neow_bonus":"THREE_RARE_CARDS","is_prod":false,"is_daily":false,"chose_seed":false,"campfire_upgraded":3,"win_rate":0,"timestamp":1549842651,"path_taken":["M","?","$","M","M","R","E","M","T","?","$","R","M","?","R","BOSS","M","$","M","?","M"],"build_version":"2019-01-23","purchased_purges":2,"victory":false,"max_hp_per_floor":[71,71,71,71,71,71,71,71,71,71,71,71,71,71,71,71,71,71,71,71,71,71],"card_choices":[{"not_picked":["Hyperbeam","Machine Learning"],"picked":"Biased Cognition","floor":0},{"not_picked":["Hologram","Streamline"],"picked":"Coolheaded","floor":1},{"not_picked":["Compile Driver","Force Field"],"picked":"Beam Cell","floor":4},{"not_picked":["Compile Driver","Stack"],"picked":"Rip and Tear","floor":5},{"not_picked":["Barrage","Force Field"],"picked":"Electrodynamics","floor":7},{"not_picked":["Leap","Ball Lightning"],"picked":"Consume","floor":8},{"not_picked":["Sunder","Rip and Tear","Rebound"],"picked":"SKIP","floor":13},{"not_picked":["Cold Snap","Streamline"],"picked":"Chill","floor":14},{"not_picked":["Meteor Strike","Biased Cognition"],"picked":"Electrodynamics","floor":16},{"not_picked":["Aggregate","Chaos"],"picked":"Blizzard","floor":18},{"not_picked":["Gash","Rip and Tear"],"picked":"Coolheaded","floor":20},{"not_picked":["Go for the Eyes","Compile Driver","Recycle"],"picked":"SKIP","floor":21}],"player_experience":1501987,"relics_obtained":[{"floor":7,"key":"DataDisk"},{"floor":9,"key":"Happy Flower"},{"floor":10,"key":"Bronze Scales"},{"floor":17,"key":"Vajra"},{"floor":17,"key":"Cables"},{"floor":17,"key":"Emotion Chip"}],"event_choices":[{"damage_healed":0,"gold_gain":150,"player_choice":"AGREE","damage_taken":0,"max_hp_gain":0,"max_hp_loss":0,"event_name":"Liars Game","floor":2,"gold_loss":0,"cards_obtained":["Doubt"]},{"damage_healed":0,"gold_gain":0,"player_choice":"Searched \u00271\u0027 times","damage_taken":0,"max_hp_gain":0,"max_hp_loss":0,"event_name":"Dead Adventurer","floor":10,"gold_loss":0}],"is_beta":false,"boss_relics":[{"not_picked":["FrozenCore","Eternal Feather"],"picked":"Calling Bell"}],"items_purged_floors":[11,19],"is_endless":false,"potions_floor_spawned":[1,8,10,16,20,21],"killed_by":"Cultist and Chosen","ascension_level":20}