{"gold_per_floor":[114,189,189,203,221,221,236,250,250,49,49,49,49,83,83,83],"floor_reached":16,"playtime":331,"items_purged":["Strike_B"],"score":200,"play_id":"a3d77943-0260-4fa0-9997-b90a3b6bf6c5","local_time":"20190319205954","is_ascension_mode":true,"campfire_choices":[{"data":"Zap","floor":6,"key":"SMITH"},{"data":"Sunder","floor":11,"key":"SMITH"},{"floor":13,"key":"REST"},{"data":"Capacitor","floor":15,"key":"SMITH"}],"neow_cost":"CURSE","seed_source_timestamp":8617320345900,"circlet_count":0,"master_deck":["AscendersBane","Strike_B","Strike_B","Strike_B","Defend_B","Defend_B","Defend_B","Defend_B","Zap+1","Dualcast","Echo Form","Leap","Ball Lightning","Capacitor+1","Sunder+1","Self Repair+1","Echo Form"],"relics":["Cracked Core","Cables","Ancient Tea Set"],"potions_floor_usage":[16],"damage_taken":[{"damage":7,"enemies":"2 Louse","floor":1,"turns":2},{"damage":6,"enemies":"Cultist","floor":4,"turns":3},{"damage":9,"enemies":"Jaw Worm","floor":5,"turns":4},{"damage":8,"enemies":"2 Fungi Beasts","floor":7,"turns":4},{"damage":8,"enemies":"Exordium Wildlife","floor":8,"turns":4},{"damage":20,"enemies":"Lagavulin","floor":14,"turns":4},{"damage":24,"enemies":"Hexaghost","floor":16,"turns":9}],"seed_played":"7686771999168072173","potions_obtained":[{"floor":7,"key":"Fire Potion"},{"floor":14,"key":"SpeedPotion"}],"is_trial":false,"path_per_floor":["M","?","?","M","M","R","M","M","T","$","R","?","R","E","R","B"],"character_chosen":"DEFECT","items_purchased":["Sunder","Self Repair"],"campfire_rested":1,"item_purchase_floors":[10,10],"current_hp_per_floor":[57,46,46,40,31,31,23,15,15,15,15,15,36,26,26,2],"gold":83,"neow_bonus":"THREE_RARE_CARDS","is_prod":false,"is_daily":false,"chose_seed":false,"campfire_upgraded":3,"win_rate":0,"timestamp":1552996794,"path_taken":["M","?","?","M","M","R","M","M","T","$","R","?","R","E","R","BOSS"],"build_version":"2019-01-23","purchased_purges":1,"victory":false,"max_hp_per_floor":[71,71,71,71,71,71,71,71,71,71,71,71,71,71,71,71],"card_choices":[{"not_picked":["Biased Cognition","Core Surge"],"picked":"Echo Form","floor":0},{"not_picked":["Compile Driver","Steam"],"picked":"Leap","floor":1},{"not_picked":["Storm","Hologram","Beam Cell"],"picked":"SKIP","floor":4},{"not_picked":["Redo","Steam"],"picked":"Ball Lightning","floor":5},{"not_picked":["Double Energy","Lockon"],"picked":"Capacitor","floor":7},{"not_picked":["Conserve Battery","Steam","Go for the Eyes"],"picked":"SKIP","floor":8},{"not_picked":["Hello World","Chaos"],"picked":"Echo Form","floor":14}],"player_experience":2384112,"relics_obtained":[{"floor":9,"key":"Cables"},{"floor":14,"key":"Ancient Tea Set"}],"event_choices":[{"damage_healed":0,"gold_gain":75,"player_choice":"Gather Gold","damage_taken":11,"max_hp_gain":0,"max_hp_loss":0,"event_name":"World of Goop","floor":2,"gold_loss":0},{"cards_removed":["Clumsy"],"damage_healed":0,"gold_gain":0,"player_choice":"Forget","damage_taken":0,"max_hp_gain":0,"max_hp_loss":0,"event_name":"Living Wall","floor":3,"gold_loss":0},{"damage_healed":0,"gold_gain":0,"player_choice":"Upgraded","damage_taken":0,"max_hp_gain":0,"max_hp_loss":0,"event_name":"Upgrade Shrine","floor":12,"gold_loss":0,"cards_upgraded":["Self Repair"]}],"is_beta":false,"boss_relics":[],"items_purged_floors":[10],"is_endless":false,"potions_floor_spawned":[7,14],"killed_by":"Hexaghost","ascension_level":20}