{"path_per_floor":["M","M","M","M","M","E","M","E","T","?","?","$","R","M","R","B",null,"M","?","M","M","M","E","M","M","T","$","R","?","?","E","R","B",null,"M","?","M","M","M"],"character_chosen":"IRONCLAD","items_purchased":["Shrug It Off","Twin Strike","Panacea","Clash","Double Tap","Molten Egg","Regen Potion"],"gold_per_floor":[116,133,147,158,168,194,210,235,262,262,337,114,114,130,130,227,227,238,238,258,274,288,316,328,346,346,13,13,13,13,41,41,141,141,151,203,222,241,257],"floor_reached":40,"campfire_rested":3,"playtime":4311,"current_hp_per_floor":[74,74,77,67,68,60,59,37,37,21,10,10,34,40,40,33,80,70,70,46,24,23,17,17,23,23,23,47,47,47,45,69,73,80,65,64,23,27,23],"items_purged":[],"gold":257,"play_id":"3da19916-8a4c-412d-b4b7-ebcb51ec2310","is_prod":false,"is_daily":false,"is_ascension_mode":false,"campfire_upgraded":1,"path_taken":["M","M","?","M","M","E","M","E","T","?","?","$","R","M","R","BOSS","M","?","M","M","M","E","M","?","T","$","R","?","?","E","R","BOSS","M","?","?","M","M","E"],"build_version":"2018-01-25-PROD3","purchased_purges":0,"victory":false,"master_deck":["Strike_R","Strike_R","Strike_R+1","Strike_R","Strike_R","Defend_R","Defend_R","Defend_R","Bash+1","Dropkick","Cleave","Pommel Strike+1","Clash","Clash","Blood for Blood","Combust","Perfected Strike+1","Shrug It Off","Twin Strike","Panacea","Clash","Seeing Red","Reaper","Pummel+1","Flex","Pummel","True Grit","Uppercut+1","Twin Strike","Offering","Double Tap","Reckless Charge","Rampage","Rampage","Berserk","Iron Wave+1","Rampage+1","Clash","Burning Pact+1","Disarm"],"max_hp_per_floor":[80,80,80,80,80,80,80,80,80,80,80,80,80,80,80,80,80,80,80,80,80,80,80,80,80,80,80,80,80,80,80,80,80,80,80,94,94,94,94],"relics":["Burning Blood","Toolbox","Charon\u0027s Ashes","Oddly Smooth Stone","Mark of Pain","Paper Frog","Unceasing Top","Molten Egg","Kunai","Black Star","Mango"],"card_choices":[{"not_picked":["Anger","True Grit"],"picked":"Dropkick"},{"not_picked":["True Grit","Flex"],"picked":"Cleave"},{"not_picked":["Corruption","Whirlwind"],"picked":"Pommel Strike"},{"not_picked":["Anger","Dropkick"],"picked":"Clash"},{"not_picked":["Cleave","Searing Blow"],"picked":"Clash"},{"not_picked":["Corruption","Feel No Pain"],"picked":"Blood for Blood"},{"not_picked":["Cleave","Reckless Charge"],"picked":"Combust"},{"not_picked":["Barricade","Bloodletting"],"picked":"Perfected Strike"},{"not_picked":["Rage","Cleave"],"picked":"Seeing Red"},{"not_picked":["Dark Embrace","Impervious"],"picked":"Reaper"},{"not_picked":["Iron Wave","Sword Boomerang"],"picked":"Pummel"},{"not_picked":["Twin Strike","Headbutt"],"picked":"Flex"},{"not_picked":["Perfected Strike","Shrug It Off"],"picked":"Pummel"},{"not_picked":["Corruption","Seeing Red"],"picked":"True Grit"},{"not_picked":["Dropkick","Sword Boomerang"],"picked":"Uppercut"},{"not_picked":["Reckless Charge","Pommel Strike"],"picked":"Twin Strike"},{"not_picked":["Reckless Charge","Feel No Pain"],"picked":"Offering"},{"not_picked":["Brutality","Body Slam"],"picked":"Rampage"},{"not_picked":["Brutality","Impervious"],"picked":"Berserk"},{"not_picked":["Infernal Blade","Clothesline"],"picked":"Iron Wave"},{"not_picked":["Twin Strike","Iron Wave"],"picked":"Rampage"},{"not_picked":["Warcry","Bloodletting"],"picked":"Clash"},{"not_picked":["Clash","Pummel"],"picked":"Burning Pact"},{"not_picked":["Battle Trance","Flex"],"picked":"Disarm"}],"player_experience":6708,"potions_floor_usage":[16,16,22,25,33,38,39,40,40],"damage_taken":[{"damage":12,"enemies":"Blue Slaver","floor":1,"turns":2},{"damage":6,"enemies":"Jaw Worm","floor":2,"turns":3},{"damage":3,"enemies":"2 Louse","floor":3,"turns":3},{"damage":16,"enemies":"Exordium Wildlife","floor":4,"turns":5},{"damage":5,"enemies":"Looter","floor":5,"turns":2},{"damage":14,"enemies":"3 Sentries","floor":6,"turns":6},{"damage":7,"enemies":"3 Louse","floor":7,"turns":2},{"damage":28,"enemies":"Gremlin Nob","floor":8,"turns":4},{"damage":0,"enemies":"Lots of Slimes","floor":14,"turns":2},{"damage":17,"enemies":"Hexaghost","floor":16,"turns":7},{"damage":16,"enemies":"Spheric Guardian","floor":18,"turns":4},{"damage":30,"enemies":"2 Thieves","floor":20,"turns":3},{"damage":37,"enemies":"Slaver and Parasite","floor":21,"turns":4},{"damage":7,"enemies":"Snake Plant","floor":22,"turns":2},{"damage":24,"enemies":"Gremlin Leader","floor":23,"turns":4},{"damage":12,"enemies":"Centurion and Healer","floor":24,"turns":4},{"damage":0,"enemies":"Sentry and Sphere","floor":25,"turns":2},{"damage":8,"enemies":"Book of Stabbing","floor":31,"turns":2},{"damage":9,"enemies":"Champ","floor":33,"turns":6},{"damage":21,"enemies":"3 Darklings","floor":35,"turns":3},{"damage":21,"enemies":"Mysterious Sphere","floor":36,"turns":3},{"damage":47,"enemies":"3 Shapes","floor":37,"turns":3},{"damage":20,"enemies":"Maw","floor":38,"turns":6},{"damage":10,"enemies":"3 Darklings","floor":39,"turns":3},{"damage":34,"enemies":"Giant Head","floor":40,"turns":5}],"event_choices":[{"event_name":"Shining Light","player_choice":"Entered Light","floor":10,"damage_taken":0},{"event_name":"World of Goop","player_choice":"Gather Gold","floor":11,"damage_taken":0},{"event_name":"Vampires","player_choice":"Ignored","floor":19,"damage_taken":0},{"event_name":"Transmorgrifier","player_choice":"Transform","floor":29,"damage_taken":0},{"event_name":"The Library","player_choice":"Read","floor":30,"damage_taken":0},{"event_name":"Mysterious Sphere","player_choice":"Fight","floor":36,"damage_taken":0}],"boss_relics":[{"not_picked":["Runic Dome","Ectoplasm"],"picked":"Mark of Pain"},{"not_picked":["Tiny House","Velvet Choker"],"picked":"Black Star"}],"potions_floor_spawned":[2,4,7,8,20,23,25,31,33,35,38],"seed_played":"8590114674397810595","killed_by":"Giant Head","ascension_level":0,"is_trial":false}