{"gold_per_floor":[110,125,275,275,245,275,275,308,332,47,47,67,67,93,93,166,166,179,189,61,61,86,86,120,137,137,150,150,167,186,198,198,275,275,290,290,306,306,181,181,205,232,232,232,332,7,19,29,29,29,29,29,29,29,63,63],"floor_reached":56,"playtime":2029,"items_purged":["Defend_B","Strike_B","Strike_B"],"score":2026,"play_id":"e9e8355f-7d56-4852-909a-f024a4762581","local_time":"20190325153843","is_ascension_mode":true,"campfire_choices":[{"data":"Defragment","floor":7,"key":"SMITH"},{"data":"Defragment","floor":11,"key":"SMITH"},{"data":"Defragment","floor":13,"key":"SMITH"},{"data":"Zap","floor":15,"key":"SMITH"},{"data":"Creative AI","floor":23,"key":"SMITH"},{"data":"Reboot","floor":32,"key":"SMITH"},{"floor":44,"key":"REST"},{"floor":49,"key":"RECALL"},{"data":"Coolheaded","floor":53,"key":"SMITH"}],"neow_cost":"NONE","seed_source_timestamp":72884073827700,"circlet_count":0,"master_deck":["AscendersBane","Strike_B","Strike_B","Defend_B","Zap+1","Dualcast","Defragment+1","Cold Snap","Defragment+1","Chill","Defragment+1","Creative AI+1","Static Discharge+1","Cold Snap+1","Coolheaded","Blizzard+1","Coolheaded","Coolheaded+1","Reboot+1","Cold Snap","Conserve Battery+1","Defragment"],"relics":["Cracked Core","NeowsBlessing","PreservedInsect","Lantern","DataDisk","Tiny Chest","Blood Vial","Empty Cage","Happy Flower","Omamori","Inserter","Juzu Bracelet","Pen Nib","Shuriken","Emotion Chip","Mummified Hand","Orichalcum"],"potions_floor_usage":[19,29,40,56,56],"damage_taken":[{"damage":0,"enemies":"2 Louse","floor":1,"turns":1},{"damage":0,"enemies":"Small Slimes","floor":2,"turns":1},{"damage":0,"enemies":"Gremlin Nob","floor":6,"turns":1},{"damage":13,"enemies":"3 Sentries","floor":8,"turns":7},{"damage":0,"enemies":"Cultist","floor":12,"turns":3},{"damage":0,"enemies":"Gremlin Nob","floor":14,"turns":3},{"damage":37,"enemies":"Hexaghost","floor":16,"turns":11},{"damage":0,"enemies":"3 Byrds","floor":18,"turns":6},{"damage":11,"enemies":"Shell Parasite","floor":19,"turns":5},{"damage":21,"enemies":"Book of Stabbing","floor":24,"turns":2},{"damage":0,"enemies":"Sentry and Sphere","floor":25,"turns":6},{"damage":4,"enemies":"Snecko","floor":27,"turns":6},{"damage":8,"enemies":"Cultist and Chosen","floor":29,"turns":5},{"damage":0,"enemies":"Sentry and Sphere","floor":30,"turns":7},{"damage":0,"enemies":"3 Cultists","floor":31,"turns":6},{"damage":11,"enemies":"Champ","floor":33,"turns":11},{"damage":8,"enemies":"Orb Walker","floor":35,"turns":4},{"damage":23,"enemies":"3 Darklings","floor":37,"turns":7},{"damage":11,"enemies":"Giant Head","floor":40,"turns":4},{"damage":0,"enemies":"Mind Bloom Boss Battle","floor":45,"turns":8},{"damage":0,"enemies":"Maw","floor":47,"turns":9},{"damage":0,"enemies":"Sphere and 2 Shapes","floor":48,"turns":7},{"damage":0,"enemies":"Donu and Deca","floor":50,"turns":11},{"damage":14,"enemies":"Time Eater","floor":51,"turns":13},{"damage":9,"enemies":"Shield and Spear","floor":55,"turns":8},{"damage":38,"enemies":"The Heart","floor":56,"turns":5}],"seed_played":"2677701895092206146","potions_obtained":[{"floor":1,"key":"Ancient Potion"},{"floor":5,"key":"Energy Potion"},{"floor":8,"key":"GamblersBrew"},{"floor":25,"key":"Block Potion"},{"floor":31,"key":"Swift Potion"},{"floor":37,"key":"SmokeBomb"},{"floor":45,"key":"LiquidBronze"},{"floor":47,"key":"Energy Potion"}],"is_trial":false,"path_per_floor":["M","M","?","?","?","E","R","E","T","$","R","M","R","E","R","B",null,"M","M","$","$","T","R","E","M","T","M","?","M","M","M","R","B",null,"M","?","M","?","$","E","T","T","T","R","?","$","M","M","R","B","B",null,"R","$","E","B"],"character_chosen":"DEFECT","items_purchased":["Tiny Chest","Defragment","Coolheaded","Mummified Hand","PowerPotion"],"campfire_rested":1,"item_purchase_floors":[10,10,20,46,46],"current_hp_per_floor":[64,64,64,57,57,57,57,44,44,44,44,44,44,44,44,9,56,58,49,49,49,49,49,30,32,32,30,30,24,26,28,28,19,58,52,52,31,31,31,22,22,22,22,43,45,45,47,49,49,51,39,63,63,63,56,20],"gold":63,"neow_bonus":"THREE_ENEMY_KILL","is_prod":false,"is_daily":false,"chose_seed":false,"campfire_upgraded":7,"win_rate":0,"timestamp":1553495923,"path_taken":["M","M","?","?","?","E","R","E","T","$","R","?","R","E","R","BOSS","M","M","?","$","?","R","E","?","T","M","?","M","M","?","R","BOSS","M","?","?","?","$","E","?","?","T","R","?","$","M","M","R","BOSS","BOSS","R","$","E","BOSS"],"build_version":"2019-01-23","purchased_purges":3,"victory":false,"max_hp_per_floor":[71,71,71,71,71,71,71,71,71,71,71,71,71,71,71,71,71,71,71,71,71,71,71,71,71,71,71,71,71,71,71,71,71,71,71,71,71,71,71,71,71,71,71,71,71,71,71,71,71,71,71,71,71,71,71,71],"card_choices":[{"not_picked":["Redo","Rebound"],"picked":"Defragment","floor":1},{"not_picked":["Beam Cell","Leap"],"picked":"Cold Snap","floor":2},{"not_picked":["Capacitor","Gash"],"picked":"Defragment","floor":6},{"not_picked":["Machine Learning","Streamline"],"picked":"Chill","floor":8},{"not_picked":["Aggregate","Melter","Beam Cell"],"picked":"SKIP","floor":12},{"not_picked":["Fusion","Beam Cell","Storm"],"picked":"SKIP","floor":14},{"not_picked":["Thunder Strike","Fission"],"picked":"Creative AI","floor":16},{"not_picked":["Genetic Algorithm","Compile Driver"],"picked":"Static Discharge+1","floor":18},{"not_picked":["Sweeping Beam+1","Conserve Battery+1"],"picked":"Cold Snap+1","floor":19},{"not_picked":["Gash","Redo"],"picked":"Blizzard+1","floor":24},{"not_picked":["Sweeping Beam","Barrage","Double Energy"],"picked":"SKIP","floor":25},{"not_picked":["Steam Power","Steam","Doom and Gloom+1"],"picked":"SKIP","floor":27},{"not_picked":["Cold Snap","Stack"],"picked":"Coolheaded","floor":29},{"not_picked":["Stack","Undo"],"picked":"Coolheaded","floor":30},{"not_picked":["Compile Driver+1","Barrage"],"picked":"Reboot","floor":31},{"not_picked":["Stack+1","Aggregate","Sunder"],"picked":"SKIP","floor":35},{"not_picked":["Storm","Steam","Redo"],"picked":"SKIP","floor":37},{"not_picked":["Leap","Stack"],"picked":"Cold Snap","floor":45},{"not_picked":["Stack","Hologram+1"],"picked":"Conserve Battery+1","floor":47},{"not_picked":["Sunder","Reprogram","Gash"],"picked":"SKIP","floor":48},{"not_picked":["Compile Driver","Beam Cell"],"picked":"Defragment","floor":55}],"player_experience":2565156,"relics_obtained":[{"floor":6,"key":"PreservedInsect"},{"floor":8,"key":"Lantern"},{"floor":9,"key":"DataDisk"},{"floor":14,"key":"Blood Vial"},{"floor":24,"key":"Happy Flower"},{"floor":26,"key":"Omamori"},{"floor":41,"key":"Juzu Bracelet"},{"floor":42,"key":"Pen Nib"},{"floor":43,"key":"Shuriken"},{"floor":45,"key":"Emotion Chip"},{"floor":55,"key":"Orichalcum"}],"event_choices":[{"damage_healed":0,"gold_gain":150,"player_choice":"AGREE","damage_taken":0,"max_hp_gain":0,"max_hp_loss":0,"event_name":"Liars Game","floor":3,"gold_loss":0,"cards_obtained":["Doubt"]},{"cards_removed":["Doubt"],"damage_healed":0,"gold_gain":0,"player_choice":"Card Removal","damage_taken":7,"max_hp_gain":0,"max_hp_loss":0,"event_name":"Golden Wing","floor":4,"gold_loss":0},{"damage_healed":0,"gold_gain":0,"player_choice":"Bought 2 Potions","damage_taken":0,"max_hp_gain":0,"max_hp_loss":0,"event_name":"The Woman in Blue","floor":5,"gold_loss":0},{"damage_healed":0,"gold_gain":0,"player_choice":"Ignored","damage_taken":0,"max_hp_gain":0,"max_hp_loss":0,"event_name":"N\u0027loth","floor":28,"gold_loss":0},{"damage_healed":0,"gold_gain":0,"player_choice":"0 cards matched","damage_taken":0,"max_hp_gain":0,"max_hp_loss":0,"event_name":"Match and Keep!","floor":36,"gold_loss":0,"cards_obtained":[]},{"damage_healed":0,"gold_gain":0,"player_choice":"Ignored","damage_taken":0,"max_hp_gain":0,"max_hp_loss":0,"event_name":"Tomb of Lord Red Mask","floor":38,"gold_loss":0},{"damage_healed":0,"gold_gain":0,"player_choice":"Fight","damage_taken":0,"max_hp_gain":0,"max_hp_loss":0,"event_name":"MindBloom","floor":45,"gold_loss":0}],"is_beta":false,"boss_relics":[{"not_picked":["Philosopher\u0027s Stone","White Beast Statue"],"picked":"Empty Cage"},{"not_picked":["Coffee Dripper","Astrolabe"],"picked":"Inserter"}],"items_purged_floors":[10,20,39],"is_endless":false,"potions_floor_spawned":[1,8,16,18,25,31,37,40,45,47],"killed_by":"The Heart","ascension_level":20}