{"gold_per_floor":[113,113,127,5,5,35,35,66,66,96,49,67,102,17,17,93,93,112,126,126,176,188,188,220,220,220,234,234,252,287,487,487,566,566,582,39,39,39,62,91,91,108,133,133,133,178,193,226,238,250,262,274,286,77,105,105],"floor_reached":57,"playtime":2618,"items_purged":["Strike_B","Strike_B"],"score":3444,"play_id":"94154758-858e-425e-8c25-47698cda6388","local_time":"20190424155440","is_ascension_mode":true,"campfire_choices":[{"data":"Darkness","floor":7,"key":"SMITH"},{"data":"Defragment","floor":15,"key":"SMITH"},{"data":"Fission","floor":23,"key":"SMITH"},{"data":"Loop","floor":25,"key":"SMITH"},{"floor":32,"key":"REST"},{"data":"Loop","floor":41,"key":"SMITH"},{"data":"Coolheaded","floor":45,"key":"SMITH"},{"floor":49,"key":"RECALL"},{"data":"Buffer","floor":53,"key":"SMITH"}],"neow_cost":"NONE","seed_source_timestamp":185369933534000,"circlet_count":0,"master_deck":["AscendersBane","Defend_B+1","Defend_B+1","Defend_B","Defend_B","Zap","Dualcast","Cold Snap","Darkness+1","Loop+1","Loop+1","Glacier","Fission+1","Turbo","Melter","Defragment+1","Electrodynamics","Coolheaded+1","Redo+1","Capacitor","Double Energy","Buffer+1","Biased Cognition","Coolheaded+1","Echo Form","Capacitor","Recycle+1","Loop+1","Echo Form","Reinforced Body"],"relics":["Cracked Core","NeowsBlessing","Question Card","DataDisk","Bag of Preparation","Gambling Chip","Bag of Marbles","Black Star","Omamori","Dead Branch","Smiling Mask","War Paint","Nuclear Battery","ClockworkSouvenir","Cables","Strawberry","Peace Pipe","Symbiotic Virus","Centennial Puzzle","Juzu Bracelet","Unceasing Top","MawBank","Bottled Lightning","Boot","Orichalcum"],"potions_floor_usage":[8,16,28,33,55,56],"damage_taken":[{"damage":0,"enemies":"Small Slimes","floor":1,"turns":1},{"damage":0,"enemies":"Cultist","floor":3,"turns":1},{"damage":0,"enemies":"Gremlin Nob","floor":6,"turns":1},{"damage":7,"enemies":"Lagavulin","floor":8,"turns":5},{"damage":23,"enemies":"Gremlin Nob","floor":10,"turns":6},{"damage":0,"enemies":"2 Louse","floor":12,"turns":2},{"damage":0,"enemies":"3 Sentries","floor":13,"turns":14},{"damage":0,"enemies":"Slime Boss","floor":16,"turns":6},{"damage":0,"enemies":"Chosen","floor":18,"turns":7},{"damage":0,"enemies":"Shell Parasite","floor":19,"turns":9},{"damage":0,"enemies":"Sentry and Sphere","floor":22,"turns":2},{"damage":6,"enemies":"Gremlin Leader","floor":24,"turns":7},{"damage":1,"enemies":"Snake Plant","floor":27,"turns":5},{"damage":0,"enemies":"Snecko","floor":29,"turns":7},{"damage":20,"enemies":"Book of Stabbing","floor":30,"turns":5},{"damage":0,"enemies":"Collector","floor":33,"turns":12},{"damage":0,"enemies":"3 Shapes","floor":35,"turns":2},{"damage":4,"enemies":"Giant Head","floor":40,"turns":6},{"damage":0,"enemies":"Orb Walker","floor":42,"turns":4},{"damage":22,"enemies":"2 Orb Walkers","floor":46,"turns":2},{"damage":0,"enemies":"Sphere and 2 Shapes","floor":47,"turns":2},{"damage":13,"enemies":"Reptomancer","floor":48,"turns":4},{"damage":5,"enemies":"Donu and Deca","floor":50,"turns":7},{"damage":0,"enemies":"Time Eater","floor":51,"turns":11},{"damage":0,"enemies":"Shield and Spear","floor":55,"turns":9},{"damage":21,"enemies":"The Heart","floor":56,"turns":11}],"seed_played":"1379727149283854004","potions_obtained":[{"floor":3,"key":"GamblersBrew"},{"floor":8,"key":"Dexterity Potion"},{"floor":10,"key":"Block Potion"},{"floor":19,"key":"Block Potion"},{"floor":28,"key":"Fruit Juice"},{"floor":28,"key":"PowerPotion"},{"floor":35,"key":"EssenceOfSteel"},{"floor":47,"key":"FocusPotion"}],"is_trial":false,"path_per_floor":["M","?","M","$","?","E","R","E","T","E","?","M","E","$","R","B",null,"M","M","?","?","M","R","E","R","T","M","?","M","E","?","R","B",null,"M","$","?","$","T","E","R","M","T","T","R","?","M","E","R","B","B",null,"R","$","E","B",null],"character_chosen":"DEFECT","items_purchased":["Darkness","Loop","Defragment","ClockworkSouvenir","Cables","Echo Form"],"campfire_rested":1,"item_purchase_floors":[4,4,14,36,36,54],"current_hp_per_floor":[64,64,64,64,53,53,53,46,46,23,23,23,23,23,23,23,59,59,59,59,59,59,59,53,53,53,52,57,57,37,37,59,59,72,72,72,72,72,79,75,75,75,75,75,75,53,53,40,40,35,35,71,71,71,71,50],"gold":105,"neow_bonus":"THREE_ENEMY_KILL","is_prod":false,"is_daily":false,"chose_seed":false,"campfire_upgraded":7,"win_rate":0,"timestamp":1556088880,"path_taken":["M","?","M","?","?","E","R","E","T","E","?","?","E","?","R","BOSS","M","?","?","?","M","R","E","R","T","M","?","?","E","?","R","BOSS","M","?","?","$","?","E","R","M","T","?","R","?","M","E","R","BOSS","BOSS","R","$","E","BOSS"],"build_version":"2019-01-23","purchased_purges":2,"victory":true,"max_hp_per_floor":[71,71,71,71,71,71,71,71,71,71,71,71,71,71,71,71,71,71,71,71,71,71,71,71,71,71,71,76,76,76,76,76,76,76,76,76,76,76,83,83,83,83,83,83,83,83,83,83,83,83,83,83,83,83,83,83],"card_choices":[{"not_picked":["Redo","Ball Lightning"],"picked":"Cold Snap","floor":1},{"not_picked":["Hello World","Go for the Eyes","Stack"],"picked":"SKIP","floor":3},{"not_picked":["Chaos","Steam","Hologram"],"picked":"Loop","floor":6},{"not_picked":["Consume","Static Discharge","Scrape"],"picked":"Glacier","floor":8},{"not_picked":["Go for the Eyes","Storm","Leap"],"picked":"Fission","floor":10},{"not_picked":["Loop","Barrage","Lockon"],"picked":"Turbo","floor":12},{"not_picked":["Force Field","Barrage","Stack"],"picked":"Melter","floor":13},{"not_picked":["Buffer","Creative AI","All For One"],"picked":"Electrodynamics","floor":16},{"not_picked":["Redo","Aggregate","Sweeping Beam"],"picked":"Coolheaded+1","floor":18},{"not_picked":["Skim","Compile Driver","Leap","Hello World"],"picked":"SKIP","floor":19},{"not_picked":["Stack","Barrage","Consume"],"picked":"Redo+1","floor":22},{"not_picked":["Reinforced Body","Rainbow","Rebound"],"picked":"Capacitor","floor":24},{"not_picked":["Cold Snap","Heatsinks","Beam Cell+1","Compile Driver"],"picked":"SKIP","floor":27},{"not_picked":["Coolheaded","Sweeping Beam","Redo+1"],"picked":"Double Energy","floor":29},{"not_picked":["Ball Lightning","Compile Driver","Go for the Eyes+1"],"picked":"Buffer","floor":30},{"not_picked":["Thunder Strike","Buffer","Reboot"],"picked":"Biased Cognition","floor":33},{"not_picked":["Turbo","Reinforced Body","Conserve Battery"],"picked":"Coolheaded","floor":35},{"not_picked":["Stack","Loop","Darkness"],"picked":"Echo Form","floor":40},{"not_picked":["Glacier+1","White Noise+1","Leap"],"picked":"Capacitor","floor":42},{"not_picked":["Lockon","Barrage","Cold Snap"],"picked":"Recycle+1","floor":46},{"not_picked":["Gash","Coolheaded","Compile Driver"],"picked":"Loop+1","floor":47},{"not_picked":["Melter","Hello World","Storm","Sweeping Beam"],"picked":"SKIP","floor":48},{"not_picked":["Redo","Reinforced Body","Heatsinks","Thunder Strike"],"picked":"SKIP","floor":55},{"not_picked":["Redo","Reinforced Body","Heatsinks","Thunder Strike"],"picked":"SKIP","floor":55},{"not_picked":["Redo","Heatsinks","Thunder Strike"],"picked":"Reinforced Body","floor":55}],"player_experience":3341383,"relics_obtained":[{"floor":6,"key":"DataDisk"},{"floor":9,"key":"Bag of Preparation"},{"floor":10,"key":"Gambling Chip"},{"floor":13,"key":"Bag of Marbles"},{"floor":24,"key":"Omamori"},{"floor":24,"key":"Dead Branch"},{"floor":30,"key":"Smiling Mask"},{"floor":30,"key":"War Paint"},{"floor":39,"key":"Strawberry"},{"floor":40,"key":"Peace Pipe"},{"floor":40,"key":"Symbiotic Virus"},{"floor":43,"key":"Centennial Puzzle"},{"floor":44,"key":"Juzu Bracelet"},{"floor":46,"key":"Unceasing Top"},{"floor":48,"key":"MawBank"},{"floor":48,"key":"Bottled Lightning"},{"floor":55,"key":"Boot"},{"floor":55,"key":"Orichalcum"}],"event_choices":[{"cards_removed":["Strike_B"],"damage_healed":0,"gold_gain":0,"player_choice":"Purged","damage_taken":0,"max_hp_gain":0,"max_hp_loss":0,"event_name":"Purifier","floor":2,"gold_loss":0},{"damage_healed":0,"gold_gain":0,"player_choice":"Success","damage_taken":11,"relics_obtained":["Question Card"],"max_hp_gain":0,"max_hp_loss":0,"event_name":"Scrap Ooze","floor":5,"gold_loss":0},{"damage_healed":0,"gold_gain":0,"player_choice":"Left Gold","damage_taken":0,"max_hp_gain":0,"max_hp_loss":0,"event_name":"World of Goop","floor":11,"gold_loss":47},{"damage_healed":0,"gold_gain":0,"player_choice":"Ignored","damage_taken":0,"max_hp_gain":0,"max_hp_loss":0,"event_name":"Vampires","floor":20,"gold_loss":0},{"damage_healed":0,"gold_gain":50,"player_choice":"Stole From Cult","damage_taken":0,"max_hp_gain":0,"max_hp_loss":0,"event_name":"Nest","floor":21,"gold_loss":0},{"damage_healed":0,"gold_gain":0,"player_choice":"Got Potions","damage_taken":0,"max_hp_gain":0,"max_hp_loss":0,"event_name":"Lab","floor":28,"gold_loss":0},{"damage_healed":0,"gold_gain":250,"player_choice":"Bet on Owner","damage_taken":0,"max_hp_gain":0,"max_hp_loss":0,"event_name":"The Joust","floor":31,"gold_loss":50},{"cards_removed":["Strike_B"],"damage_healed":0,"gold_gain":0,"player_choice":"Removed Attack","damage_taken":0,"max_hp_gain":0,"max_hp_loss":0,"event_name":"Falling","floor":37,"gold_loss":0},{"damage_healed":0,"gold_gain":0,"player_choice":"Fight","damage_taken":0,"max_hp_gain":0,"max_hp_loss":0,"event_name":"Mysterious Sphere","floor":46,"gold_loss":0}],"is_beta":false,"boss_relics":[{"not_picked":["Cursed Key","Orrery"],"picked":"Black Star"},{"not_picked":["Pandora\u0027s Box","Tiny House"],"picked":"Nuclear Battery"}],"items_purged_floors":[36,54],"is_endless":false,"potions_floor_spawned":[3,8,10,12,19,22,30,35,42,47,48],"ascension_level":20}