{"gold_per_floor":[109,120,195,219,219,219,232,232,256,271,311,311,311,335,335,335],"floor_reached":16,"playtime":345,"items_purged":[],"score":200,"play_id":"7e487a54-c7b9-4832-a205-a895d38fa32e","local_time":"20190425204140","is_ascension_mode":true,"campfire_choices":[{"data":"Bash","floor":6,"key":"SMITH"},{"data":"True Grit","floor":12,"key":"SMITH"},{"data":"Inflame","floor":15,"key":"SMITH"}],"neow_cost":"CURSE","seed_source_timestamp":291270446756600,"circlet_count":0,"master_deck":["AscendersBane","Strike_R","Strike_R","Strike_R+1","Strike_R+1","Strike_R","Defend_R","Defend_R","Defend_R","Defend_R","Bash+1","True Grit+1","Inflame+1","Second Wind","Battle Trance","Disarm","Havoc"],"relics":["Burning Blood","Charon\u0027s Ashes","Golden Idol","Orichalcum","Prayer Wheel"],"potions_floor_usage":[10,10,16],"damage_taken":[{"damage":6,"enemies":"Cultist","floor":1,"turns":3},{"damage":10,"enemies":"Jaw Worm","floor":2,"turns":4},{"damage":5,"enemies":"Small Slimes","floor":7,"turns":3},{"damage":11,"enemies":"Exordium Wildlife","floor":10,"turns":6},{"damage":12,"enemies":"3 Sentries","floor":11,"turns":5},{"damage":0,"enemies":"Looter","floor":14,"turns":2},{"damage":30,"enemies":"Slime Boss","floor":16,"turns":7}],"seed_played":"7483240256309008664","potions_obtained":[{"floor":1,"key":"Regen Potion"},{"floor":2,"key":"Regen Potion"},{"floor":10,"key":"FearPotion"},{"floor":11,"key":"LiquidBronze"}],"is_trial":false,"path_per_floor":["M","M","?","T","?","R","M","?","T","M","E","R","?","M","R","B"],"character_chosen":"IRONCLAD","items_purchased":[],"campfire_rested":0,"item_purchase_floors":[],"current_hp_per_floor":[68,64,53,53,30,30,31,5,5,34,28,28,28,34,34,4],"gold":335,"neow_bonus":"ONE_RARE_RELIC","is_prod":false,"is_daily":false,"chose_seed":false,"campfire_upgraded":3,"win_rate":0,"timestamp":1556192500,"path_taken":["M","M","?","?","?","R","M","?","T","?","E","R","?","M","R","BOSS"],"build_version":"2019-01-23","purchased_purges":0,"victory":false,"max_hp_per_floor":[75,75,75,75,75,75,75,75,75,75,75,75,75,75,75,75],"card_choices":[{"not_picked":["Disarm","Shrug It Off"],"picked":"True Grit","floor":1},{"not_picked":["Metallicize","Perfected Strike"],"picked":"Inflame","floor":2},{"not_picked":["Havoc","Ghostly Armor"],"picked":"Second Wind","floor":7},{"not_picked":["Pummel","Inflame"],"picked":"Battle Trance","floor":10},{"not_picked":["Hemokinesis","Power Through"],"picked":"Disarm","floor":11},{"not_picked":["Metallicize","Dropkick"],"picked":"Havoc","floor":14},{"not_picked":["Headbutt","Fire Breathing","Clothesline"],"picked":"SKIP","floor":14}],"player_experience":3378346,"relics_obtained":[{"floor":9,"key":"Orichalcum"},{"floor":11,"key":"Prayer Wheel"}],"event_choices":[{"damage_healed":0,"gold_gain":75,"player_choice":"Gather Gold","damage_taken":11,"max_hp_gain":0,"max_hp_loss":0,"event_name":"World of Goop","floor":3,"gold_loss":0},{"damage_healed":0,"gold_gain":0,"player_choice":"Entered Light","damage_taken":23,"max_hp_gain":0,"max_hp_loss":0,"event_name":"Shining Light","floor":5,"gold_loss":0,"cards_upgraded":["Strike_R","Strike_R"]},{"damage_healed":0,"gold_gain":0,"player_choice":"Take Damage","damage_taken":26,"relics_obtained":["Golden Idol"],"max_hp_gain":0,"max_hp_loss":0,"event_name":"Golden Idol","floor":8,"gold_loss":0},{"cards_removed":["Injury"],"damage_healed":0,"gold_gain":0,"player_choice":"Removed Curses","damage_taken":0,"max_hp_gain":0,"max_hp_loss":0,"event_name":"Fountain of Cleansing","floor":13,"gold_loss":0}],"is_beta":false,"boss_relics":[],"items_purged_floors":[],"is_endless":false,"potions_floor_spawned":[1,2,10,11],"killed_by":"Slime Boss","ascension_level":20}