{"gold_per_floor":[122,99,125,147,189,201,228,240,278,320,342,354,384,414,426,514,526,551,573,585,111,128,128,163,163,213,263,95,109,129,148,148,226,226,245,245,259,276,1275,1275,1275,1275,1275,556,566,589,32,46,46,46],"floor_reached":50,"playtime":2543,"items_purged":["Shame","Normality","Normality"],"score":959,"play_id":"d60c1f62-8696-4c0d-b05a-9acd43c1cf2a","local_time":"20190423205030","is_ascension_mode":true,"campfire_choices":[{"floor":6.0,"key":"REST"},{"data":"Storm","floor":8.0,"key":"SMITH"},{"floor":12.0,"key":"REST"},{"floor":15.0,"key":"REST"},{"floor":23.0,"key":"REST"},{"floor":25.0,"key":"REST"},{"data":"Creative AI","floor":32.0,"key":"SMITH"},{"floor":40.0,"key":"REST"},{"data":"Fission","floor":42.0,"key":"SMITH"},{"data":"Seek","floor":49.0,"key":"SMITH"}],"neow_cost":"NONE","seed_source_timestamp":1042732745277597,"circlet_count":0,"master_deck":["AscendersBane","Strike_B","Strike_B","Strike_B","Strike_B","Defend_B","Defend_B","Defend_B","Defend_B","Zap","Dualcast","Defragment","Storm+1","Sunder","Capacitor","White Noise","Ball Lightning","Ball Lightning","Creative AI+1","Core Surge","Coolheaded+1","Defragment","Static Discharge","Redo","Glacier+1","Defragment","Heatsinks","Loop","Ball Lightning","White Noise","Fission+1","Capacitor","Storm+1","Loop","Loop","Chrysalis","Heatsinks","Seek+1"],"special_seed":0,"relics":["Cracked Core","MawBank","Tiny Chest","Anchor","Juzu Bracelet","Eternal Feather","DataDisk","Toy Ornithopter","Happy Flower","PreservedInsect","Nuclear Battery","Bronze Scales","Lantern","Strawberry","Runic Capacitor","Blood Vial"],"potions_floor_usage":[50,50],"damage_taken":[{"damage":4.0,"enemies":"Small Slimes","floor":1.0,"turns":3.0},{"damage":6.0,"enemies":"2 Louse","floor":3.0,"turns":4.0},{"damage":7.0,"enemies":"Jaw Worm","floor":4.0,"turns":4.0},{"damage":0.0,"enemies":"3 Louse","floor":7.0,"turns":1.0},{"damage":39.0,"enemies":"Gremlin Nob","floor":10.0,"turns":4.0},{"damage":3.0,"enemies":"Large Slime","floor":11.0,"turns":3.0},{"damage":1.0,"enemies":"Looter","floor":13.0,"turns":2.0},{"damage":0.0,"enemies":"Lots of Slimes","floor":14.0,"turns":4.0},{"damage":41.0,"enemies":"Hexaghost","floor":16.0,"turns":7.0},{"damage":7.0,"enemies":"Chosen","floor":18.0,"turns":3.0},{"damage":35.0,"enemies":"3 Byrds","floor":19.0,"turns":4.0},{"damage":0.0,"enemies":"Centurion and Healer","floor":22.0,"turns":2.0},{"damage":36.0,"enemies":"Slavers","floor":24.0,"turns":5.0},{"damage":12.0,"enemies":"Sentry and Sphere","floor":29.0,"turns":4.0},{"damage":2.0,"enemies":"Cultist and Chosen","floor":30.0,"turns":4.0},{"damage":0.0,"enemies":"Centurion and Healer","floor":31.0,"turns":6.0},{"damage":67.0,"enemies":"Collector","floor":33.0,"turns":8.0},{"damage":0.0,"enemies":"3 Shapes","floor":35.0,"turns":2.0},{"damage":12.0,"enemies":"Orb Walker","floor":37.0,"turns":3.0},{"damage":31.0,"enemies":"Jaw Worm Horde","floor":38.0,"turns":3.0},{"damage":27.0,"enemies":"3 Darklings","floor":45.0,"turns":4.0},{"damage":0.0,"enemies":"Transient","floor":48.0,"turns":6.0},{"damage":97,"enemies":"Awakened One","floor":50,"turns":3}],"seed_played":"-5756075710792115774","potions_obtained":[{"floor":1.0,"key":"AttackPotion"},{"floor":3.0,"key":"Strength Potion"},{"floor":4.0,"key":"Fire Potion"},{"floor":11.0,"key":"Fire Potion"},{"floor":13.0,"key":"FocusPotion"},{"floor":19.0,"key":"PowerPotion"},{"floor":24.0,"key":"SkillPotion"},{"floor":29.0,"key":"Explosive Potion"},{"floor":31.0,"key":"SkillPotion"},{"floor":33.0,"key":"Fire Potion"},{"floor":37.0,"key":"Ancient Potion"}],"is_trial":false,"path_per_floor":["M","?","M","M","?","R","M","R","T","E","M","R","M","M","R","B",null,"M","M","?","$","M","R","E","R","T","?","$","M","M","M","R","B",null,"M","?","M","M","?","R","?","R","T","$","M","T","$","M","R","B"],"character_chosen":"DEFECT","items_purchased":["SpeedPotion","Static Discharge","Redo","Toy Ornithopter","FocusPotion","Heatsinks","Loop","Lantern","Strawberry","Runic Capacitor","Fruit Juice","Chrysalis","Weak Potion","Heatsinks"],"campfire_rested":6,"item_purchase_floors":[21,21,21,21,28,28,44,44,44,44,47,47,47,47],"current_hp_per_floor":[60,71,65,58,47,68,68,68,68,29,26,47,46,46,67,26,60,53,18,18,18,23,59,28,64,64,64,64,57,55,60,71,4,54,59,59,47,21,21,63,63,71,71,78,51,51,61,63,83,0],"gold":46,"neow_bonus":"RANDOM_COMMON_RELIC","is_prod":false,"is_daily":false,"chose_seed":false,"campfire_upgraded":4,"win_rate":0,"timestamp":1556041830,"path_taken":["M","?","M","M","?","R","M","R","T","E","M","R","M","M","R","BOSS","M","M","?","$","M","R","E","R","T","?","$","M","M","M","R","BOSS","M","?","M","M","?","R","?","R","T","$","M","?","$","M","R","BOSS"],"build_version":"2019-01-23","purchased_purges":3,"victory":false,"max_hp_per_floor":[71,71,71,71,71,71,71,71,71,71,71,71,71,71,71,71,71,71,71,71,71,71,71,71,71,71,71,71,71,71,71,71,71,71,71,71,71,71,71,71,71,71,71,78,78,78,83,83,83,83],"card_choices":[{"not_picked":["Chaos","Force Field"],"picked":"Defragment","floor":1.0},{"not_picked":["Steam","Beam Cell"],"picked":"Storm","floor":3.0},{"not_picked":["Doom and Gloom","Compile Driver"],"picked":"Sunder","floor":4.0},{"not_picked":["Doom and Gloom","Leap"],"picked":"Capacitor","floor":7.0},{"not_picked":["Reprogram","Conserve Battery"],"picked":"White Noise","floor":10.0},{"not_picked":["Aggregate","Consume"],"picked":"Ball Lightning","floor":11.0},{"not_picked":["Hologram","Gash"],"picked":"Ball Lightning","floor":13.0},{"not_picked":["Skim","Ball Lightning"],"picked":"Creative AI","floor":14.0},{"not_picked":["Hyperbeam","All For One"],"picked":"Core Surge","floor":16.0},{"not_picked":["Rip and Tear","Hologram"],"picked":"Coolheaded+1","floor":18.0},{"not_picked":["Coolheaded","Static Discharge"],"picked":"Defragment","floor":19.0},{"not_picked":["Conserve Battery","Cold Snap"],"picked":"Glacier+1","floor":22.0},{"not_picked":["Leap","FTL+1"],"picked":"Defragment","floor":24.0},{"not_picked":["Gash","Compile Driver"],"picked":"Loop","floor":29.0},{"not_picked":["Turbo","Compile Driver"],"picked":"Ball Lightning","floor":30.0},{"not_picked":["Leap","Cold Snap"],"picked":"White Noise","floor":31.0},{"not_picked":["Hyperbeam","Amplify"],"picked":"Fission","floor":33.0},{"not_picked":["Recycle","Fusion"],"picked":"Sweeping Beam","floor":35.0},{"not_picked":["Compile Driver+1","Stack"],"picked":"Capacitor","floor":37.0},{"not_picked":["Blizzard","Steam+1"],"picked":"Storm+1","floor":38.0},{"not_picked":["Gash","BootSequence"],"picked":"Loop","floor":45.0},{"not_picked":["Aggregate","Steam"],"picked":"Seek","floor":48.0}],"player_experience":1234645,"relics_obtained":[{"floor":9.0,"key":"Anchor"},{"floor":10.0,"key":"Juzu Bracelet"},{"floor":24.0,"key":"Happy Flower"},{"floor":26.0,"key":"PreservedInsect"},{"floor":43.0,"key":"Bronze Scales"},{"floor":46.0,"key":"Blood Vial"}],"event_choices":[{"damage_healed":17.0,"max_hp_gain":0.0,"max_hp_loss":0.0,"gold_gain":0.0,"event_name":"The Cleric","player_choice":"Healed","floor":2.0,"gold_loss":35.0,"damage_taken":0.0},{"damage_healed":0.0,"max_hp_gain":0.0,"max_hp_loss":0.0,"gold_gain":0.0,"event_name":"Scrap Ooze","player_choice":"Success","floor":5.0,"gold_loss":0.0,"damage_taken":11.0,"relics_obtained":["Tiny Chest"]},{"damage_healed":0.0,"max_hp_gain":0.0,"max_hp_loss":0.0,"gold_gain":0.0,"event_name":"Addict","player_choice":"Stole Relic","floor":20.0,"gold_loss":0.0,"damage_taken":0.0,"relics_obtained":["DataDisk"],"cards_obtained":["Shame"]},{"damage_healed":0.0,"max_hp_gain":0.0,"max_hp_loss":0.0,"gold_gain":50.0,"event_name":"Nest","player_choice":"Stole From Cult","floor":27.0,"gold_loss":0.0,"damage_taken":0.0},{"cards_removed":["Sweeping Beam"],"damage_healed":0.0,"max_hp_gain":0.0,"max_hp_loss":0.0,"gold_gain":0.0,"event_name":"Falling","player_choice":"Removed Attack","floor":36.0,"gold_loss":0.0,"damage_taken":0.0},{"damage_healed":0.0,"max_hp_gain":0.0,"max_hp_loss":0.0,"gold_gain":999.0,"event_name":"MindBloom","player_choice":"Gold","floor":39.0,"gold_loss":0.0,"damage_taken":0.0,"cards_obtained":["Normality","Normality"]},{"damage_healed":0.0,"max_hp_gain":0.0,"max_hp_loss":0.0,"gold_gain":0.0,"event_name":"Mysterious Sphere","player_choice":"Ignored","floor":41.0,"gold_loss":0.0,"damage_taken":0.0}],"is_beta":false,"boss_relics":[{"not_picked":["Empty Cage","FrozenCore"],"picked":"Eternal Feather"},{"not_picked":["Sozu","Black Star"],"picked":"Nuclear Battery"}],"items_purged_floors":[21,44,47],"is_endless":false,"potions_floor_spawned":[1,3,4,11,13,19,24,29,31,33,37,48],"killed_by":"Awakened One","ascension_level":19}