{"gold_per_floor":[115,115,126,126,46,76,76,76,76,20,48,68,102,112,112,191,191,211,211,238,238,252,252,262,177,247,257,257,257,51,84,84,159,159,175,175,46,66,86,86,96,130,130,130,143,168,168,89,89,89,89,89,89,30,55,55],"floor_reached":57,"playtime":1850,"items_purged":["Decay"],"score":3042,"play_id":"241dc5e3-8f57-416e-951e-f8ee4ab8b4c1","local_time":"20190408131807","is_ascension_mode":true,"campfire_choices":[{"data":"Armaments","floor":7,"key":"SMITH"},{"data":"Disarm","floor":15,"key":"SMITH"},{"data":"Body Slam","floor":23,"key":"SMITH"},{"data":"Feel No Pain","floor":28,"key":"SMITH"},{"data":"Juggernaut","floor":32,"key":"SMITH"},{"data":"Feel No Pain","floor":40,"key":"SMITH"},{"floor":44,"key":"RECALL"},{"data":"Offering","floor":49,"key":"SMITH"},{"data":"Shrug It Off","floor":53,"key":"SMITH"}],"neow_cost":"NONE","seed_source_timestamp":125759550087600,"circlet_count":0,"master_deck":["AscendersBane","Strike_R","Strike_R","Defend_R","Defend_R","Defend_R","Defend_R","Bash+1","Corruption","Feel No Pain+1","Armaments+1","Offering+1","Disarm+1","Feed+1","Body Slam+1","Battle Trance","Juggernaut+1","Bandage Up","Seeing Red","Barricade","Burning Pact","Feel No Pain+1","Shrug It Off+1","Ghostly Armor","Exhume","Spot Weakness","Flame Barrier","Armaments","Flame Barrier"],"relics":["Burning Blood","NeowsBlessing","Dream Catcher","Thread and Needle","Bird Faced Urn","Turnip","Singing Bowl","Vajra","Coffee Dripper","Red Mask","Bag of Marbles","Shuriken","Strawberry","Snecko Eye","StoneCalendar","Boot","Whetstone"],"potions_floor_usage":[11,13,16,20,27,33,56,56],"damage_taken":[{"damage":0,"enemies":"Small Slimes","floor":1,"turns":1},{"damage":0,"enemies":"Cultist","floor":3,"turns":1},{"damage":0,"enemies":"Lagavulin","floor":6,"turns":1},{"damage":12,"enemies":"3 Sentries","floor":11,"turns":13},{"damage":6,"enemies":"Jaw Worm","floor":12,"turns":5},{"damage":46,"enemies":"Gremlin Nob","floor":13,"turns":5},{"damage":10,"enemies":"3 Louse","floor":14,"turns":3},{"damage":26,"enemies":"Hexaghost","floor":16,"turns":10},{"damage":16,"enemies":"Chosen","floor":18,"turns":7},{"damage":20,"enemies":"Masked Bandits","floor":20,"turns":6},{"damage":19,"enemies":"Spheric Guardian","floor":22,"turns":6},{"damage":24,"enemies":"3 Cultists","floor":24,"turns":6},{"damage":15,"enemies":"Centurion and Healer","floor":27,"turns":5},{"damage":6,"enemies":"Book of Stabbing","floor":31,"turns":5},{"damage":43,"enemies":"Collector","floor":33,"turns":8},{"damage":3,"enemies":"Orb Walker","floor":35,"turns":3},{"damage":6,"enemies":"3 Darklings","floor":38,"turns":3},{"damage":0,"enemies":"Writhing Mass","floor":39,"turns":4},{"damage":8,"enemies":"4 Shapes","floor":41,"turns":3},{"damage":6,"enemies":"Giant Head","floor":42,"turns":5},{"damage":6,"enemies":"3 Darklings","floor":45,"turns":4},{"damage":6,"enemies":"Nemesis","floor":46,"turns":7},{"damage":6,"enemies":"Donu and Deca","floor":50,"turns":6},{"damage":14,"enemies":"Awakened One","floor":51,"turns":6},{"damage":51,"enemies":"Shield and Spear","floor":55,"turns":8},{"damage":71,"enemies":"The Heart","floor":56,"turns":8}],"seed_played":"-922227678595339330","potions_obtained":[{"floor":3,"key":"EssenceOfSteel"},{"floor":6,"key":"Explosive Potion"},{"floor":12,"key":"PowerPotion"},{"floor":18,"key":"Strength Potion"},{"floor":22,"key":"Ancient Potion"},{"floor":24,"key":"Dexterity Potion"},{"floor":35,"key":"AttackPotion"},{"floor":36,"key":"SpeedPotion"},{"floor":38,"key":"PowerPotion"}],"is_trial":false,"path_per_floor":["M","?","M","?","$","E","R","?","T","$","E","M","E","M","R","B",null,"M","?","?","?","M","R","M","?","T","M","R","?","$","E","R","B",null,"M","?","$","M","M","R","M","E","T","R","M","E","?","$","R","B","B",null,"R","$","E","B",null],"character_chosen":"IRONCLAD","items_purchased":["Feel No Pain","PowerPotion","Bandage Up","Seeing Red","Feel No Pain","Shrug It Off","Ancient Potion","Armaments"],"campfire_rested":0,"item_purchase_floors":[5,10,30,30,37,37,48,54],"current_hp_per_floor":[74,74,75,68,68,74,74,69,69,69,67,73,39,39,39,25,66,62,62,57,57,51,51,37,37,37,37,37,37,37,56,56,29,85,98,98,98,107,109,109,115,117,117,117,121,121,121,121,121,124,124,127,127,127,93,42],"gold":55,"neow_bonus":"THREE_ENEMY_KILL","is_prod":false,"is_daily":false,"chose_seed":false,"campfire_upgraded":8,"win_rate":0,"timestamp":1554697087,"path_taken":["M","?","?","?","$","E","R","?","T","?","E","M","E","M","R","BOSS","M","?","?","?","?","R","M","?","T","M","R","?","$","E","R","BOSS","M","?","$","?","M","R","M","E","T","R","M","E","?","$","R","BOSS","BOSS","R","$","E","BOSS"],"build_version":"2019-01-23","purchased_purges":1,"victory":true,"max_hp_per_floor":[75,75,75,75,75,75,75,75,75,75,75,77,79,79,79,79,79,81,81,86,86,89,89,89,89,89,94,94,94,94,103,103,103,103,103,103,103,107,109,109,115,117,117,117,121,121,121,121,121,124,128,128,128,128,128,128],"card_choices":[{"not_picked":["Pommel Strike","Clash"],"picked":"True Grit","floor":1},{"not_picked":["Intimidate","Anger"],"picked":"Corruption","floor":3},{"not_picked":["Sword Boomerang","Sever Soul"],"picked":"Armaments","floor":6},{"not_picked":["Anger","Warcry"],"picked":"Offering","floor":11},{"not_picked":["Wild Strike","Twin Strike","Perfected Strike"],"picked":"Singing Bowl","floor":12},{"not_picked":["Clash","Searing Blow","Thunderclap"],"picked":"Singing Bowl","floor":13},{"not_picked":["Feel No Pain","Hemokinesis"],"picked":"Disarm","floor":14},{"not_picked":["Exhume","Brutality"],"picked":"Feed","floor":16},{"not_picked":["Pommel Strike","Fire Breathing+1","Headbutt"],"picked":"Singing Bowl","floor":18},{"not_picked":["Sever Soul","Clash","Anger"],"picked":"Singing Bowl","floor":20},{"not_picked":["Twin Strike","Disarm"],"picked":"Body Slam","floor":22},{"not_picked":["Wild Strike","Warcry"],"picked":"Battle Trance","floor":24},{"not_picked":["Warcry","Thunderclap","Heavy Blade"],"picked":"Singing Bowl","floor":27},{"not_picked":["Sever Soul","Bludgeon","Rupture"],"picked":"Singing Bowl","floor":31},{"not_picked":["Reaper","Double Tap"],"picked":"Barricade","floor":33},{"not_picked":["Perfected Strike","Flex"],"picked":"Burning Pact","floor":35},{"not_picked":["Iron Wave","Inflame"],"picked":"Ghostly Armor","floor":38},{"not_picked":["Rampage","Cleave+1","Searing Blow"],"picked":"Singing Bowl","floor":39},{"not_picked":["Havoc+1","Rampage","Twin Strike"],"picked":"Singing Bowl","floor":41},{"not_picked":["Iron Wave","Pommel Strike","Anger"],"picked":"Singing Bowl","floor":42},{"not_picked":["Heavy Blade+1","Body Slam"],"picked":"Exhume","floor":45},{"not_picked":["Uppercut","True Grit"],"picked":"Spot Weakness","floor":46},{"not_picked":["Rampage","Thunderclap"],"picked":"Flame Barrier","floor":55}],"player_experience":2972888,"relics_obtained":[{"floor":6,"key":"Thread and Needle"},{"floor":9,"key":"Turnip"},{"floor":11,"key":"Singing Bowl"},{"floor":13,"key":"Vajra"},{"floor":20,"key":"Red Mask"},{"floor":26,"key":"Shuriken"},{"floor":31,"key":"Strawberry"},{"floor":42,"key":"StoneCalendar"},{"floor":46,"key":"Boot"},{"floor":55,"key":"Whetstone"}],"event_choices":[{"cards_removed":["True Grit"],"damage_healed":0,"gold_gain":0,"player_choice":"Gave Card","damage_taken":0,"relics_obtained":["Dream Catcher"],"max_hp_gain":0,"max_hp_loss":0,"event_name":"WeMeetAgain","floor":2,"gold_loss":0},{"cards_removed":["Strike_R"],"damage_healed":0,"gold_gain":0,"player_choice":"Card Removal","damage_taken":7,"max_hp_gain":0,"max_hp_loss":0,"event_name":"Golden Wing","floor":4,"gold_loss":0},{"damage_healed":0,"gold_gain":0,"player_choice":"Success","damage_taken":5,"relics_obtained":["Bird Faced Urn"],"max_hp_gain":0,"max_hp_loss":0,"event_name":"Scrap Ooze","floor":8,"gold_loss":0},{"cards_removed":["Strike_R"],"damage_healed":0,"gold_gain":0,"player_choice":"Elegance","damage_taken":0,"max_hp_gain":0,"max_hp_loss":0,"event_name":"Back to Basics","floor":19,"gold_loss":0},{"damage_healed":0,"gold_gain":0,"player_choice":"Fought Bandits","damage_taken":0,"max_hp_gain":0,"max_hp_loss":0,"event_name":"Masked Bandits","floor":20,"gold_loss":0},{"damage_healed":0,"gold_gain":0,"player_choice":"Cursed","damage_taken":0,"max_hp_gain":0,"max_hp_loss":0,"event_name":"Wheel of Change","floor":21,"gold_loss":0,"cards_obtained":["Decay"]},{"damage_healed":0,"gold_gain":0,"player_choice":"Obtained Relic","damage_taken":0,"relics_obtained":["Bag of Marbles"],"max_hp_gain":0,"max_hp_loss":0,"event_name":"Addict","floor":25,"gold_loss":85},{"damage_healed":0,"gold_gain":0,"player_choice":"Read","damage_taken":0,"max_hp_gain":0,"max_hp_loss":0,"event_name":"The Library","floor":29,"gold_loss":0,"cards_obtained":["Juggernaut"]},{"damage_healed":0,"gold_gain":0,"player_choice":"Got Potions","damage_taken":0,"max_hp_gain":0,"max_hp_loss":0,"event_name":"Lab","floor":36,"gold_loss":0},{"damage_healed":0,"gold_gain":0,"cards_transformed":["Strike_R"],"player_choice":"Transformed","damage_taken":0,"max_hp_gain":0,"max_hp_loss":0,"event_name":"Transmorgrifier","floor":47,"gold_loss":0,"cards_obtained":["Flame Barrier"]}],"is_beta":false,"boss_relics":[{"not_picked":["Runic Pyramid","Fusion Hammer"],"picked":"Coffee Dripper"},{"not_picked":["Runic Dome","White Beast Statue"],"picked":"Snecko Eye"}],"items_purged_floors":[30],"is_endless":false,"potions_floor_spawned":[3,6,12,18,22,24,35,38,42,46],"ascension_level":20}