{"gold_per_floor":[109,109,36,51,51,51,71,71,71,71,0,0,29,39,39,138,138,156,168,168,182,4,4,17,17,40,40,50,50,64,77,77,77],"floor_reached":33,"playtime":1218,"items_purged":["Defend_B"],"score":259,"play_id":"f2155ce0-f3cd-44f0-8a9e-bb8980d6b2a5","local_time":"20181208223357","is_ascension_mode":true,"campfire_choices":[{"floor":6,"key":"REST"},{"data":"Zap","floor":8,"key":"SMITH"},{"data":"Conserve Battery","floor":10,"key":"SMITH"},{"data":"Dualcast","floor":12,"key":"SMITH"},{"floor":15,"key":"REST"},{"floor":27,"key":"REST"},{"floor":29,"key":"REST"},{"floor":32,"key":"REST"}],"neow_cost":"NONE","seed_source_timestamp":366511261303597,"circlet_count":0,"master_deck":["Strike_B","Strike_B","Strike_B","Defend_B","Defend_B","Defend_B","Zap+1","Dualcast+1","Sweeping Beam","Loop","Steam","Conserve Battery+1","Ball Lightning","Coolheaded","Rebound","Cold Snap","Buffer","Stack","Hologram","Defragment","Go for the Eyes","Skim","Steam Power","Fusion","Gash","Cold Snap"],"relics":["Cracked Core","Blood Vial","Blue Candle","Orichalcum","Eternal Feather","Juzu Bracelet"],"potions_floor_usage":[30,30,33],"damage_taken":[{"damage":7,"enemies":"2 Louse","floor":1,"turns":3},{"damage":10,"enemies":"Small Slimes","floor":4,"turns":2},{"damage":6,"enemies":"Jaw Worm","floor":7,"turns":3},{"damage":6,"enemies":"3 Sentries","floor":13,"turns":8},{"damage":0,"enemies":"Gremlin Gang","floor":14,"turns":4},{"damage":17,"enemies":"Slime Boss","floor":16,"turns":11},{"damage":0,"enemies":"Chosen","floor":18,"turns":5},{"damage":12,"enemies":"Spheric Guardian","floor":19,"turns":6},{"damage":41,"enemies":"3 Cultists","floor":21,"turns":6},{"damage":23,"enemies":"Snake Plant","floor":24,"turns":5},{"damage":11,"enemies":"Shelled Parasite and Fungi","floor":28,"turns":10},{"damage":40,"enemies":"3 Cultists","floor":30,"turns":6},{"damage":7,"enemies":"Snecko","floor":31,"turns":7},{"damage":89,"enemies":"Champ","floor":33,"turns":21}],"seed_played":"4146844011981827607","potions_obtained":[{"floor":4,"key":"FocusPotion"},{"floor":13,"key":"Fruit Juice"},{"floor":14,"key":"Ancient Potion"}],"is_trial":false,"path_per_floor":["M","?","$","M","?","R","M","R","T","R","$","R","E","M","R","B",null,"M","M","?","M","$","?","M","?","T","R","M","R","M","M","R","B"],"character_chosen":"DEFECT","items_purchased":["Loop","Ball Lightning","Coolheaded","Go for the Eyes","Skim"],"campfire_rested":5,"item_purchase_floors":[3,11,11,22,22],"current_hp_per_floor":[68,43,43,35,35,57,53,53,53,53,53,53,49,51,73,58,75,75,63,63,24,24,49,28,28,28,62,53,75,40,35,74,0],"gold":77,"neow_bonus":"REMOVE_CARD","is_prod":false,"is_daily":false,"chose_seed":false,"campfire_upgraded":3,"win_rate":0,"timestamp":1544330037,"path_taken":["M","?","$","M","?","R","M","R","T","R","?","R","E","M","R","BOSS","M","?","?","?","$","?","M","?","T","R","M","R","M","M","R","BOSS"],"build_version":"2018-12-06","purchased_purges":1,"victory":false,"max_hp_per_floor":[75,75,75,75,75,75,75,75,75,75,75,75,75,75,75,75,75,75,75,75,75,75,75,75,75,75,75,75,75,80,80,80,80],"card_choices":[{"not_picked":["Compile Driver","Scrape"],"picked":"Sweeping Beam","floor":1},{"not_picked":["Turbo","Skim"],"picked":"Steam","floor":4},{"not_picked":["Coolheaded","Rebound"],"picked":"Conserve Battery","floor":7},{"not_picked":["Loop","White Noise"],"picked":"Rebound","floor":13},{"not_picked":["Tempest","Leap"],"picked":"Cold Snap","floor":14},{"not_picked":["Thunder Strike","Seek"],"picked":"Buffer","floor":16},{"not_picked":["Doom and Gloom","Beam Cell"],"picked":"Stack","floor":18},{"not_picked":["Reinforced Body","Compile Driver+1"],"picked":"Hologram","floor":19},{"not_picked":["Tempest","Loop"],"picked":"Defragment","floor":21},{"not_picked":["Barrage+1","Go for the Eyes"],"picked":"Steam Power","floor":24},{"not_picked":["Darkness","Coolheaded"],"picked":"Fusion","floor":28},{"not_picked":["Scrape","Rebound"],"picked":"Gash","floor":30},{"not_picked":["Barrage","Stack+1"],"picked":"Cold Snap","floor":31}],"player_experience":117453,"relics_obtained":[{"floor":9,"key":"Blue Candle"},{"floor":13,"key":"Orichalcum"},{"floor":26,"key":"Juzu Bracelet"}],"event_choices":[{"damage_healed":0,"gold_gain":0,"player_choice":"Success","damage_taken":25,"relics_obtained":["Blood Vial"],"max_hp_gain":0,"max_hp_loss":0,"event_name":"Scrap Ooze","floor":2,"gold_loss":0},{"damage_healed":0,"gold_gain":0,"player_choice":"Ignored","damage_taken":0,"max_hp_gain":0,"max_hp_loss":0,"event_name":"Liars Game","floor":5,"gold_loss":0},{"damage_healed":0,"gold_gain":0,"player_choice":"Bought 0 Potions","damage_taken":0,"max_hp_gain":0,"max_hp_loss":0,"event_name":"The Woman in Blue","floor":20,"gold_loss":0},{"damage_healed":25,"gold_gain":0,"player_choice":"Heal","damage_taken":0,"max_hp_gain":0,"max_hp_loss":0,"event_name":"The Library","floor":23,"gold_loss":0},{"damage_healed":0,"gold_gain":0,"player_choice":"Ignored","damage_taken":0,"max_hp_gain":0,"max_hp_loss":0,"event_name":"Ghosts","floor":25,"gold_loss":0}],"is_beta":false,"boss_relics":[{"not_picked":["Tiny House","Coffee Dripper"],"picked":"Eternal Feather"}],"items_purged_floors":[22],"is_endless":false,"potions_floor_spawned":[4,13,14,18,24,28],"killed_by":"Champ","ascension_level":1}