{"gold_per_floor":[111,186,186,25,25,25,43,77,77,77,111,162,35,61,61,61],"floor_reached":16,"playtime":465,"items_purged":[],"score":278,"play_id":"fa01ddf1-ba90-49bd-8c5d-59d1094ada6b","local_time":"20190309213910","is_ascension_mode":true,"campfire_choices":[{"data":"Bash","floor":6,"key":"SMITH"},{"data":"True Grit","floor":10,"key":"SMITH"},{"data":"Second Wind","floor":15,"key":"SMITH"}],"neow_cost":"NONE","seed_source_timestamp":41037402932300,"circlet_count":0,"master_deck":["AscendersBane","Strike_R","Strike_R","Strike_R","Strike_R","Defend_R","Defend_R","Defend_R","Defend_R","Bash+1","True Grit+1","Shrug It Off","Reaper","Dropkick","Feel No Pain","Dual Wield","Second Wind+1"],"relics":["Burning Blood","NeowsBlessing","Omamori","Mercury Hourglass","Pear","Vajra","Strawberry"],"potions_floor_usage":[16],"damage_taken":[{"damage":0,"enemies":"Jaw Worm","floor":1,"turns":1},{"damage":0,"enemies":"2 Louse","floor":7,"turns":1},{"damage":0,"enemies":"Gremlin Nob","floor":8,"turns":1},{"damage":38,"enemies":"3 Sentries","floor":11,"turns":8},{"damage":36,"enemies":"Lagavulin","floor":14,"turns":8},{"damage":35,"enemies":"The Guardian","floor":16,"turns":8}],"seed_played":"-3630365142994924897","potions_obtained":[{"floor":11,"key":"LiquidBronze"},{"floor":14,"key":"GamblersBrew"}],"is_trial":false,"path_per_floor":["M","?","?","$","?","R","M","E","T","R","E","?","$","E","R","B"],"character_chosen":"IRONCLAD","items_purchased":["Omamori","Feel No Pain","Dual Wield"],"campfire_rested":0,"item_purchase_floors":[4,13,13],"current_hp_per_floor":[74,63,63,63,63,63,69,75,85,85,65,65,65,49,49,15],"gold":61,"neow_bonus":"THREE_ENEMY_KILL","is_prod":false,"is_daily":false,"chose_seed":false,"campfire_upgraded":3,"win_rate":0,"timestamp":1552135150,"path_taken":["M","?","?","$","?","R","M","E","T","R","E","?","$","E","R","BOSS"],"build_version":"2019-01-23","purchased_purges":0,"victory":false,"max_hp_per_floor":[75,75,75,75,75,75,75,75,85,85,85,85,85,92,92,92],"card_choices":[{"not_picked":["Heavy Blade","Twin Strike"],"picked":"True Grit","floor":1},{"not_picked":["Anger","Pommel Strike"],"picked":"Shrug It Off","floor":7},{"not_picked":["Thunderclap","Sword Boomerang"],"picked":"Reaper","floor":8},{"not_picked":["Clash","Warcry"],"picked":"Dropkick","floor":11},{"not_picked":["Clothesline","Seeing Red"],"picked":"Second Wind","floor":14}],"player_experience":2114077,"relics_obtained":[{"floor":8,"key":"Mercury Hourglass"},{"floor":9,"key":"Pear"},{"floor":11,"key":"Vajra"},{"floor":14,"key":"Strawberry"}],"event_choices":[{"damage_healed":0,"gold_gain":75,"player_choice":"Gather Gold","damage_taken":11,"max_hp_gain":0,"max_hp_loss":0,"event_name":"World of Goop","floor":2,"gold_loss":0},{"cards_removed":["Strike_R"],"damage_healed":0,"gold_gain":0,"player_choice":"Forget","damage_taken":0,"max_hp_gain":0,"max_hp_loss":0,"event_name":"Living Wall","floor":3,"gold_loss":0},{"damage_healed":0,"gold_gain":0,"player_choice":"Leave","damage_taken":0,"max_hp_gain":0,"max_hp_loss":0,"event_name":"The Cleric","floor":5,"gold_loss":0},{"damage_healed":0,"gold_gain":51,"player_choice":"Gained Gold","damage_taken":0,"max_hp_gain":0,"max_hp_loss":0,"event_name":"Golden Wing","floor":12,"gold_loss":0}],"is_beta":false,"boss_relics":[],"items_purged_floors":[],"is_endless":false,"potions_floor_spawned":[11,14],"killed_by":"The Guardian","ascension_level":20}