{"gold_per_floor":[117,117,131,131,42,62,62,73,73,106,106,133,152,51,51,51],"floor_reached":16,"playtime":306,"items_purged":["Strike_R"],"score":200,"play_id":"93e32b6f-5aa0-444d-a9fe-c05829f395cb","local_time":"20190401123138","is_ascension_mode":true,"campfire_choices":[{"data":"Bash","floor":7,"key":"SMITH"},{"data":"Bandage Up","floor":11,"key":"SMITH"},{"data":"True Grit","floor":15,"key":"SMITH"}],"neow_cost":"NONE","seed_source_timestamp":264466916670700,"circlet_count":0,"master_deck":["AscendersBane","Strike_R","Strike_R","Strike_R","Strike_R","Defend_R","Defend_R","Defend_R","Defend_R","Bash+1","Bandage Up+1","Feel No Pain","Seeing Red","True Grit+1"],"relics":["Busted Crown","Shuriken","PreservedInsect","Paper Frog","Centennial Puzzle"],"potions_floor_usage":[10,16,16],"damage_taken":[{"damage":4,"enemies":"2 Louse","floor":1,"turns":2},{"damage":13,"enemies":"Small Slimes","floor":3,"turns":4},{"damage":0,"enemies":"Jaw Worm","floor":6,"turns":3},{"damage":26,"enemies":"Exordium Thugs","floor":8,"turns":5},{"damage":29,"enemies":"Lagavulin","floor":10,"turns":6},{"damage":6,"enemies":"Red Slaver","floor":13,"turns":3},{"damage":15,"enemies":"The Guardian","floor":16,"turns":9}],"seed_played":"-3120847400767815032","potions_obtained":[{"floor":6,"key":"Dexterity Potion"},{"floor":8,"key":"SpeedPotion"},{"floor":13,"key":"Block Potion"}],"is_trial":false,"path_per_floor":["M","?","M","?","$","M","R","M","T","E","R","T","M","$","R","B"],"character_chosen":"IRONCLAD","items_purchased":["Bandage Up","True Grit"],"campfire_rested":0,"item_purchase_floors":[5,14],"current_hp_per_floor":[64,64,51,51,51,55,55,33,33,8,8,8,8,8,8,0],"gold":51,"neow_bonus":"BOSS_RELIC","is_prod":false,"is_daily":false,"chose_seed":false,"campfire_upgraded":3,"win_rate":0,"timestamp":1554089498,"path_taken":["M","?","M","?","?","M","R","?","T","E","R","?","?","$","R","BOSS"],"build_version":"2019-01-23","purchased_purges":1,"victory":false,"max_hp_per_floor":[75,75,75,75,75,75,75,75,75,75,75,75,75,75,75,75],"card_choices":[{"not_picked":["Iron Wave"],"picked":"SKIP","floor":1},{"not_picked":["Pommel Strike"],"picked":"SKIP","floor":3},{"not_picked":["Combust"],"picked":"SKIP","floor":6},{"not_picked":["Cleave"],"picked":"SKIP","floor":8},{"not_picked":[],"picked":"Feel No Pain","floor":10},{"not_picked":[],"picked":"Seeing Red","floor":13}],"player_experience":2795102,"relics_obtained":[{"floor":9,"key":"PreservedInsect"},{"floor":10,"key":"Paper Frog"},{"floor":12,"key":"Centennial Puzzle"}],"event_choices":[{"damage_healed":0,"gold_gain":0,"player_choice":"Box","damage_taken":0,"relics_obtained":["Shuriken"],"max_hp_gain":0,"max_hp_loss":0,"event_name":"Big Fish","floor":2,"gold_loss":0,"cards_obtained":["Regret"]},{"cards_removed":["Regret"],"damage_healed":0,"gold_gain":0,"player_choice":"Forget","damage_taken":0,"max_hp_gain":0,"max_hp_loss":0,"event_name":"Living Wall","floor":4,"gold_loss":0}],"is_beta":false,"boss_relics":[],"items_purged_floors":[14],"is_endless":false,"potions_floor_spawned":[6,8,13],"killed_by":"The Guardian","ascension_level":20}