{"gold_per_floor":[16,34,34,51,70,70,70,96,122,139,157,232,251,251,251,251],"floor_reached":16,"playtime":686,"items_purged":[],"score":151,"play_id":"3561f869-8a08-4232-b5ed-bc71400f7425","local_time":"20180707190823","is_ascension_mode":true,"campfire_choices":[{"floor":6,"key":"DIG"},{"floor":15,"key":"REST"}],"neow_cost":"NO_GOLD","seed_source_timestamp":167634856061644,"circlet_count":0,"master_deck":["Strike_R","Strike_R","Strike_R","Strike_R","Strike_R","Defend_R","Defend_R","Defend_R","Defend_R","Bash","Anger","Clash","Anger"],"relics":["Burning Blood","Shovel","Boot","Juzu Bracelet","Strawberry"],"potions_floor_usage":[5,5,10,13,16],"damage_taken":[{"damage":9,"enemies":"2 Louse","floor":1,"turns":3},{"damage":2,"enemies":"Small Slimes","floor":2,"turns":3},{"damage":1,"enemies":"Cultist","floor":4,"turns":4},{"damage":7,"enemies":"Lots of Slimes","floor":5,"turns":5},{"damage":40,"enemies":"Lagavulin","floor":8,"turns":4},{"damage":9,"enemies":"Large Slime","floor":10,"turns":3},{"damage":2,"enemies":"3 Louse","floor":11,"turns":3},{"damage":1,"enemies":"2 Fungi Beasts","floor":13,"turns":3},{"damage":80,"enemies":"Slime Boss","floor":16,"turns":10}],"seed_played":"-8569862142091349705","potions_obtained":[{"floor":2,"key":"SpeedPotion"},{"floor":4,"key":"PowerPotion"},{"floor":8,"key":"SkillPotion"},{"floor":10,"key":"GamblersBrew"},{"floor":13,"key":"EssenceOfSteel"}],"is_trial":false,"path_per_floor":["M","M","?","M","M","R","?","E","T","M","M","?","M","?","R"],"character_chosen":"IRONCLAD","items_purchased":[],"campfire_rested":1,"item_purchase_floors":[],"current_hp_per_floor":[69,73,73,78,77,77,77,43,50,47,51,40,45,45,71,0],"gold":251,"neow_bonus":"ONE_RARE_RELIC","is_prod":false,"is_daily":false,"chose_seed":false,"campfire_upgraded":0,"win_rate":0,"timestamp":1530979703,"path_taken":["M","M","?","M","?","R","?","E","T","M","M","?","M","?","R","BOSS"],"build_version":"2018-07-05","purchased_purges":0,"victory":false,"max_hp_per_floor":[80,80,80,80,80,80,80,80,87,87,87,87,87,87,87,87],"card_choices":[{"not_picked":["Shockwave","Rupture"],"picked":"Anger","floor":1},{"not_picked":["Entrench","Sentinel","Searing Blow"],"picked":"SKIP","floor":2},{"not_picked":["Cleave","Armaments","Second Wind"],"picked":"SKIP","floor":4},{"not_picked":["Thunderclap","Rupture"],"picked":"Clash","floor":5},{"not_picked":["Whirlwind","Shrug It Off"],"picked":"Anger","floor":8},{"not_picked":["Headbutt","Second Wind","Immolate"],"picked":"SKIP","floor":10},{"not_picked":["Flame Barrier","Ghostly Armor","Sword Boomerang"],"picked":"SKIP","floor":11},{"not_picked":["Twin Strike","Perfected Strike","Cleave"],"picked":"SKIP","floor":13}],"player_experience":546951,"relics_obtained":[{"floor":6,"key":"Boot"},{"floor":8,"key":"Juzu Bracelet"},{"floor":9,"key":"Strawberry"}],"event_choices":[{"event_name":"The Cleric","player_choice":"Leave","floor":3,"damage_taken":0},{"event_name":"Shining Light","player_choice":"Ignored","floor":7,"damage_taken":0},{"event_name":"World of Goop","player_choice":"Gather Gold","floor":12,"damage_taken":0},{"event_name":"Liars Game","player_choice":"disagreed","floor":14,"damage_taken":0}],"boss_relics":[],"items_purged_floors":[],"is_endless":false,"potions_floor_spawned":[2,4,8,10,13],"killed_by":"Slime Boss","ascension_level":9}