{"gold_per_floor":[117,117,117,117,117,117,137,26,49,14,34,50,89,113,113,232,232,255,270,270,285,309,309,349,349,373,396,321,102,133,133,133,257,257,273,273,273],"floor_reached":37,"playtime":2984,"items_purged":["Defend_R"],"score":479,"play_id":"d2e7c8ab-7898-49ce-959a-46298c72b721","local_time":"20190218042854","is_ascension_mode":true,"campfire_choices":[{"data":"Sword Boomerang","floor":6.0,"key":"SMITH"},{"data":"Intimidate","floor":15.0,"key":"SMITH"},{"data":"Double Tap","floor":23.0,"key":"SMITH"},{"data":"Sword Boomerang","floor":25.0,"key":"SMITH"},{"data":"Perfected Strike","floor":32.0,"key":"SMITH"}],"neow_cost":"PERCENT_DAMAGE","seed_source_timestamp":0,"circlet_count":0,"master_deck":["Strike_R","Strike_R","Strike_R","Strike_R","Strike_R","Defend_R","Bash","Sword Boomerang+1","Twin Strike","Swift Strike","Flex","Intimidate+1","Spot Weakness","Thunderclap","Feed","Pommel Strike","Twin Strike","Double Tap+1","Sword Boomerang+1","Thunderclap","Whirlwind+1","Sword Boomerang","Metallicize+1","Battle Trance","Twin Strike+1","Pummel","Clash+1","Perfected Strike+1","Limit Break","Dual Wield"],"special_seed":0,"relics":["Burning Blood","Red Skull","Golden Idol","Gremlin Horn","Bronze Scales","Happy Flower","Orrery","Kunai","Sundial","PreservedInsect","Orichalcum","Darkstone Periapt","Empty Cage"],"potions_floor_usage":[],"damage_taken":[{"damage":11.0,"enemies":"Jaw Worm","floor":1.0,"turns":2.0},{"damage":0.0,"enemies":"2 Louse","floor":7.0,"turns":2.0},{"damage":0.0,"enemies":"Small Slimes","floor":11.0,"turns":2.0},{"damage":10.0,"enemies":"Looter","floor":12.0,"turns":2.0},{"damage":21.0,"enemies":"3 Sentries","floor":13.0,"turns":5.0},{"damage":0.0,"enemies":"2 Fungi Beasts","floor":14.0,"turns":2.0},{"damage":35.0,"enemies":"The Guardian","floor":16.0,"turns":7.0},{"damage":0.0,"enemies":"3 Byrds","floor":18.0,"turns":2.0},{"damage":10.0,"enemies":"Chosen","floor":19.0,"turns":4.0},{"damage":7.0,"enemies":"Centurion and Healer","floor":21.0,"turns":4.0},{"damage":12.0,"enemies":"3 Cultists","floor":22.0,"turns":4.0},{"damage":41.0,"enemies":"Book of Stabbing","floor":24.0,"turns":5.0},{"damage":15.0,"enemies":"Snake Plant","floor":27.0,"turns":2.0},{"damage":0.0,"enemies":"Gremlin Leader","floor":30.0,"turns":2.0},{"damage":38.0,"enemies":"Collector","floor":33.0,"turns":5.0},{"damage":4.0,"enemies":"Orb Walker","floor":35.0,"turns":2.0},{"damage":117,"enemies":"Awakened One","floor":37,"turns":7}],"seed_played":"-6756755506921264403","potions_obtained":[{"floor":1.0,"key":"Swift Potion"},{"floor":12.0,"key":"Weak Potion"},{"floor":13.0,"key":"Dexterity Potion"},{"floor":21.0,"key":"PowerPotion"},{"floor":22.0,"key":"Block Potion"}],"is_trial":false,"path_per_floor":["M","?","?","?","T","R","M","$","T","?","M","M","E","M","R","B",null,"M","M","?","M","M","R","E","R","T","M","?","$","E","?","R","B",null,"M","?","B"],"character_chosen":"IRONCLAD","items_purchased":["Swift Strike","Flex","Orichalcum"],"campfire_rested":0,"item_purchase_floors":[8,8,29],"current_hp_per_floor":[67,67,64,40,40,40,46,46,46,70,76,72,57,63,63,34,96,99,95,95,94,91,91,56,56,56,47,47,47,53,53,53,21,102,102,102,0],"gold":273,"neow_bonus":"TWENTY_PERCENT_HP_BONUS","is_prod":false,"is_daily":false,"chose_seed":false,"campfire_upgraded":5,"win_rate":0,"timestamp":1550431734,"path_taken":["M","?","?","?","?","R","M","$","T","?","?","M","E","M","R","BOSS","M","M","?","M","M","R","E","R","T","M","?","$","E","?","R","BOSS","M","?","BOSS"],"build_version":"2019-01-23","purchased_purges":1,"victory":false,"max_hp_per_floor":[96,96,96,96,96,96,96,96,96,96,96,96,96,96,96,96,96,99,99,99,99,102,102,102,102,102,102,102,102,102,102,102,102,102,102,102,102],"card_choices":[{"not_picked":["Anger","Shrug It Off"],"picked":"Sword Boomerang","floor":1.0},{"not_picked":["Shrug It Off","Anger"],"picked":"Twin Strike","floor":7.0},{"not_picked":["Headbutt","Flex"],"picked":"Intimidate","floor":11.0},{"not_picked":["Warcry","Sword Boomerang"],"picked":"Spot Weakness","floor":12.0},{"not_picked":["Flex","Disarm"],"picked":"Thunderclap","floor":13.0},{"not_picked":["Warcry","Rupture","Cleave"],"picked":"SKIP","floor":14.0},{"not_picked":["Offering","Fiend Fire"],"picked":"Feed","floor":16.0},{"not_picked":["Warcry","Pummel"],"picked":"Pommel Strike","floor":17.0},{"not_picked":["Havoc","Body Slam"],"picked":"Twin Strike","floor":17.0},{"not_picked":["Shrug It Off","Thunderclap"],"picked":"Double Tap","floor":17.0},{"not_picked":["Clothesline","Havoc"],"picked":"Sword Boomerang","floor":17.0},{"not_picked":["Wild Strike","Havoc"],"picked":"Thunderclap","floor":17.0},{"not_picked":["Body Slam+1","Thunderclap"],"picked":"Whirlwind+1","floor":18.0},{"not_picked":["Body Slam","Clothesline"],"picked":"Sword Boomerang","floor":19.0},{"not_picked":["Armaments","Body Slam+1"],"picked":"Metallicize+1","floor":21.0},{"not_picked":["Reckless Charge+1","Clothesline"],"picked":"Battle Trance","floor":22.0},{"not_picked":["Iron Wave","Heavy Blade"],"picked":"Twin Strike+1","floor":24.0},{"not_picked":["Wild Strike","Clothesline"],"picked":"Pummel","floor":27.0},{"not_picked":["Shrug It Off+1","Iron Wave+1"],"picked":"Clash+1","floor":30.0},{"not_picked":["Impervious","Offering"],"picked":"Limit Break","floor":33.0},{"not_picked":["Shrug It Off","Disarm"],"picked":"Dual Wield","floor":35.0}],"player_experience":88843,"relics_obtained":[{"floor":5.0,"key":"Gremlin Horn"},{"floor":9.0,"key":"Bronze Scales"},{"floor":13.0,"key":"Happy Flower"},{"floor":24.0,"key":"Sundial"},{"floor":26.0,"key":"PreservedInsect"},{"floor":30.0,"key":"Darkstone Periapt"}],"event_choices":[{"damage_healed":0.0,"max_hp_gain":0.0,"max_hp_loss":0.0,"gold_gain":0.0,"event_name":"Shining Light","player_choice":"Ignored","floor":2.0,"gold_loss":0.0,"damage_taken":0.0},{"damage_healed":0.0,"max_hp_gain":0.0,"max_hp_loss":0.0,"gold_gain":0.0,"event_name":"Scrap Ooze","player_choice":"Success","floor":3.0,"gold_loss":0.0,"damage_taken":3.0,"relics_obtained":["Red Skull"]},{"damage_healed":0.0,"max_hp_gain":0.0,"max_hp_loss":0.0,"gold_gain":0.0,"event_name":"Golden Idol","player_choice":"Take Damage","floor":4.0,"gold_loss":0.0,"damage_taken":24.0,"relics_obtained":["Golden Idol"]},{"damage_healed":24.0,"max_hp_gain":0.0,"max_hp_loss":0.0,"gold_gain":0.0,"event_name":"The Cleric","player_choice":"Healed","floor":10.0,"gold_loss":35.0,"damage_taken":0.0},{"damage_healed":0.0,"max_hp_gain":0.0,"max_hp_loss":0.0,"gold_gain":0.0,"event_name":"The Mausoleum","player_choice":"Opened","floor":20.0,"gold_loss":0.0,"damage_taken":0.0,"relics_obtained":["Kunai"],"cards_obtained":["Writhe"]},{"cards_removed":["Defend_R"],"damage_healed":0.0,"max_hp_gain":0.0,"max_hp_loss":0.0,"gold_gain":0.0,"event_name":"Beggar","player_choice":"Gave Gold","floor":28.0,"gold_loss":75.0,"damage_taken":0.0},{"damage_healed":0.0,"max_hp_gain":0.0,"max_hp_loss":0.0,"gold_gain":0.0,"event_name":"The Library","player_choice":"Read","floor":31.0,"gold_loss":0.0,"damage_taken":0.0,"cards_obtained":["Perfected Strike"]},{"damage_healed":0.0,"max_hp_gain":0.0,"max_hp_loss":0.0,"gold_gain":0.0,"event_name":"SecretPortal","player_choice":"Took Portal","floor":36.0,"gold_loss":0.0,"damage_taken":0.0}],"is_beta":false,"boss_relics":[{"not_picked":["Black Blood","Runic Pyramid"],"picked":"Orrery"},{"not_picked":["Coffee Dripper","Runic Dome"],"picked":"Empty Cage"}],"items_purged_floors":[29],"is_endless":false,"potions_floor_spawned":[1,12,13,21,22],"killed_by":"Awakened One","ascension_level":1}