{"gold_per_floor":[114,114,289,62,62,62,82,110,135,135,135,85,85,103,103,103],"floor_reached":16,"playtime":93,"items_purged":["Doubt"],"score":121,"play_id":"4370c2e0-5cf0-4bbe-a681-f5fd64485395","local_time":"20190404174708","is_ascension_mode":false,"campfire_choices":[{"data":"Bash","floor":6,"key":"SMITH"},{"data":"Reaper","floor":10,"key":"SMITH"},{"data":"Strike_R","floor":13,"key":"SMITH"},{"data":"Strike_R","floor":15,"key":"SMITH"}],"neow_cost":"NONE","seed_source_timestamp":542811263024600,"circlet_count":0,"master_deck":["Strike_R","Strike_R","Strike_R+1","Strike_R+1","Defend_R","Defend_R","Defend_R","Defend_R","Bash+1","Carnage+1","Reaper+1"],"relics":["Burning Blood","NeowsBlessing","PreservedInsect","Orichalcum","Vajra","Lantern"],"potions_floor_usage":[],"damage_taken":[{"damage":0,"enemies":"Small Slimes","floor":1,"turns":1},{"damage":0,"enemies":"Jaw Worm","floor":7,"turns":1},{"damage":0,"enemies":"Lagavulin","floor":8,"turns":1},{"damage":0,"enemies":"Cultist","floor":14,"turns":2},{"damage":0,"enemies":"The Guardian","floor":16,"turns":1}],"seed_played":"2160248689289472583","potions_obtained":[{"floor":14,"key":"Poison Potion"}],"is_trial":false,"path_per_floor":["M","$","?","$","?","R","M","E","T","R","?","?","R","M","R","B"],"character_chosen":"IRONCLAD","items_purchased":["PreservedInsect"],"campfire_rested":0,"item_purchase_floors":[4],"current_hp_per_floor":[80,80,80,80,80,80,80,80,80,80,68,68,68,80,80,80],"gold":103,"neow_bonus":"THREE_ENEMY_KILL","is_prod":false,"is_daily":false,"chose_seed":false,"campfire_upgraded":4,"win_rate":0,"timestamp":1554367628,"path_taken":["M","$","?","$","?","R","?","E","T","R","?","?","R","M","R","BOSS"],"build_version":"2019-01-23","purchased_purges":1,"victory":false,"max_hp_per_floor":[80,80,80,80,80,80,80,80,80,80,80,80,80,80,80,80],"card_choices":[{"not_picked":["Pommel Strike","Body Slam"],"picked":"Carnage","floor":1},{"not_picked":["Twin Strike","True Grit","Thunderclap"],"picked":"SKIP","floor":7},{"not_picked":["Combust","Heavy Blade"],"picked":"Reaper","floor":8},{"not_picked":["Pommel Strike","Anger","Clothesline"],"picked":"SKIP","floor":14}],"player_experience":2868547,"relics_obtained":[{"floor":8,"key":"Orichalcum"},{"floor":9,"key":"Vajra"}],"event_choices":[{"damage_healed":0,"gold_gain":175,"player_choice":"AGREE","damage_taken":0,"max_hp_gain":0,"max_hp_loss":0,"event_name":"Liars Game","floor":3,"gold_loss":0,"cards_obtained":["Doubt"]},{"damage_healed":0,"gold_gain":0,"player_choice":"Upgraded","damage_taken":0,"max_hp_gain":0,"max_hp_loss":0,"event_name":"Upgrade Shrine","floor":5,"gold_loss":0,"cards_upgraded":["Carnage"]},{"damage_healed":0,"gold_gain":0,"player_choice":"Success","damage_taken":12,"relics_obtained":["Lantern"],"max_hp_gain":0,"max_hp_loss":0,"event_name":"Scrap Ooze","floor":11,"gold_loss":0},{"cards_removed":["Strike_R"],"damage_healed":0,"gold_gain":0,"player_choice":"Card Removal","damage_taken":0,"max_hp_gain":0,"max_hp_loss":0,"event_name":"The Cleric","floor":12,"gold_loss":50}],"is_beta":false,"boss_relics":[],"items_purged_floors":[4],"is_endless":false,"potions_floor_spawned":[14],"killed_by":"The Guardian","ascension_level":0}