{"gold_per_floor":[115,115,165,181,197,197,226,226,251,310,328,328,341,354,354,426,426,442,30,305,323,334,334],"floor_reached":23,"playtime":449,"items_purged":[],"score":450,"play_id":"ba028e2b-b099-4cec-b703-22c1a1f9cfa1","local_time":"20190216200010","is_ascension_mode":true,"campfire_choices":[{"data":"Loop","floor":6,"key":"SMITH"},{"data":"Streamline","floor":8,"key":"SMITH"},{"floor":12,"key":"REST"},{"data":"Dualcast","floor":15,"key":"SMITH"}],"neow_cost":"NONE","seed_source_timestamp":209233696542500,"circlet_count":0,"master_deck":["AscendersBane","Strike_B","Strike_B+1","Strike_B","Strike_B","Defend_B","Defend_B+1","Defend_B+1","Defend_B","Zap+1","Dualcast+1","Streamline+1","Loop+1","FTL","Rip and Tear","Coolheaded","Electrodynamics","Seek","Loop","BootSequence","Regret"],"relics":["Cracked Core","NeowsBlessing","Boot","DataDisk","War Paint","Fusion Hammer","Mummified Hand"],"potions_floor_usage":[7,10,16,23],"damage_taken":[{"damage":0,"enemies":"Cultist","floor":1,"turns":1},{"damage":0,"enemies":"2 Louse","floor":4,"turns":1},{"damage":0,"enemies":"Small Slimes","floor":5,"turns":1},{"damage":14,"enemies":"3 Sentries","floor":7,"turns":7},{"damage":8,"enemies":"Gremlin Nob","floor":10,"turns":3},{"damage":10,"enemies":"Red Slaver","floor":11,"turns":3},{"damage":3,"enemies":"Looter","floor":13,"turns":3},{"damage":5,"enemies":"3 Louse","floor":14,"turns":2},{"damage":0,"enemies":"Hexaghost","floor":16,"turns":7},{"damage":8,"enemies":"Spheric Guardian","floor":18,"turns":3},{"damage":3,"enemies":"Chosen","floor":21,"turns":4},{"damage":36,"enemies":"Snecko","floor":22,"turns":5},{"damage":20,"enemies":"Slavers","floor":23,"turns":1}],"seed_played":"-2645249757948725887","potions_obtained":[{"floor":4,"key":"SpeedPotion"},{"floor":5,"key":"SkillPotion"},{"floor":7,"key":"Strength Potion"},{"floor":10,"key":"Energy Potion"},{"floor":13,"key":"LiquidBronze"},{"floor":16,"key":"PowerPotion"}],"is_trial":false,"path_per_floor":["M","?","?","M","M","R","E","R","T","?","M","R","M","M","R","B",null,"M","$","?","M","M","E"],"character_chosen":"DEFECT","items_purchased":["Mummified Hand","Loop","BootSequence"],"campfire_rested":1,"item_purchase_floors":[19,19,19],"current_hp_per_floor":[64,43,36,36,36,36,22,22,22,14,4,25,22,17,17,17,58,50,50,50,47,11,0],"gold":334,"neow_bonus":"THREE_ENEMY_KILL","is_prod":false,"is_daily":false,"chose_seed":false,"campfire_upgraded":3,"win_rate":0,"timestamp":1550314810,"path_taken":["M","?","?","?","M","R","E","R","T","?","M","R","M","M","R","BOSS","M","$","?","?","M","E"],"build_version":"2019-01-23","purchased_purges":0,"victory":false,"max_hp_per_floor":[71,71,71,71,71,71,71,71,71,71,71,71,71,71,71,71,71,71,71,71,71,71,71],"card_choices":[{"not_picked":["Barrage","Tempest"],"picked":"Streamline","floor":1},{"not_picked":["Ball Lightning","Hello World"],"picked":"Loop","floor":4},{"not_picked":["Fusion","Darkness","Aggregate"],"picked":"SKIP","floor":5},{"not_picked":["Barrage","Rebound"],"picked":"FTL","floor":7},{"not_picked":["Tempest","Blizzard"],"picked":"Rip and Tear","floor":10},{"not_picked":["Streamline","Steam Power"],"picked":"Coolheaded","floor":11},{"not_picked":["Barrage","Reprogram"],"picked":"Electrodynamics","floor":13},{"not_picked":["Sweeping Beam","Streamline","Rebound"],"picked":"SKIP","floor":14},{"not_picked":["Reboot","Rainbow"],"picked":"Seek","floor":16},{"not_picked":["Barrage","Darkness","Recycle"],"picked":"SKIP","floor":18},{"not_picked":["Tempest","Go for the Eyes","Barrage"],"picked":"SKIP","floor":21},{"not_picked":["Double Energy","Beam Cell","Hologram"],"picked":"SKIP","floor":22}],"player_experience":95829,"relics_obtained":[{"floor":7,"key":"Boot"},{"floor":9,"key":"DataDisk"},{"floor":10,"key":"War Paint"}],"event_choices":[{"damage_healed":0,"gold_gain":0,"player_choice":"Entered Light","damage_taken":21,"max_hp_gain":0,"max_hp_loss":0,"event_name":"Shining Light","floor":2,"gold_loss":0,"cards_upgraded":["Strike_B","Defend_B"]},{"damage_healed":0,"gold_gain":50,"player_choice":"Touch","damage_taken":7,"max_hp_gain":0,"max_hp_loss":0,"event_name":"FaceTrader","floor":3,"gold_loss":0},{"damage_healed":0,"gold_gain":0,"player_choice":"Searched \u00272\u0027 times","damage_taken":0,"max_hp_gain":0,"max_hp_loss":0,"event_name":"Dead Adventurer","floor":10,"gold_loss":0},{"damage_healed":0,"gold_gain":275,"player_choice":"Desecrate","damage_taken":0,"max_hp_gain":0,"max_hp_loss":0,"event_name":"Golden Shrine","floor":20,"gold_loss":0,"cards_obtained":["Regret"]}],"is_beta":false,"boss_relics":[{"not_picked":["Tiny House","Inserter"],"picked":"Fusion Hammer"}],"items_purged_floors":[],"is_endless":false,"potions_floor_spawned":[4,5,7,10,13,16],"killed_by":"Slavers","ascension_level":17}