{"gold_per_floor":[115,265,190,207,207,234,249,249,273,290,309,323,323,356,356,452,452,452],"floor_reached":18,"playtime":462,"items_purged":[],"score":394,"play_id":"3698dae7-5162-4d93-8808-5848b28ad76d","local_time":"20190328150050","is_ascension_mode":true,"campfire_choices":[{"data":"True Grit","floor":8,"key":"SMITH"},{"floor":15,"key":"REST"}],"neow_cost":"NONE","seed_source_timestamp":46315814006200,"circlet_count":0,"master_deck":["AscendersBane","Strike_R","Strike_R","Strike_R","Strike_R","Strike_R","Defend_R+1","Defend_R","Defend_R","Defend_R","Bash+1","Battle Trance","Seeing Red","True Grit+1","Second Wind","Juggernaut","Infernal Blade","Iron Wave","Inflame","Immolate"],"relics":["Burning Blood","NeowsBlessing","Bag of Preparation","Oddly Smooth Stone","Golden Idol","The Courier","Black Star"],"potions_floor_usage":[6,14,16],"damage_taken":[{"damage":0,"enemies":"2 Louse","floor":1,"turns":1},{"damage":0,"enemies":"Jaw Worm","floor":4,"turns":1},{"damage":0,"enemies":"Lagavulin","floor":6,"turns":1},{"damage":1,"enemies":"Small Slimes","floor":7,"turns":4},{"damage":0,"enemies":"2 Fungi Beasts","floor":10,"turns":3},{"damage":18,"enemies":"Exordium Wildlife","floor":11,"turns":7},{"damage":28,"enemies":"Gremlin Gang","floor":12,"turns":6},{"damage":27,"enemies":"Gremlin Nob","floor":14,"turns":4},{"damage":14,"enemies":"Slime Boss","floor":16,"turns":9},{"damage":15,"enemies":"Shell Parasite","floor":18,"turns":2}],"seed_played":"1779294092852060612","potions_obtained":[{"floor":6,"key":"Fruit Juice"},{"floor":11,"key":"FearPotion"},{"floor":14,"key":"Strength Potion"}],"is_trial":false,"path_per_floor":["M","?","?","M","?","E","M","R","T","M","M","M","?","E","R","B",null,"M"],"character_chosen":"IRONCLAD","items_purchased":[],"campfire_rested":1,"item_purchase_floors":[],"current_hp_per_floor":[74,74,74,75,52,63,68,68,68,74,62,40,40,19,40,32,62,47],"gold":452,"neow_bonus":"THREE_ENEMY_KILL","is_prod":false,"is_daily":false,"chose_seed":false,"campfire_upgraded":1,"win_rate":0,"timestamp":1553752850,"path_taken":["M","?","?","M","?","E","M","R","T","M","?","M","?","E","R","BOSS","M"],"build_version":"2019-01-23","purchased_purges":0,"victory":false,"max_hp_per_floor":[75,75,75,75,75,80,80,80,80,80,80,80,72,72,72,72,72,72],"card_choices":[{"not_picked":["Perfected Strike","Pommel Strike"],"picked":"Battle Trance","floor":1},{"not_picked":["Perfected Strike","Clothesline"],"picked":"Seeing Red","floor":4},{"not_picked":["Reckless Charge","Flex"],"picked":"True Grit","floor":6},{"not_picked":["Intimidate","Sever Soul"],"picked":"Second Wind","floor":7},{"not_picked":["Cleave","Sword Boomerang"],"picked":"Juggernaut","floor":10},{"not_picked":["Havoc","Burning Pact"],"picked":"Infernal Blade","floor":11},{"not_picked":["Double Tap","Pommel Strike"],"picked":"Iron Wave","floor":12},{"not_picked":["Thunderclap","Second Wind"],"picked":"Inflame","floor":14},{"not_picked":["Fiend Fire","Barricade"],"picked":"Immolate","floor":16}],"player_experience":2672298,"relics_obtained":[{"floor":6,"key":"Bag of Preparation"},{"floor":9,"key":"Oddly Smooth Stone"},{"floor":14,"key":"The Courier"}],"event_choices":[{"damage_healed":0,"gold_gain":150,"player_choice":"AGREE","damage_taken":0,"max_hp_gain":0,"max_hp_loss":0,"event_name":"Liars Game","floor":2,"gold_loss":0,"cards_obtained":["Doubt"]},{"cards_removed":["Doubt"],"damage_healed":0,"gold_gain":0,"player_choice":"Card Removal","damage_taken":0,"max_hp_gain":0,"max_hp_loss":0,"event_name":"The Cleric","floor":3,"gold_loss":75},{"damage_healed":0,"gold_gain":0,"player_choice":"Entered Light","damage_taken":23,"max_hp_gain":0,"max_hp_loss":0,"event_name":"Shining Light","floor":5,"gold_loss":0,"cards_upgraded":["Defend_R","Bash"]},{"damage_healed":0,"gold_gain":0,"player_choice":"Lose Max HP","damage_taken":0,"relics_obtained":["Golden Idol"],"max_hp_gain":0,"max_hp_loss":8,"event_name":"Golden Idol","floor":13,"gold_loss":0}],"is_beta":false,"boss_relics":[{"not_picked":["Calling Bell","Lizard Tail"],"picked":"Black Star"}],"items_purged_floors":[],"is_endless":false,"potions_floor_spawned":[6,11,14],"killed_by":"Shell Parasite","ascension_level":20}