{"path_per_floor":["M","T","?","?","M","R","E","T","T","E","M","?","M","E","R","B",null,"M","M"],"character_chosen":"THE_SILENT","items_purchased":[],"gold_per_floor":[109,109,109,109,122,122,153,179,179,212,231,231,246,277,277,377,377,395,413,413],"floor_reached":20,"campfire_rested":1,"playtime":924,"current_hp_per_floor":[62,62,62,67,66,66,29,29,29,20,20,20,20,13,50,44,67,53,8,0],"items_purged":[],"gold":413,"score":269,"play_id":"2136349e-2853-4daa-b102-0e1e565cee53","local_time":"20180411000144","is_prod":false,"is_daily":false,"chose_seed":false,"is_ascension_mode":true,"campfire_upgraded":1,"timestamp":1523376104,"path_taken":["M","?","?","?","?","R","E","?","T","E","M","?","M","E","R","BOSS","M","M","M"],"build_version":"2018-04-10","seed_source_timestamp":1332239710170635,"purchased_purges":0,"victory":false,"master_deck":["Defend_G","Defend_G","Defend_G","Defend_G","Defend_G","Strike_G","Strike_G","Strike_G","Strike_G","Survivor","Neutralize+1","Noxious Fumes+1","Blur","Cloak And Dagger","Expertise","Dagger Spray","Die Die Die","Tools of the Trade","Blur","Leg Sweep"],"max_hp_per_floor":[70,70,70,75,75,75,75,75,75,75,75,75,75,75,75,75,75,75,75,75],"relics":["Sozu","Snake Skull","Pantograph","Pen Nib","Question Card","Regal Pillow","Juzu Bracelet","Black Star"],"card_choices":[{"not_picked":["Reflex","Backflip"],"picked":"Noxious Fumes","floor":1},{"not_picked":["Acrobatics","Calculated Gamble"],"picked":"Blur","floor":5},{"not_picked":["Skewer","Outmaneuver"],"picked":"Cloak And Dagger","floor":7},{"not_picked":["Blade Dance","Acrobatics","Crippling Poison"],"picked":"Expertise","floor":11},{"not_picked":["Flechettes","Acrobatics","Quick Slash"],"picked":"Dagger Spray","floor":13},{"not_picked":["Endless Agony","Caltrops","Phantasmal Killer"],"picked":"Die Die Die","floor":14},{"not_picked":["Night Terror","Glass Knife","Corpse Explosion"],"picked":"Tools of the Trade","floor":16},{"not_picked":["Concentrate","Flying Knee","Outmaneuver"],"picked":"Blur","floor":18},{"not_picked":["Dash","Dagger Throw","Cloak And Dagger"],"picked":"Leg Sweep","floor":19}],"player_experience":252411,"potions_floor_usage":[],"damage_taken":[{"damage":1,"enemies":"Cultist","floor":1,"turns":4},{"damage":1,"enemies":"Jaw Worm","floor":5,"turns":4},{"damage":37,"enemies":"Gremlin Nob","floor":7,"turns":6},{"damage":9,"enemies":"3 Sentries","floor":10,"turns":7},{"damage":0,"enemies":"2 Louse","floor":11,"turns":3},{"damage":0,"enemies":"Large Slime","floor":13,"turns":5},{"damage":7,"enemies":"Lagavulin","floor":14,"turns":7},{"damage":31,"enemies":"The Guardian","floor":16,"turns":11},{"damage":14,"enemies":"3 Byrds","floor":18,"turns":5},{"damage":45,"enemies":"2 Thieves","floor":19,"turns":4},{"damage":16,"enemies":"Snecko","floor":20,"turns":5}],"event_choices":[{"event_name":"Purifier","player_choice":"One Purge","floor":3,"damage_taken":0},{"event_name":"Big Fish","player_choice":"Donut","floor":4,"damage_taken":0},{"event_name":"Living Wall","player_choice":"Grow","floor":12,"damage_taken":0}],"boss_relics":[{"not_picked":["Velvet Choker","Calling Bell"],"picked":"Black Star"}],"potions_floor_spawned":[1,5,11,18,19],"seed_played":"3625224535390989734","killed_by":"Snecko","ascension_level":8,"is_trial":false}