{"gold_per_floor":[109,109,184,184,18,54,54,92,142,185,197,45,76,89,89,185,185,185],"floor_reached":18,"playtime":636,"items_purged":[],"score":468,"play_id":"9369e555-de76-4c88-a0ba-56aae7317ddc","local_time":"20190219113550","is_ascension_mode":true,"campfire_choices":[{"data":"Zap","floor":7,"key":"SMITH"},{"floor":11,"key":"REST"},{"data":"Coolheaded","floor":15,"key":"SMITH"}],"neow_cost":"NONE","seed_source_timestamp":437988582556800,"circlet_count":0,"master_deck":["AscendersBane","Strike_B","Strike_B","Strike_B+1","Strike_B+1","Zap+1","Dualcast","FTL","Echo Form","Ball Lightning","Glacier","Coolheaded+1","Cold Snap","Self Repair","Fission","Rainbow+1","Darkness+1","Rebound+1"],"relics":["Cracked Core","NeowsBlessing","Golden Idol","Potion Belt","Bag of Marbles","Whetstone","Smiling Mask","MawBank","Blood Vial","PreservedInsect","Astrolabe"],"potions_floor_usage":[16,16],"damage_taken":[{"damage":0,"enemies":"Jaw Worm","floor":1,"turns":1},{"damage":0,"enemies":"3 Sentries","floor":6,"turns":1},{"damage":0,"enemies":"Lagavulin","floor":8,"turns":1},{"damage":24,"enemies":"Gremlin Nob","floor":10,"turns":4},{"damage":7,"enemies":"Lagavulin","floor":13,"turns":6},{"damage":3,"enemies":"Small Slimes","floor":14,"turns":2},{"damage":38,"enemies":"Slime Boss","floor":16,"turns":10},{"damage":22,"enemies":"Chosen","floor":18,"turns":4}],"seed_played":"6758777390576111714","potions_obtained":[{"floor":1,"key":"SpeedPotion"},{"floor":10,"key":"Strength Potion"},{"floor":16,"key":"FearPotion"}],"is_trial":false,"path_per_floor":["M","?","?","?","$","E","R","E","T","E","R","$","E","M","R","B",null,"M"],"character_chosen":"DEFECT","items_purchased":["Potion Belt","Blood Vial"],"campfire_rested":1,"item_purchase_floors":[5,12],"current_hp_per_floor":[64,64,53,53,53,53,53,53,53,29,48,48,43,42,42,13,51,31],"gold":185,"neow_bonus":"THREE_ENEMY_KILL","is_prod":false,"is_daily":false,"chose_seed":false,"campfire_upgraded":2,"win_rate":0,"timestamp":1550543750,"path_taken":["M","?","?","?","$","E","R","E","T","E","R","$","E","M","R","BOSS","M"],"build_version":"2019-01-23","purchased_purges":0,"victory":false,"max_hp_per_floor":[71,71,71,64,64,64,64,64,64,64,64,64,64,64,64,64,64,64],"card_choices":[{"not_picked":["Double Energy","Blizzard"],"picked":"FTL","floor":1},{"not_picked":["Stack","Auto Shields"],"picked":"Ball Lightning","floor":6},{"not_picked":["Aggregate","Static Discharge"],"picked":"Glacier","floor":8},{"not_picked":["Conserve Battery","BootSequence"],"picked":"Coolheaded","floor":10},{"not_picked":["Redo","Fusion"],"picked":"Cold Snap","floor":13},{"not_picked":["Gash","Force Field"],"picked":"Self Repair","floor":14},{"not_picked":["Thunder Strike","Amplify"],"picked":"Fission","floor":16}],"player_experience":1628591,"relics_obtained":[{"floor":6,"key":"Bag of Marbles"},{"floor":8,"key":"Whetstone"},{"floor":9,"key":"Smiling Mask"},{"floor":10,"key":"MawBank"},{"floor":13,"key":"PreservedInsect"}],"event_choices":[{"damage_healed":0,"gold_gain":0,"cards_transformed":["Defend_B"],"player_choice":"Change","damage_taken":0,"max_hp_gain":0,"max_hp_loss":0,"event_name":"Living Wall","floor":2,"gold_loss":0,"cards_obtained":["Echo Form"]},{"damage_healed":0,"gold_gain":75,"player_choice":"Gather Gold","damage_taken":11,"max_hp_gain":0,"max_hp_loss":0,"event_name":"World of Goop","floor":3,"gold_loss":0},{"damage_healed":0,"gold_gain":0,"player_choice":"Lose Max HP","damage_taken":0,"relics_obtained":["Golden Idol"],"max_hp_gain":0,"max_hp_loss":7,"event_name":"Golden Idol","floor":4,"gold_loss":0}],"is_beta":false,"boss_relics":[{"not_picked":["FrozenCore","Empty Cage"],"picked":"Astrolabe"}],"items_purged_floors":[],"is_endless":false,"potions_floor_spawned":[1,10,16],"killed_by":"Chosen","ascension_level":20}