{"gold_per_floor":[118,135,135,135,5,5,79,104,104,118,118,156,176,211,211,300,300,314,139,139,139,163,163,182,197,197,215,215,215,215,234,234,323,323,346,346,365,24,24,60,60,104,150,150,190,190,223,223,223,223,223,223,223,6,41,41],"floor_reached":56,"playtime":3822,"items_purged":["Strike_B","Strike_B","Strike_B"],"score":2067,"play_id":"b2fa2d29-0ed9-4206-aa44-0f1aeff524a1","local_time":"20190310030943","is_ascension_mode":true,"campfire_choices":[{"data":"Zap","floor":6.0,"key":"SMITH"},{"data":"Hologram","floor":15.0,"key":"SMITH"},{"floor":23.0,"key":"REST"},{"data":"Fission","floor":28.0,"key":"SMITH"},{"data":"Ghostly","floor":30.0,"key":"SMITH"},{"data":"Ghostly","floor":32.0,"key":"SMITH"},{"data":"Defragment","floor":41.0,"key":"SMITH"},{"data":"Creative AI","floor":44,"key":"SMITH"},{"floor":49,"key":"RECALL"},{"data":"Seek","floor":53,"key":"SMITH"}],"neow_cost":"NONE","seed_source_timestamp":57359553883800,"circlet_count":0,"master_deck":["AscendersBane","Defend_B","Defend_B","Defend_B","Defend_B","Zap+1","Dualcast","Gash","Gash","Doom and Gloom","Hologram+1","Cold Snap","Glacier","Fission+1","Barrage","Chaos","Ghostly+1","Ghostly+1","Ghostly","White Noise+1","Seek+1","Conserve Battery+1","Undo","Blizzard","Seek","Chill","White Noise","Genetic Algorithm+1","Chill","Electrodynamics","Defragment+1","Creative AI+1","Biased Cognition","Cold Snap","Coolheaded"],"special_seed":0,"relics":["Cracked Core","NeowsBlessing","Golden Idol","Kunai","Cables","Pantograph","Bird Faced Urn","Inserter","Nloth\u0027s Gift","Orrery","Medical Kit","Letter Opener","Dodecahedron","Oddly Smooth Stone","Frozen Egg 2","Centennial Puzzle","Bottled Lightning"],"potions_floor_usage":[45,55,56],"damage_taken":[{"damage":0.0,"enemies":"2 Louse","floor":1.0,"turns":1.0},{"damage":0.0,"enemies":"Small Slimes","floor":2.0,"turns":1.0},{"damage":0.0,"enemies":"Jaw Worm","floor":8.0,"turns":1.0},{"damage":7.0,"enemies":"Blue Slaver","floor":10.0,"turns":3.0},{"damage":16.0,"enemies":"Lagavulin","floor":12.0,"turns":8.0},{"damage":0.0,"enemies":"Lots of Slimes","floor":13.0,"turns":1.0},{"damage":30.0,"enemies":"Gremlin Nob","floor":14.0,"turns":4.0},{"damage":12.0,"enemies":"Hexaghost","floor":16.0,"turns":9.0},{"damage":30.0,"enemies":"Chosen","floor":18.0,"turns":6.0},{"damage":2.0,"enemies":"3 Byrds","floor":22.0,"turns":2.0},{"damage":4.0,"enemies":"Snecko","floor":24.0,"turns":5.0},{"damage":2.0,"enemies":"Centurion and Healer","floor":25.0,"turns":7.0},{"damage":4.0,"enemies":"Snake Plant","floor":27.0,"turns":6.0},{"damage":7.0,"enemies":"3 Cultists","floor":31.0,"turns":6.0},{"damage":16.0,"enemies":"Automaton","floor":33.0,"turns":14.0},{"damage":14.0,"enemies":"3 Darklings","floor":35.0,"turns":6.0},{"damage":0.0,"enemies":"Orb Walker","floor":37.0,"turns":5.0},{"damage":24.0,"enemies":"Nemesis","floor":40.0,"turns":11.0},{"damage":1,"enemies":"Reptomancer","floor":42,"turns":10},{"damage":12,"enemies":"Nemesis","floor":45,"turns":11},{"damage":13,"enemies":"Giant Head","floor":47,"turns":15},{"damage":10,"enemies":"Awakened One","floor":50,"turns":28},{"damage":0,"enemies":"Donu and Deca","floor":51,"turns":8},{"damage":0,"enemies":"Shield and Spear","floor":55,"turns":6},{"damage":54,"enemies":"The Heart","floor":56,"turns":11}],"seed_played":"-7734902844849268281","potions_obtained":[{"floor":10.0,"key":"EssenceOfSteel"},{"floor":11.0,"key":"AttackPotion"},{"floor":11.0,"key":"EntropicBrew"},{"floor":14.0,"key":"LiquidBronze"},{"floor":24.0,"key":"FearPotion"},{"floor":27.0,"key":"Regen Potion"},{"floor":37.0,"key":"Swift Potion"},{"floor":42,"key":"SpeedPotion"},{"floor":45,"key":"SteroidPotion"},{"floor":55,"key":"Fire Potion"}],"is_trial":false,"path_per_floor":["M","M","?","?","$","R","T","M","T","M","?","E","M","E","R","B",null,"M","$","?","?","M","R","M","M","T","M","R","?","R","M","R","B",null,"M","?","M","$","?","E","R","E","T","R","E","$","E","$","R","B","B",null,"R","$","E","B"],"character_chosen":"DEFECT","items_purchased":["Gash","Chaos","Medical Kit","Centennial Puzzle","SkillPotion"],"campfire_rested":1,"item_purchase_floors":[5,19,38,54,54],"current_hp_per_floor":[64,64,57,57,57,57,57,57,57,50,50,34,34,4,4,17,52,22,22,22,22,20,29,27,27,27,25,25,25,25,32,32,32,32,20,20,26,26,26,8,8,23,23,23,32,32,32,32,32,32,32,32,32,32,32,0],"gold":41,"neow_bonus":"THREE_ENEMY_KILL","is_prod":false,"is_daily":false,"chose_seed":false,"campfire_upgraded":8,"win_rate":0,"timestamp":1552154983,"path_taken":["M","M","?","?","?","R","?","?","T","M","?","E","?","E","R","BOSS","M","$","?","?","M","R","M","M","T","M","R","?","R","?","R","BOSS","M","?","M","?","?","E","R","E","T","R","E","$","E","$","R","BOSS","BOSS","R","$","E","BOSS"],"build_version":"2019-01-23","purchased_purges":3,"victory":false,"max_hp_per_floor":[71,71,71,64,64,64,64,64,64,64,64,64,64,64,64,64,64,64,64,32,32,32,32,32,32,32,32,32,32,32,32,32,32,32,32,32,32,32,32,32,32,32,32,32,32,32,32,32,32,32,32,32,32,32,32,32],"card_choices":[{"not_picked":["Beam Cell","Rebound"],"picked":"Gash","floor":1.0},{"not_picked":["Chaos","Hologram"],"picked":"Gash","floor":2.0},{"not_picked":["Leap","Stack"],"picked":"Doom and Gloom","floor":8.0},{"not_picked":["Rebound","Sweeping Beam"],"picked":"Hologram","floor":10.0},{"not_picked":["Sunder","Streamline"],"picked":"Cold Snap","floor":12.0},{"not_picked":["Ball Lightning","Skim","Leap"],"picked":"SKIP","floor":13.0},{"not_picked":["Aggregate","BootSequence"],"picked":"Glacier","floor":14.0},{"not_picked":["Machine Learning","Thunder Strike"],"picked":"Fission","floor":16.0},{"not_picked":["Ball Lightning","Storm"],"picked":"Barrage","floor":18.0},{"not_picked":["Rebound","Reinforced Body+1"],"picked":"White Noise+1","floor":22.0},{"not_picked":["Sweeping Beam+1","Conserve Battery"],"picked":"Seek","floor":24.0},{"not_picked":["Force Field","Streamline+1"],"picked":"Conserve Battery+1","floor":25.0},{"not_picked":["Conserve Battery","Sweeping Beam+1","Ball Lightning"],"picked":"Undo","floor":27.0},{"not_picked":["Beam Cell","Scrape"],"picked":"Blizzard","floor":31.0},{"not_picked":["Amplify","Hyperbeam"],"picked":"Seek","floor":33.0},{"not_picked":["Skim","Loop"],"picked":"Chill","floor":34.0},{"not_picked":["Sweeping Beam","Tempest+1"],"picked":"White Noise","floor":34.0},{"not_picked":["Stack","Doom and Gloom"],"picked":"Genetic Algorithm+1","floor":34.0},{"not_picked":["Compile Driver","Steam"],"picked":"Chill","floor":35.0},{"not_picked":["Lockon","Coolheaded"],"picked":"Defragment","floor":37.0},{"not_picked":["Sweeping Beam","Beam Cell+1","Conserve Battery"],"picked":"SKIP","floor":40.0},{"not_picked":["Meteor Strike","Rebound"],"picked":"Creative AI","floor":42},{"not_picked":["Rebound","Gash"],"picked":"Biased Cognition","floor":45},{"not_picked":["Sweeping Beam","Beam Cell"],"picked":"Cold Snap","floor":47},{"not_picked":["Beam Cell","Hyperbeam"],"picked":"Coolheaded","floor":55}],"player_experience":2129817,"relics_obtained":[{"floor":7.0,"key":"Kunai"},{"floor":9.0,"key":"Cables"},{"floor":12.0,"key":"Pantograph"},{"floor":14.0,"key":"Bird Faced Urn"},{"floor":26.0,"key":"Question Card"},{"floor":40.0,"key":"Letter Opener"},{"floor":42,"key":"Dodecahedron"},{"floor":45,"key":"Oddly Smooth Stone"},{"floor":47,"key":"Frozen Egg 2"},{"floor":55,"key":"Bottled Lightning"}],"event_choices":[{"cards_removed":["Strike_B"],"damage_healed":0.0,"max_hp_gain":0.0,"max_hp_loss":0.0,"gold_gain":0.0,"event_name":"Golden Wing","player_choice":"Card Removal","floor":3.0,"gold_loss":0.0,"damage_taken":7.0},{"damage_healed":0.0,"max_hp_gain":0.0,"max_hp_loss":7.0,"gold_gain":0.0,"event_name":"Golden Idol","player_choice":"Lose Max HP","floor":4.0,"gold_loss":0.0,"damage_taken":0.0,"relics_obtained":["Golden Idol"]},{"damage_healed":0.0,"max_hp_gain":0.0,"max_hp_loss":0.0,"gold_gain":0.0,"event_name":"Lab","player_choice":"Got Potions","floor":11.0,"gold_loss":0.0,"damage_taken":0.0},{"damage_healed":0.0,"max_hp_gain":0.0,"max_hp_loss":32.0,"gold_gain":0.0,"event_name":"Ghosts","player_choice":"Became a Ghost","floor":20.0,"gold_loss":0.0,"damage_taken":0.0,"cards_obtained":["Ghostly","Ghostly","Ghostly"]},{"damage_healed":0.0,"max_hp_gain":0.0,"max_hp_loss":0.0,"gold_gain":0.0,"event_name":"The Mausoleum","player_choice":"Ignored","floor":21.0,"gold_loss":0.0,"damage_taken":0.0},{"damage_healed":0.0,"max_hp_gain":0.0,"max_hp_loss":0.0,"gold_gain":0.0,"event_name":"N\u0027loth","player_choice":"Traded Relic","floor":29.0,"relics_lost":["Question Card"],"gold_loss":0.0,"damage_taken":0.0,"relics_obtained":["Nloth\u0027s Gift"]},{"damage_healed":0.0,"max_hp_gain":0.0,"max_hp_loss":0.0,"gold_gain":0.0,"event_name":"Match and Keep!","player_choice":"1 cards matched","floor":36.0,"gold_loss":0.0,"damage_taken":0.0,"cards_obtained":["Electrodynamics"]},{"cards_removed":["Gash"],"damage_healed":0.0,"max_hp_gain":0.0,"max_hp_loss":0.0,"gold_gain":0.0,"event_name":"Falling","player_choice":"Removed Attack","floor":39.0,"gold_loss":0.0,"damage_taken":0.0}],"is_beta":false,"boss_relics":[{"not_picked":["Snecko Eye","Cursed Key"],"picked":"Inserter"},{"not_picked":["Pandora\u0027s Box","Busted Crown"],"picked":"Orrery"}],"items_purged_floors":[5,19,38],"is_endless":false,"potions_floor_spawned":[10,14,18,24,27,37,42,45,55],"killed_by":"The Heart","ascension_level":20}