{"gold_per_floor":[109,109,127,127,143,143,13,38,38,38,38,56,91,103,103,103],"floor_reached":16,"playtime":428,"items_purged":["Strike_R"],"score":220,"play_id":"80939003-5e4b-49a1-bd2b-61cabfb69c0b","local_time":"20190411192914","is_ascension_mode":true,"campfire_choices":[{"data":"Bash","floor":6,"key":"SMITH"},{"data":"Fiend Fire","floor":11,"key":"SMITH"},{"data":"True Grit","floor":15,"key":"SMITH"}],"neow_cost":"NONE","seed_source_timestamp":408658778698600,"circlet_count":0,"master_deck":["AscendersBane","Defend_R","Defend_R","Defend_R","Defend_R","Bash+1","Whirlwind+1","Combust+1","Power Through+1","Shrug It Off","Second Wind","Corruption","Fiend Fire+1","Decay","True Grit+1"],"relics":["Astrolabe","Ornamental Fan","Oddly Smooth Stone","Molten Egg 2"],"potions_floor_usage":[8,16],"damage_taken":[{"damage":0,"enemies":"Small Slimes","floor":1,"turns":3},{"damage":2,"enemies":"Cultist","floor":3,"turns":3},{"damage":0,"enemies":"2 Louse","floor":5,"turns":1},{"damage":27,"enemies":"Gremlin Nob","floor":8,"turns":4},{"damage":3,"enemies":"Large Slime","floor":12,"turns":3},{"damage":5,"enemies":"Lagavulin","floor":13,"turns":6},{"damage":16,"enemies":"Exordium Thugs","floor":14,"turns":7},{"damage":10,"enemies":"Hexaghost","floor":16,"turns":7}],"seed_played":"7518601844491918416","potions_obtained":[{"floor":3,"key":"Block Potion"},{"floor":8,"key":"Energy Potion"}],"is_trial":false,"path_per_floor":["M","?","M","?","M","R","$","E","T","?","R","M","E","M","R","B"],"character_chosen":"IRONCLAD","items_purchased":["Fire Potion"],"campfire_rested":0,"item_purchase_floors":[7],"current_hp_per_floor":[68,68,66,66,66,66,66,39,39,39,39,36,31,15,15,5],"gold":103,"neow_bonus":"BOSS_RELIC","is_prod":false,"is_daily":false,"chose_seed":false,"campfire_upgraded":3,"win_rate":0,"timestamp":1554978554,"path_taken":["M","?","?","?","?","R","?","E","T","?","R","M","E","M","R","BOSS"],"build_version":"2019-01-23","purchased_purges":1,"victory":false,"max_hp_per_floor":[75,75,75,75,75,75,75,75,75,75,75,75,75,75,75,75],"card_choices":[{"not_picked":["Combust","Wild Strike"],"picked":"Shrug It Off","floor":1},{"not_picked":["Twin Strike","Flex","Sword Boomerang"],"picked":"SKIP","floor":3},{"not_picked":["Pommel Strike","Thunderclap","Corruption"],"picked":"SKIP","floor":5},{"not_picked":["Warcry","Pummel"],"picked":"Fiend Fire","floor":8},{"not_picked":["Clothesline","Thunderclap"],"picked":"True Grit","floor":12},{"not_picked":["Blood for Blood","Second Wind","Flex"],"picked":"SKIP","floor":13},{"not_picked":["Clash+1","Heavy Blade+1","Warcry"],"picked":"SKIP","floor":14},{"not_picked":["Clash+1","Heavy Blade+1","Warcry"],"picked":"SKIP","floor":14}],"player_experience":3058740,"relics_obtained":[{"floor":8,"key":"Ornamental Fan"},{"floor":9,"key":"Oddly Smooth Stone"},{"floor":13,"key":"Molten Egg 2"}],"event_choices":[{"damage_healed":0,"gold_gain":0,"cards_transformed":["Strike_R"],"player_choice":"Transformed","damage_taken":0,"max_hp_gain":0,"max_hp_loss":0,"event_name":"Transmorgrifier","floor":2,"gold_loss":0,"cards_obtained":["Second Wind"]},{"damage_healed":0,"gold_gain":0,"player_choice":"1 cards matched","damage_taken":0,"max_hp_gain":0,"max_hp_loss":0,"event_name":"Match and Keep!","floor":4,"gold_loss":0,"cards_obtained":["Corruption"]},{"damage_healed":0,"gold_gain":0,"player_choice":"Cursed","damage_taken":0,"max_hp_gain":0,"max_hp_loss":0,"event_name":"Wheel of Change","floor":10,"gold_loss":0,"cards_obtained":["Decay"]}],"is_beta":false,"boss_relics":[],"items_purged_floors":[7],"is_endless":false,"potions_floor_spawned":[3,8,12,13,14],"killed_by":"Hexaghost","ascension_level":20}