{"gold_per_floor":[119,119,119,132,132,180,205,218,218,236,236,236,256,290,290,365,365,380,305,140,140,158,183,183,218,218,218,228,239,239,239,239,310,310,329,376,386,31,44,44,44,44,44,74,74,74,99,14,14,14,14,14,14,14,41,41],"floor_reached":57,"playtime":2490,"items_purged":["Sunder","All For One"],"score":3033,"play_id":"08578587-7ad3-4f8d-999d-658d6fe20690","local_time":"20190407154326","is_ascension_mode":true,"campfire_choices":[{"floor":12,"key":"REST"},{"data":"Blizzard","floor":15,"key":"SMITH"},{"floor":24,"key":"REST"},{"data":"Defragment","floor":27,"key":"SMITH"},{"data":"Loop","floor":30,"key":"SMITH"},{"data":"Discovery","floor":32,"key":"SMITH"},{"data":"Consume","floor":40,"key":"SMITH"},{"data":"Hologram","floor":42,"key":"SMITH"},{"floor":46,"key":"RECALL"},{"data":"Capacitor","floor":49,"key":"SMITH"},{"data":"FTL","floor":53,"key":"PURGE"}],"neow_cost":"NONE","seed_source_timestamp":47437693126900,"circlet_count":0,"master_deck":["AscendersBane","Zap","Dualcast","Fission","Blizzard+1","Self Repair","Coolheaded","Defragment+1","Coolheaded","Self Repair","Consume+1","Glacier","Reboot","Discovery+1","Glacier","Loop+1","Loop+1","Glacier","Heatsinks","Hologram+1","Heatsinks","Capacitor+1","Defragment+1"],"relics":["Pandora\u0027s Box","Bird Faced Urn","Bag of Marbles","Du-Vu Doll","Ornamental Fan","Singing Bowl","Runic Dome","Mummified Hand","Sundial","Nuclear Battery","Peace Pipe","Runic Capacitor","Blue Candle","Nunchaku","Ancient Tea Set","Mango"],"potions_floor_usage":[7,16,23,23,23,56,56],"damage_taken":[{"damage":0,"enemies":"2 Louse","floor":1,"turns":2},{"damage":10,"enemies":"Small Slimes","floor":4,"turns":3},{"damage":32,"enemies":"Gremlin Nob","floor":7,"turns":4},{"damage":12,"enemies":"Jaw Worm","floor":8,"turns":2},{"damage":11,"enemies":"Looter","floor":10,"turns":2},{"damage":2,"enemies":"Exordium Thugs","floor":13,"turns":4},{"damage":4,"enemies":"Lagavulin","floor":14,"turns":8},{"damage":42,"enemies":"Slime Boss","floor":16,"turns":13},{"damage":0,"enemies":"Spheric Guardian","floor":18,"turns":5},{"damage":17,"enemies":"Shell Parasite","floor":22,"turns":6},{"damage":60,"enemies":"Book of Stabbing","floor":23,"turns":8},{"damage":18,"enemies":"Gremlin Leader","floor":25,"turns":5},{"damage":14,"enemies":"Shelled Parasite and Fungi","floor":28,"turns":5},{"damage":12,"enemies":"Snake Plant","floor":29,"turns":4},{"damage":0,"enemies":"Automaton","floor":33,"turns":12},{"damage":0,"enemies":"Orb Walker","floor":35,"turns":3},{"damage":9,"enemies":"2 Orb Walkers","floor":36,"turns":6},{"damage":0,"enemies":"3 Shapes","floor":37,"turns":3},{"damage":17,"enemies":"Jaw Worm Horde","floor":39,"turns":3},{"damage":0,"enemies":"Nemesis","floor":44,"turns":19},{"damage":0,"enemies":"Giant Head","floor":47,"turns":10},{"damage":45,"enemies":"Time Eater","floor":50,"turns":22},{"damage":3,"enemies":"Donu and Deca","floor":51,"turns":8},{"damage":0,"enemies":"Shield and Spear","floor":55,"turns":9},{"damage":25,"enemies":"The Heart","floor":56,"turns":12}],"seed_played":"-6880363653597636561","potions_obtained":[{"floor":1,"key":"SneckoOil"},{"floor":7,"key":"EntropicBrew"},{"floor":8,"key":"AttackPotion"},{"floor":18,"key":"SteroidPotion"},{"floor":29,"key":"Strength Potion"},{"floor":39,"key":"AttackPotion"}],"is_trial":false,"path_per_floor":["M","?","?","M","?","T","E","M","T","M","$","R","M","E","R","B",null,"M","?","$","?","M","E","R","E","T","R","M","M","R","?","R","B",null,"M","?","M","$","M","R","?","R","T","E","?","R","E","$","R","B","B",null,"R","$","E","B",null],"character_chosen":"DEFECT","items_purchased":["Discovery","Runic Capacitor","Heatsinks","Capacitor"],"campfire_rested":2,"item_purchase_floors":[20,38,38,48],"current_hp_per_floor":[64,57,39,29,52,52,29,19,19,8,8,29,45,61,61,39,63,73,73,73,73,75,33,55,61,61,61,75,77,77,77,77,79,79,81,83,85,85,85,85,81,81,81,83,83,83,83,83,83,68,83,83,83,83,97,97],"gold":41,"neow_bonus":"BOSS_RELIC","is_prod":false,"is_daily":false,"chose_seed":false,"campfire_upgraded":7,"win_rate":0,"timestamp":1554619406,"path_taken":["M","?","?","M","?","?","E","M","T","?","$","R","?","E","R","BOSS","M","?","$","?","?","E","R","E","T","R","M","M","R","?","R","BOSS","M","?","M","$","M","R","?","R","T","E","?","R","E","?","R","BOSS","BOSS","R","$","E","BOSS"],"build_version":"2019-01-23","purchased_purges":2,"victory":true,"max_hp_per_floor":[71,71,71,71,71,71,71,71,71,71,71,71,71,71,71,71,71,73,73,73,73,75,75,75,75,75,75,77,77,77,77,77,79,79,81,83,85,85,85,85,81,81,81,83,83,83,83,83,83,83,83,83,83,83,97,97],"card_choices":[{"not_picked":["Gash","Heatsinks"],"picked":"Self Repair","floor":1},{"not_picked":["White Noise","Turbo"],"picked":"Coolheaded","floor":4},{"not_picked":["Doom and Gloom","Turbo"],"picked":"Defragment","floor":7},{"not_picked":["Sweeping Beam","Aggregate"],"picked":"Coolheaded","floor":8},{"not_picked":["Chaos","Storm"],"picked":"Self Repair","floor":10},{"not_picked":["Tempest","Go for the Eyes"],"picked":"Consume","floor":13},{"not_picked":["Conserve Battery","Stack"],"picked":"Glacier","floor":14},{"not_picked":["Machine Learning","Amplify"],"picked":"Reboot","floor":16},{"not_picked":["Fusion","Go for the Eyes","Conserve Battery"],"picked":"Singing Bowl","floor":18},{"not_picked":["Genetic Algorithm","Blizzard","Barrage"],"picked":"Singing Bowl","floor":22},{"not_picked":["Recycle+1","Meteor Strike"],"picked":"Loop+1","floor":23},{"not_picked":["Redo","Rebound+1"],"picked":"Loop","floor":25},{"not_picked":["Rip and Tear","Leap","Coolheaded"],"picked":"Singing Bowl","floor":28},{"not_picked":["Sweeping Beam","BootSequence"],"picked":"Glacier","floor":29},{"not_picked":["All For One","Fission","Thunder Strike"],"picked":"Singing Bowl","floor":33},{"not_picked":["Go for the Eyes","Reinforced Body","Doom and Gloom"],"picked":"Singing Bowl","floor":35},{"not_picked":["Genetic Algorithm","Reinforced Body","Beam Cell+1"],"picked":"Singing Bowl","floor":36},{"not_picked":["Compile Driver","Go for the Eyes","Rebound+1"],"picked":"Singing Bowl","floor":37},{"not_picked":["Storm","Ball Lightning"],"picked":"Hologram","floor":39},{"not_picked":["Chill+1","Redo","Multi-Cast"],"picked":"Singing Bowl","floor":44},{"not_picked":["Self Repair+1","Rebound"],"picked":"Heatsinks","floor":47},{"not_picked":["Ball Lightning","Steam Power"],"picked":"Defragment+1","floor":55}],"player_experience":2945406,"relics_obtained":[{"floor":6,"key":"Bag of Marbles"},{"floor":7,"key":"Du-Vu Doll"},{"floor":9,"key":"Ornamental Fan"},{"floor":14,"key":"Singing Bowl"},{"floor":23,"key":"Mummified Hand"},{"floor":25,"key":"Sundial"},{"floor":36,"key":"Peace Pipe"},{"floor":43,"key":"Blue Candle"},{"floor":44,"key":"Nunchaku"},{"floor":47,"key":"Ancient Tea Set"},{"floor":55,"key":"Mango"}],"event_choices":[{"cards_removed":["Aggregate"],"damage_healed":0,"gold_gain":0,"player_choice":"Card Removal","damage_taken":7,"max_hp_gain":0,"max_hp_loss":0,"event_name":"Golden Wing","floor":2,"gold_loss":0},{"damage_healed":0,"gold_gain":0,"player_choice":"Success","damage_taken":18,"relics_obtained":["Bird Faced Urn"],"max_hp_gain":0,"max_hp_loss":0,"event_name":"Scrap Ooze","floor":3,"gold_loss":0},{"damage_healed":23,"gold_gain":0,"player_choice":"Banana","damage_taken":0,"max_hp_gain":0,"max_hp_loss":0,"event_name":"Big Fish","floor":5,"gold_loss":0},{"cards_removed":["Auto Shields"],"damage_healed":0,"gold_gain":0,"player_choice":"Gave Gold","damage_taken":0,"max_hp_gain":0,"max_hp_loss":0,"event_name":"Beggar","floor":19,"gold_loss":75},{"damage_healed":0,"gold_gain":0,"player_choice":"Copied","damage_taken":0,"max_hp_gain":0,"max_hp_loss":0,"event_name":"Duplicator","floor":21,"gold_loss":0,"cards_obtained":["Glacier"]},{"damage_healed":0,"gold_gain":0,"player_choice":"Ignored","damage_taken":0,"max_hp_gain":0,"max_hp_loss":0,"event_name":"Ghosts","floor":31,"gold_loss":0},{"damage_healed":0,"gold_gain":0,"player_choice":"Fight","damage_taken":0,"max_hp_gain":0,"max_hp_loss":0,"event_name":"Mysterious Sphere","floor":36,"gold_loss":0},{"damage_healed":0,"gold_gain":0,"player_choice":"Max HP","damage_taken":0,"max_hp_gain":0,"max_hp_loss":4,"event_name":"Winding Halls","floor":41,"gold_loss":0},{"cards_removed":["Sunder"],"damage_healed":0,"gold_gain":0,"player_choice":"Removed Attack","damage_taken":0,"max_hp_gain":0,"max_hp_loss":0,"event_name":"Falling","floor":45,"gold_loss":0}],"is_beta":false,"boss_relics":[{"not_picked":["Orrery","Sozu"],"picked":"Runic Dome"},{"not_picked":["Busted Crown","Philosopher\u0027s Stone"],"picked":"Nuclear Battery"}],"items_purged_floors":[20,38],"is_endless":false,"potions_floor_spawned":[1,7,8,18,29,36,39,44,55],"ascension_level":20}