{"gold_per_floor":[116,116,116,116,116,155,155,169,169,190,24,40,65,109,109,203,203,222,57,57,80,80],"floor_reached":22,"playtime":674,"items_purged":["Strike_R"],"score":388,"play_id":"837ff6d4-6fd8-4b55-8246-33063136f9be","local_time":"20190401124303","is_ascension_mode":true,"campfire_choices":[{"floor":7,"key":"REST"},{"data":"Carnage","floor":15,"key":"SMITH"}],"neow_cost":"NONE","seed_source_timestamp":264782831129700,"circlet_count":0,"master_deck":["AscendersBane","Strike_R","Strike_R+1","Strike_R","Defend_R","Defend_R","Defend_R","Defend_R","Bash","Armaments+1","Second Wind","Carnage+1","Reaper","Seeing Red","Body Slam","Reaper","Barricade+1","Entrench","Evolve+1","Enlightenment","Metallicize+1"],"relics":["Runic Pyramid","Golden Idol","Shuriken","Bronze Scales","Frozen Egg 2","Orrery"],"potions_floor_usage":[16,16],"damage_taken":[{"damage":3,"enemies":"2 Louse","floor":1,"turns":2},{"damage":34,"enemies":"Gremlin Nob","floor":6,"turns":4},{"damage":0,"enemies":"Small Slimes","floor":8,"turns":4},{"damage":4,"enemies":"Jaw Worm","floor":10,"turns":3},{"damage":5,"enemies":"Exordium Wildlife","floor":12,"turns":3},{"damage":9,"enemies":"Exordium Thugs","floor":13,"turns":4},{"damage":12,"enemies":"Lagavulin","floor":14,"turns":6},{"damage":17,"enemies":"Slime Boss","floor":16,"turns":7},{"damage":3,"enemies":"3 Byrds","floor":18,"turns":5},{"damage":44,"enemies":"Spheric Guardian","floor":21,"turns":6},{"damage":0,"enemies":"3 Cultists","floor":22,"turns":3}],"seed_played":"-330602819295778160","potions_obtained":[{"floor":6,"key":"SneckoOil"},{"floor":8,"key":"AttackPotion"},{"floor":10,"key":"SkillPotion"}],"is_trial":false,"path_per_floor":["M","?","?","?","?","E","R","M","T","M","$","M","M","E","R","B",null,"M","$","?","M","M"],"character_chosen":"IRONCLAD","items_purchased":["Reaper","Enlightenment"],"campfire_rested":1,"item_purchase_floors":[11,19],"current_hp_per_floor":[65,65,65,42,42,8,28,28,28,24,24,26,25,22,22,25,57,54,54,54,11,11],"gold":80,"neow_bonus":"BOSS_RELIC","is_prod":false,"is_daily":false,"chose_seed":false,"campfire_upgraded":1,"win_rate":0,"timestamp":1554090183,"path_taken":["M","?","?","?","?","E","R","M","T","M","?","M","M","E","R","BOSS","M","$","?","M","M"],"build_version":"2019-01-23","purchased_purges":1,"victory":false,"max_hp_per_floor":[75,75,75,75,68,68,68,68,68,68,68,68,68,68,68,68,68,68,68,68,68,68],"card_choices":[{"not_picked":["Iron Wave","Clash"],"picked":"Armaments","floor":1},{"not_picked":["Heavy Blade","Sword Boomerang","Brutality"],"picked":"SKIP","floor":6},{"not_picked":["Pommel Strike","Searing Blow"],"picked":"Carnage","floor":8},{"not_picked":["Clothesline","Cleave","Body Slam"],"picked":"SKIP","floor":10},{"not_picked":["Body Slam","Reaper"],"picked":"Seeing Red","floor":12},{"not_picked":["Iron Wave","Havoc"],"picked":"Body Slam","floor":13},{"not_picked":["Reckless Charge","Sword Boomerang"],"picked":"Reaper","floor":14},{"not_picked":["Limit Break","Dark Embrace+1"],"picked":"Barricade+1","floor":16},{"not_picked":["Headbutt","Corruption+1"],"picked":"Entrench","floor":17},{"not_picked":["Iron Wave","Perfected Strike"],"picked":"Evolve+1","floor":17},{"not_picked":["Armaments","Corruption+1","Flex"],"picked":"SKIP","floor":18},{"not_picked":["Sword Boomerang","Cleave"],"picked":"Metallicize+1","floor":21}],"player_experience":2795408,"relics_obtained":[{"floor":6,"key":"Shuriken"},{"floor":9,"key":"Bronze Scales"},{"floor":14,"key":"Frozen Egg 2"}],"event_choices":[{"damage_healed":0,"gold_gain":0,"cards_transformed":["Strike_R"],"player_choice":"Change","damage_taken":0,"max_hp_gain":0,"max_hp_loss":0,"event_name":"Living Wall","floor":2,"gold_loss":0,"cards_obtained":["Second Wind"]},{"damage_healed":0,"gold_gain":0,"player_choice":"Ignored","damage_taken":0,"max_hp_gain":0,"max_hp_loss":0,"event_name":"Liars Game","floor":3,"gold_loss":0},{"damage_healed":0,"gold_gain":0,"player_choice":"Entered Light","damage_taken":23,"max_hp_gain":0,"max_hp_loss":0,"event_name":"Shining Light","floor":4,"gold_loss":0,"cards_upgraded":["Strike_R","Armaments"]},{"damage_healed":0,"gold_gain":0,"player_choice":"Lose Max HP","damage_taken":0,"relics_obtained":["Golden Idol"],"max_hp_gain":0,"max_hp_loss":7,"event_name":"Golden Idol","floor":5,"gold_loss":0},{"damage_healed":0,"gold_gain":0,"player_choice":"Ignored","damage_taken":0,"max_hp_gain":0,"max_hp_loss":0,"event_name":"The Mausoleum","floor":20,"gold_loss":0}],"is_beta":false,"boss_relics":[{"not_picked":["Runic Cube","Snecko Eye"],"picked":"Orrery"}],"items_purged_floors":[19],"is_endless":false,"potions_floor_spawned":[6,8,10,12],"killed_by":"3 Cultists","ascension_level":20}