{"path_per_floor":["M","?","?","$","M","R","E","M","T","R","E","M","M","M","R","B",null,"M","$","T","T","M","R","E","?","T","M","R","$","?","E","R","B",null,"M","M","M","$","?","E","R","E","T","$","R","E","?","M","R","B"],"character_chosen":"THE_SILENT","items_purchased":["Shuriken","Blade Dance","Madness"],"gold_per_floor":[118,118,118,68,83,83,108,122,122,122,182,197,210,228,228,323,323,336,39,39,39,57,57,89,89,112,130,130,80,80,114,114,210,240,253,263,275,153,153,188,188,217,217,65,65,96,0,14,14,14],"floor_reached":51,"campfire_rested":1,"playtime":3514,"current_hp_per_floor":[63,63,63,63,54,54,21,17,17,17,9,9,9,8,29,6,54,48,48,48,48,59,59,59,49,49,49,49,49,49,49,49,49,54,54,54,54,54,54,54,54,31,31,31,31,45,45,51,51,54],"items_purged":["Normality","Defend_G","Defend_G","Writhe","Writhe"],"gold":14,"score":1109,"play_id":"997d1129-10cc-4e9a-9b9a-b884ec59cd60","local_time":"20180411220441","is_prod":false,"is_daily":false,"chose_seed":false,"is_ascension_mode":true,"campfire_upgraded":8,"timestamp":1523455481,"path_taken":["M","?","?","$","M","R","E","M","T","R","E","?","M","M","R","BOSS","M","$","?","?","M","R","E","?","T","?","R","$","?","E","R","BOSS","M","M","M","$","?","E","R","E","T","$","R","E","?","M","R","BOSS"],"build_version":"2018-04-10","seed_source_timestamp":1409022896388658,"purchased_purges":5,"victory":true,"master_deck":["Defend_G","Defend_G","Survivor+1","Neutralize+1","Outmaneuver","Terror+1","Venomology+1","Dagger Spray+1","Footwork+1","Dodge and Roll","Infinite Blades+1","After Image+1","Leg Sweep+1","Blur+1","Bite","Bite","Bite+1","Bite","Bite","Finisher+1","Riddle With Holes+1","Blur+1","Blade Dance+1","PiercingWail+1","Cloak And Dagger+1","Madness+1","Cloak And Dagger+1","Quick Slash+1"],"max_hp_per_floor":[70,70,70,70,70,70,70,70,70,70,70,70,70,70,70,70,70,70,70,70,70,70,70,70,49,49,49,49,49,49,49,49,49,54,54,54,54,54,54,54,54,54,54,54,54,54,54,54,54,54],"relics":["Ring of the Snake","Smiling Mask","Omamori","Centennial Puzzle","Tiny Chest","Cursed Key","Shuriken","Paper Crane","Bottled Tornado","Toxic Egg 2","Oddly Smooth Stone","War Paint","Tiny House","Dream Catcher","Toolbox","Ninja Scroll","Art of War","Red Mask"],"card_choices":[{"not_picked":["Slice","Dagger Throw"],"picked":"Outmaneuver","floor":1},{"not_picked":["Well Laid Plans","Acrobatics"],"picked":"Terror","floor":5},{"not_picked":["Endless Agony","Dodge and Roll"],"picked":"Venomology","floor":7},{"not_picked":["Dagger Throw","Deflect"],"picked":"Dagger Spray","floor":8},{"not_picked":["Underhanded Strike","Infinite Blades"],"picked":"Footwork","floor":11},{"not_picked":["Bane","Underhanded Strike"],"picked":"Dodge and Roll","floor":12},{"not_picked":["Prepared","Outmaneuver"],"picked":"Infinite Blades","floor":14},{"not_picked":["Wraith Form v2","Doppelganger"],"picked":"After Image","floor":16},{"not_picked":["Sucker Punch","Flechettes"],"picked":"Leg Sweep","floor":18},{"not_picked":["Finisher","Escape Plan"],"picked":"Sucker Punch","floor":22},{"not_picked":["Backflip","Leg Sweep"],"picked":"Blur","floor":24},{"not_picked":["Poisoned Stab","Underhanded Strike"],"picked":"Finisher","floor":27},{"not_picked":["Setup","Quick Slash"],"picked":"Blur","floor":34},{"not_picked":["Setup","Dodge and Roll"],"picked":"PiercingWail","floor":40},{"not_picked":["Bullet Time","Heel Hook"],"picked":"Cloak And Dagger","floor":42},{"not_picked":["Prepared","Expertise"],"picked":"Cloak And Dagger","floor":46},{"not_picked":["Cloak And Dagger","Prepared"],"picked":"Quick Slash","floor":48}],"player_experience":266825,"potions_floor_usage":[11,12,13,14,16,16,16,22,22,27,31,33,33,33,36,37,40,42,42,46,48,50,50,50],"damage_taken":[{"damage":0,"enemies":"2 Louse","floor":1,"turns":2},{"damage":9,"enemies":"Cultist","floor":5,"turns":5},{"damage":33,"enemies":"Lagavulin","floor":7,"turns":10},{"damage":4,"enemies":"Small Slimes","floor":8,"turns":4},{"damage":8,"enemies":"3 Sentries","floor":11,"turns":8},{"damage":0,"enemies":"2 Fungi Beasts","floor":12,"turns":4},{"damage":0,"enemies":"Red Slaver","floor":13,"turns":5},{"damage":1,"enemies":"Exordium Wildlife","floor":14,"turns":5},{"damage":38,"enemies":"Slime Boss","floor":16,"turns":15},{"damage":6,"enemies":"3 Byrds","floor":18,"turns":8},{"damage":4,"enemies":"Chosen","floor":22,"turns":7},{"damage":0,"enemies":"Book of Stabbing","floor":24,"turns":7},{"damage":0,"enemies":"Centurion and Healer","floor":27,"turns":7},{"damage":9,"enemies":"Gremlin Leader","floor":31,"turns":7},{"damage":9,"enemies":"Champ","floor":33,"turns":10},{"damage":0,"enemies":"Orb Walker","floor":35,"turns":4},{"damage":0,"enemies":"Flame Bruiser 1 Orb","floor":36,"turns":5},{"damage":2,"enemies":"3 Darklings","floor":37,"turns":6},{"damage":1,"enemies":"Giant Head","floor":40,"turns":8},{"damage":26,"enemies":"2 Orb Walkers","floor":42,"turns":3},{"damage":9,"enemies":"Giant Head","floor":46,"turns":8},{"damage":0,"enemies":"4 Shapes","floor":48,"turns":5},{"damage":10,"enemies":"Awakened One","floor":50,"turns":10}],"event_choices":[{"event_name":"Bonfire Elementals","player_choice":"BASIC","floor":2,"damage_taken":0},{"event_name":"Accursed Blacksmith","player_choice":"Rummage","floor":3,"damage_taken":0},{"event_name":"Vampires","player_choice":"Became a vampire","floor":25,"damage_taken":0},{"event_name":"Transmorgrifier","player_choice":"Transform","floor":30,"damage_taken":0},{"event_name":"Tomb of Lord Red Mask","player_choice":"Paid","floor":47,"damage_taken":0}],"boss_relics":[{"not_picked":["Black Star","Snecko Eye"],"picked":"Cursed Key"},{"not_picked":["Sozu","Velvet Choker"],"picked":"Tiny House"}],"potions_floor_spawned":[1,7,12,16,18,24,27,36,40,48],"seed_played":"-1499222366468534601","ascension_level":8,"is_trial":false}