{"gold_per_floor":[109,125,125,73,73,73,100,100,178,188,219,239,273,348,348,348],"floor_reached":16,"playtime":546,"items_purged":[],"score":201,"play_id":"bdf1e56a-c9fa-4c03-abe3-3de05d3f308b","local_time":"20181202124630","is_ascension_mode":true,"campfire_choices":[{"data":"Zap","floor":6,"key":"SMITH"},{"floor":8,"key":"REST"},{"floor":15,"key":"REST"}],"neow_cost":"NONE","seed_source_timestamp":599653747663507,"circlet_count":0,"master_deck":["AscendersBane","Strike_B","Strike_B","Strike_B","Strike_B","Defend_B","Defend_B","Defend_B+1","Defend_B","Zap+1","Dualcast","Core Surge","Auto Shields+1","Ball Lightning","Reinforced Body","Conserve Battery","Reinforced Body"],"relics":["Cracked Core","Omamori","Art of War","Letter Opener","Matryoshka","Darkstone Periapt"],"potions_floor_usage":[13],"damage_taken":[{"damage":2,"enemies":"2 Louse","floor":1,"turns":2},{"damage":1,"enemies":"Jaw Worm","floor":2,"turns":2},{"damage":22,"enemies":"3 Sentries","floor":7,"turns":7},{"damage":0,"enemies":"Cultist","floor":10,"turns":3},{"damage":9,"enemies":"Gremlin Nob","floor":11,"turns":4},{"damage":0,"enemies":"Red Slaver","floor":12,"turns":3},{"damage":2,"enemies":"3 Sentries","floor":13,"turns":5},{"damage":33,"enemies":"Slime Boss","floor":16,"turns":10}],"seed_played":"6648347222224003666","potions_obtained":[{"floor":11,"key":"SteroidPotion"},{"floor":12,"key":"AttackPotion"}],"is_trial":false,"path_per_floor":["M","M","?","$","?","R","E","R","T","M","E","M","E","?","R","B"],"character_chosen":"DEFECT","items_purchased":["Ball Lightning"],"campfire_rested":2,"item_purchase_floors":[4],"current_hp_per_floor":[62,61,49,49,35,35,13,34,34,34,25,25,23,12,33,0],"gold":348,"neow_bonus":"ONE_RANDOM_RARE_CARD","is_prod":false,"is_daily":false,"chose_seed":false,"campfire_upgraded":1,"win_rate":0,"timestamp":1543725990,"path_taken":["M","M","?","$","?","R","E","R","T","M","E","M","E","?","R","BOSS"],"build_version":"2018-11-15","purchased_purges":0,"victory":false,"max_hp_per_floor":[71,71,71,71,71,71,71,71,71,71,71,71,71,71,71,71],"card_choices":[{"not_picked":["Redo","Coolheaded"],"picked":"Auto Shields","floor":1},{"not_picked":["Go for the Eyes","Chaos","Force Field"],"picked":"SKIP","floor":2},{"not_picked":["Blizzard","Reboot"],"picked":"Reinforced Body","floor":7},{"not_picked":["Lockon","Reprogram","Blizzard"],"picked":"SKIP","floor":10},{"not_picked":["Rebound","Chill"],"picked":"Conserve Battery","floor":11},{"not_picked":["Double Energy","Conserve Battery","Steam"],"picked":"SKIP","floor":12},{"not_picked":["Sweeping Beam","Beam Cell"],"picked":"Reinforced Body","floor":13}],"player_experience":573717,"relics_obtained":[{"floor":7,"key":"Art of War"},{"floor":9,"key":"Letter Opener"},{"floor":11,"key":"Matryoshka"},{"floor":13,"key":"Darkstone Periapt"}],"event_choices":[{"damage_healed":0,"gold_gain":0,"player_choice":"Success","damage_taken":12,"relics_obtained":["Omamori"],"max_hp_gain":0,"max_hp_loss":0,"event_name":"Scrap Ooze","floor":3,"gold_loss":0},{"damage_healed":0,"gold_gain":0,"player_choice":"Entered Light","damage_taken":14,"max_hp_gain":0,"max_hp_loss":0,"event_name":"Shining Light","floor":5,"gold_loss":0,"cards_upgraded":["Defend_B","Auto Shields"]},{"damage_healed":0,"gold_gain":75,"player_choice":"Gather Gold","damage_taken":11,"max_hp_gain":0,"max_hp_loss":0,"event_name":"World of Goop","floor":14,"gold_loss":0}],"is_beta":true,"boss_relics":[],"items_purged_floors":[],"is_endless":false,"potions_floor_spawned":[11,12],"killed_by":"Slime Boss","ascension_level":14}