{"gold_per_floor":[119,133,133,133,133,133,171,195,243,243],"floor_reached":10,"playtime":125,"items_purged":[],"score":182,"play_id":"22ec1b9a-367b-4aba-b599-6f20d724a1eb","local_time":"20190420145131","is_ascension_mode":true,"campfire_choices":[{"floor":6,"key":"REST"}],"neow_cost":"NONE","seed_source_timestamp":385189414460800,"circlet_count":0,"master_deck":["AscendersBane","Strike_R","Strike_R","Strike_R","Strike_R","Strike_R","Defend_R+1","Defend_R","Defend_R","Defend_R","Bash+1","Armaments","True Grit","Flame Barrier"],"relics":["Burning Blood","NeowsBlessing","Golden Idol","Potion Belt","Red Skull","Bag of Preparation"],"potions_floor_usage":[10,10],"damage_taken":[{"damage":0,"enemies":"Jaw Worm","floor":1,"turns":1},{"damage":0,"enemies":"2 Louse","floor":2,"turns":1},{"damage":0,"enemies":"Lagavulin","floor":7,"turns":2},{"damage":4,"enemies":"Cultist","floor":8,"turns":4},{"damage":33,"enemies":"Gremlin Nob","floor":10,"turns":4}],"seed_played":"-648831211754534198","potions_obtained":[{"floor":1,"key":"FearPotion"},{"floor":7,"key":"SkillPotion"}],"is_trial":false,"path_per_floor":["M","M","?","?","?","R","E","M","T","E"],"character_chosen":"IRONCLAD","items_purchased":[],"campfire_rested":1,"item_purchase_floors":[],"current_hp_per_floor":[74,75,49,31,8,30,36,38,38,5],"gold":243,"neow_bonus":"THREE_ENEMY_KILL","is_prod":false,"is_daily":false,"chose_seed":false,"campfire_upgraded":0,"win_rate":0,"timestamp":1555739491,"path_taken":["M","M","?","?","?","R","E","M","T","E"],"build_version":"2019-01-23","purchased_purges":0,"victory":false,"max_hp_per_floor":[75,75,75,75,75,75,75,75,75,75],"card_choices":[{"not_picked":["Reckless Charge","Perfected Strike"],"picked":"Armaments","floor":1},{"not_picked":["Havoc","Armaments"],"picked":"True Grit","floor":2},{"not_picked":["Perfected Strike","Havoc"],"picked":"Flame Barrier","floor":7},{"not_picked":["Flex","Cleave","Intimidate"],"picked":"SKIP","floor":8}],"player_experience":3250711,"relics_obtained":[{"floor":7,"key":"Red Skull"},{"floor":9,"key":"Bag of Preparation"}],"event_choices":[{"damage_healed":0,"gold_gain":0,"player_choice":"Take Damage","damage_taken":26,"relics_obtained":["Golden Idol"],"max_hp_gain":0,"max_hp_loss":0,"event_name":"Golden Idol","floor":3,"gold_loss":0},{"damage_healed":0,"gold_gain":0,"player_choice":"Success","damage_taken":18,"relics_obtained":["Potion Belt"],"max_hp_gain":0,"max_hp_loss":0,"event_name":"Scrap Ooze","floor":4,"gold_loss":0},{"damage_healed":0,"gold_gain":0,"player_choice":"Entered Light","damage_taken":23,"max_hp_gain":0,"max_hp_loss":0,"event_name":"Shining Light","floor":5,"gold_loss":0,"cards_upgraded":["Defend_R","Bash"]}],"is_beta":false,"boss_relics":[],"items_purged_floors":[],"is_endless":false,"potions_floor_spawned":[1,7],"killed_by":"Gremlin Nob","ascension_level":20}