{"gold_per_floor":[218,293,311,21,21,21,21,21,70,100,100,130,130,145,145,216,216,232,232,12,32,49,49,49,49,100,100,100,100,28,44,44,44],"floor_reached":33,"playtime":3926,"items_purged":["Writhe"],"score":436,"play_id":"aa2cb790-788e-4b2c-9c36-66ddf41f472d","local_time":"20181117102935","is_ascension_mode":true,"campfire_choices":[{"floor":7,"key":"REST"},{"floor":11,"key":"REST"},{"floor":13,"key":"REST"},{"floor":15,"key":"REST"},{"floor":23,"key":"REST"},{"floor":25,"key":"REST"},{"floor":29,"key":"REST"},{"floor":32,"key":"REST"}],"neow_cost":"NONE","seed_source_timestamp":248700465896940,"circlet_count":0,"master_deck":["AscendersBane","Strike_B","Strike_B","Strike_B","Strike_B+1","Defend_B","Defend_B","Defend_B+1","Defend_B","Zap","Dualcast+1","Loop","Chaos+1","Panache","Capacitor","Steam","Compile Driver","Ball Lightning","Fission","Reboot","Darkness+1","Defragment","Conserve Battery","Cold Snap","Self Repair","Barrage"],"relics":["Cracked Core","Juzu Bracelet","Potion Belt","Bronze Scales","Black Star","Matryoshka","Happy Flower","War Paint"],"potions_floor_usage":[10,18,21,21,22,28,28],"damage_taken":[{"damage":0,"enemies":"Small Slimes","floor":1,"turns":2},{"damage":1,"enemies":"2 Louse","floor":3,"turns":4},{"damage":26,"enemies":"Lagavulin","floor":10,"turns":6},{"damage":36,"enemies":"Gremlin Nob","floor":12,"turns":4},{"damage":4,"enemies":"Jaw Worm","floor":14,"turns":2},{"damage":31,"enemies":"Hexaghost","floor":16,"turns":8},{"damage":11,"enemies":"2 Thieves","floor":18,"turns":4},{"damage":2,"enemies":"3 Byrds","floor":21,"turns":3},{"damage":34,"enemies":"Centurion and Healer","floor":22,"turns":6},{"damage":33,"enemies":"Colosseum Slavers","floor":28,"turns":4},{"damage":43,"enemies":"Shelled Parasite and Fungi","floor":31,"turns":7},{"damage":59,"enemies":"Collector","floor":33,"turns":3}],"seed_played":"8874404363501370941","potions_obtained":[{"floor":1,"key":"Explosive Potion"},{"floor":3,"key":"Dexterity Potion"},{"floor":14,"key":"AttackPotion"},{"floor":18,"key":"SkillPotion"},{"floor":21,"key":"AttackPotion"},{"floor":22,"key":"FocusPotion"}],"is_trial":false,"path_per_floor":["M","?","M","$","?","?","R","?","T","E","R","E","R","M","R","B",null,"M","?","$","M","M","R","?","R","T","?","?","R","$","M","R","B"],"character_chosen":"DEFECT","items_purchased":["Panache","Capacitor","Steam","Defragment","Regen Potion","Self Repair"],"campfire_rested":8,"item_purchase_floors":[4,4,4,20,20,30],"current_hp_per_floor":[64,53,52,52,52,31,52,71,71,45,66,30,51,47,68,37,63,52,52,52,59,25,46,46,67,67,67,34,55,55,19,40,0],"gold":44,"neow_bonus":"HUNDRED_GOLD","is_prod":false,"is_daily":false,"chose_seed":false,"campfire_upgraded":0,"win_rate":0,"timestamp":1542443375,"path_taken":["M","?","M","$","?","?","R","?","T","E","R","E","R","M","R","BOSS","M","?","$","M","M","R","?","R","T","?","?","R","?","M","R","BOSS"],"build_version":"2018-11-15","purchased_purges":1,"victory":false,"max_hp_per_floor":[71,71,71,71,71,71,71,71,71,71,71,71,71,71,71,71,71,71,71,71,71,71,71,71,71,71,71,71,71,71,71,71,71],"card_choices":[{"not_picked":["Leap","Double Energy"],"picked":"Loop","floor":1},{"not_picked":["Blizzard","Barrage"],"picked":"Chaos","floor":3},{"not_picked":["Beam Cell","Barrage"],"picked":"Compile Driver","floor":10},{"not_picked":["Hyperbeam","Gash"],"picked":"Ball Lightning","floor":12},{"not_picked":["Go for the Eyes","Streamline"],"picked":"Fission","floor":14},{"not_picked":["All For One","Fission"],"picked":"Reboot","floor":16},{"not_picked":["Stack","Gash+1"],"picked":"Darkness","floor":18},{"not_picked":["Fusion","Turbo"],"picked":"Conserve Battery","floor":21},{"not_picked":["Coolheaded","Leap"],"picked":"Cold Snap","floor":22},{"not_picked":["Go for the Eyes","Turbo"],"picked":"Barrage","floor":31}],"player_experience":768588,"relics_obtained":[{"floor":9,"key":"Juzu Bracelet"},{"floor":10,"key":"Potion Belt"},{"floor":12,"key":"Bronze Scales"},{"floor":26,"key":"Happy Flower"},{"floor":26,"key":"War Paint"}],"event_choices":[{"damage_healed":0,"gold_gain":75,"player_choice":"Gather Gold","damage_taken":11,"max_hp_gain":0,"max_hp_loss":0,"event_name":"World of Goop","floor":2,"gold_loss":0},{"damage_healed":0,"gold_gain":0,"player_choice":"Grow","damage_taken":0,"max_hp_gain":0,"max_hp_loss":0,"event_name":"Living Wall","floor":5,"gold_loss":0,"cards_upgraded":["Chaos"]},{"damage_healed":0,"gold_gain":0,"player_choice":"Entered Light","damage_taken":21,"max_hp_gain":0,"max_hp_loss":0,"event_name":"Shining Light","floor":6,"gold_loss":0,"cards_upgraded":["Defend_B","Strike_B"]},{"damage_healed":23,"gold_gain":0,"player_choice":"Banana","damage_taken":0,"max_hp_gain":0,"max_hp_loss":0,"event_name":"Big Fish","floor":8,"gold_loss":0},{"damage_healed":0,"gold_gain":0,"player_choice":"Opened","damage_taken":0,"relics_obtained":["Matryoshka"],"max_hp_gain":0,"max_hp_loss":0,"event_name":"The Mausoleum","floor":19,"gold_loss":0,"cards_obtained":["Writhe"]},{"damage_healed":0,"gold_gain":0,"player_choice":"Ignored","damage_taken":0,"max_hp_gain":0,"max_hp_loss":0,"event_name":"Ghosts","floor":27,"gold_loss":0},{"damage_healed":0,"gold_gain":0,"player_choice":"Fight","damage_taken":0,"max_hp_gain":0,"max_hp_loss":0,"event_name":"Colosseum","floor":28,"gold_loss":0},{"damage_healed":0,"gold_gain":0,"player_choice":"Fled From Nobs","damage_taken":0,"max_hp_gain":0,"max_hp_loss":0,"event_name":"Colosseum","floor":28,"gold_loss":0}],"is_beta":false,"boss_relics":[{"not_picked":["Lizard Tail","Calling Bell"],"picked":"Black Star"}],"items_purged_floors":[20],"is_endless":false,"potions_floor_spawned":[1,3,14,18,21,22],"killed_by":"Collector","ascension_level":15}