{"path_per_floor":["M","?","T","$","M","M","R","M","T","M","M","$","R","M","R","B",null,"M","T","?","M","M","R","E","M","T","$","M","M","R","M","R","B",null,"M","M","?","M"],"character_chosen":"DEFECT","items_purchased":["Genetic Algorithm","Capacitor","Gash","Fission"],"gold_per_floor":[117,192,216,47,59,75,75,94,94,104,116,45,45,64,64,163,163,182,182,97,109,129,129,157,176,176,5,23,35,35,53,53,151,151,168,178,178,192,192],"floor_reached":39,"campfire_rested":0,"playtime":2542,"current_hp_per_floor":[67,56,56,56,56,56,56,53,53,52,44,44,44,43,43,11,75,70,70,70,70,67,67,43,42,42,42,36,48,48,48,48,34,75,60,37,37,25,0],"items_purged":["Strike_B","Dualcast"],"gold":192,"score":399,"play_id":"ad871860-f100-4b7f-bab0-13c3e9942d35","local_time":"20180430184639","is_prod":false,"is_daily":false,"chose_seed":false,"is_ascension_mode":false,"campfire_upgraded":6,"timestamp":1525085199,"path_taken":["M","?","?","$","M","M","R","M","T","M","?","$","R","M","R","BOSS","M","?","?","M","M","R","E","M","T","$","M","M","R","M","R","BOSS","M","M","?","M","M"],"build_version":"2018-04-27v3","seed_source_timestamp":290351573235921,"purchased_purges":2,"victory":false,"master_deck":["Strike_B+1","Defend_B","Defend_B","Defend_B","Zap+1","Gash+1","Genetic Algorithm+1","FTL","Hologram+1","Doom and Gloom","Leap","Gash+1","Undo","Machine Learning","FTL+1","Streamline+1","Fission+1","Defragment+1","Prime","Auto Shields+1","Creative AI+1","Redo+1","Hologram"],"max_hp_per_floor":[75,75,75,75,75,75,75,75,75,75,75,75,75,75,75,75,75,75,75,75,75,75,75,75,75,75,75,75,75,75,75,75,75,75,75,75,75,75,75],"relics":["Cracked Core","Happy Flower","Matryoshka","Nuclear Battery","Bag of Preparation","Kunai","Lantern","Ginger","Whetstone","Bottled Tornado","Astrolabe"],"card_choices":[{"not_picked":["Sweeping Beam","Capacitor"],"picked":"Gash","floor":1},{"not_picked":["Undo","Sunder"],"picked":"FTL","floor":5},{"not_picked":["Conserve Battery","Skim"],"picked":"Hologram","floor":6},{"not_picked":["Capacitor","Sweeping Beam"],"picked":"Doom and Gloom","floor":8},{"not_picked":["Beam Cell","Sunder"],"picked":"Leap","floor":11},{"not_picked":["Cold Snap","Buffer"],"picked":"Undo","floor":14},{"not_picked":["Fission","Rainbow"],"picked":"Machine Learning","floor":16},{"not_picked":["Coolheaded","Force Field"],"picked":"FTL","floor":21},{"not_picked":["Darkness","Storm"],"picked":"Streamline","floor":22},{"not_picked":["Streamline","Capacitor"],"picked":"Defragment","floor":29},{"not_picked":["Amplify","Fission"],"picked":"Prime","floor":33},{"not_picked":["Force Field","Leap"],"picked":"Hologram","floor":35}],"player_experience":300925,"potions_floor_usage":[16,16,21,24,29,33,39],"damage_taken":[{"damage":8,"enemies":"Jaw Worm","floor":1,"turns":3},{"damage":0,"enemies":"Small Slimes","floor":5,"turns":3},{"damage":0,"enemies":"Cultist","floor":6,"turns":3},{"damage":3,"enemies":"Red Slaver","floor":8,"turns":3},{"damage":1,"enemies":"3 Louse","floor":10,"turns":3},{"damage":8,"enemies":"Large Slime","floor":11,"turns":5},{"damage":1,"enemies":"Looter","floor":14,"turns":3},{"damage":32,"enemies":"Hexaghost","floor":16,"turns":8},{"damage":5,"enemies":"Spheric Guardian","floor":18,"turns":4},{"damage":0,"enemies":"Chosen","floor":21,"turns":5},{"damage":3,"enemies":"3 Cultists","floor":22,"turns":6},{"damage":24,"enemies":"Slavers","floor":24,"turns":4},{"damage":3,"enemies":"Cultist and Chosen","floor":25,"turns":6},{"damage":6,"enemies":"Snake Plant","floor":28,"turns":5},{"damage":17,"enemies":"Centurion and Healer","floor":29,"turns":7},{"damage":0,"enemies":"3 Cultists","floor":31,"turns":5},{"damage":14,"enemies":"Automaton","floor":33,"turns":10},{"damage":15,"enemies":"Flame Bruiser 1 Orb","floor":35,"turns":5},{"damage":23,"enemies":"Orb Walker","floor":36,"turns":4},{"damage":12,"enemies":"4 Shapes","floor":38,"turns":4},{"damage":35,"enemies":"Spire Growth","floor":39,"turns":6}],"event_choices":[{"event_name":"World of Goop","player_choice":"Gather Gold","floor":2,"damage_taken":0},{"event_name":"Addict","player_choice":"Obtained Relic","floor":20,"damage_taken":0}],"boss_relics":[{"not_picked":["Inserter","Cursed Key"],"picked":"Nuclear Battery"},{"not_picked":["Calling Bell","Sozu"],"picked":"Astrolabe"}],"potions_floor_spawned":[6,10,14,16,21,22,24,29,31,36],"seed_played":"8006910862669670338","killed_by":"Spire Growth","ascension_level":0,"is_trial":false}