{"gold_per_floor":[113,130,130,143,160,160,188,212,258,258],"floor_reached":10,"playtime":264,"items_purged":[],"score":136,"play_id":"b8a5c952-6e5a-4d3c-877e-a2557a0be40b","local_time":"20190221130828","is_ascension_mode":true,"campfire_choices":[{"data":"Sunder","floor":6,"key":"SMITH"}],"neow_cost":"NONE","seed_source_timestamp":91237283345100,"circlet_count":0,"master_deck":["AscendersBane","Strike_B","Strike_B","Strike_B","Defend_B","Defend_B","Defend_B","Defend_B","Zap","Dualcast","Sunder+1","Glacier","Self Repair","Gash","Core Surge"],"relics":["Cracked Core","NeowsBlessing","The Courier","Odd Mushroom","DataDisk"],"potions_floor_usage":[],"damage_taken":[{"damage":0,"enemies":"Cultist","floor":1,"turns":1},{"damage":0,"enemies":"2 Louse","floor":2,"turns":1},{"damage":0,"enemies":"Small Slimes","floor":4,"turns":1},{"damage":0,"enemies":"2 Fungi Beasts","floor":5,"turns":2},{"damage":32,"enemies":"Gremlin Nob","floor":7,"turns":4},{"damage":17,"enemies":"The Mushroom Lair","floor":8,"turns":4},{"damage":21,"enemies":"3 Sentries","floor":10,"turns":6}],"seed_played":"9162425480857016069","potions_obtained":[{"floor":2,"key":"Dexterity Potion"},{"floor":4,"key":"Strength Potion"},{"floor":7,"key":"FearPotion"}],"is_trial":false,"path_per_floor":["M","M","?","M","M","R","E","?","T","E"],"character_chosen":"DEFECT","items_purchased":[],"campfire_rested":0,"item_purchase_floors":[],"current_hp_per_floor":[64,64,57,57,57,57,32,22,22,1],"gold":258,"neow_bonus":"THREE_ENEMY_KILL","is_prod":false,"is_daily":false,"chose_seed":false,"campfire_upgraded":1,"win_rate":0,"timestamp":1550722108,"path_taken":["M","?","?","M","M","R","E","?","T","E"],"build_version":"2019-01-23","purchased_purges":0,"victory":false,"max_hp_per_floor":[71,71,71,71,71,71,71,71,71,71],"card_choices":[{"not_picked":["Leap","Recycle","Compile Driver"],"picked":"SKIP","floor":1},{"not_picked":["Self Repair","Coolheaded"],"picked":"Sunder","floor":2},{"not_picked":["Scrape","Fusion"],"picked":"Glacier","floor":4},{"not_picked":["Leap","Fusion"],"picked":"Self Repair","floor":5},{"not_picked":["Rebound","Ball Lightning"],"picked":"Gash","floor":7},{"not_picked":["Coolheaded","Auto Shields"],"picked":"Core Surge","floor":8}],"player_experience":1686896,"relics_obtained":[{"floor":7,"key":"The Courier"},{"floor":8,"key":"Odd Mushroom"},{"floor":9,"key":"DataDisk"}],"event_choices":[{"cards_removed":["Strike_B"],"damage_healed":0,"gold_gain":0,"player_choice":"Card Removal","damage_taken":7,"max_hp_gain":0,"max_hp_loss":0,"event_name":"Golden Wing","floor":3,"gold_loss":0},{"damage_healed":0,"gold_gain":0,"player_choice":"Fought Mushrooms","damage_taken":0,"max_hp_gain":0,"max_hp_loss":0,"event_name":"Mushrooms","floor":8,"gold_loss":0}],"is_beta":false,"boss_relics":[],"items_purged_floors":[],"is_endless":false,"potions_floor_spawned":[2,4,7],"killed_by":"3 Sentries","ascension_level":20}