{"path_per_floor":["M","?","M","?","?","R","E","R","T","E","R","M","M","M","R","B",null,"M","M","M"],"character_chosen":"DEFECT","items_purchased":[],"gold_per_floor":[112,112,131,131,131,131,171,171,219,253,253,278,293,307,307,431,431,454,468,481,481],"floor_reached":21,"campfire_rested":3,"playtime":2069,"item_purchase_floors":[],"current_hp_per_floor":[73,73,67,67,60,75,39,75,75,57,57,56,40,40,75,9,75,61,44,13,0],"items_purged":[],"gold":481,"score":220,"play_id":"fba67233-1867-4843-bf5f-6e2ecaea195c","local_time":"20180602165515","is_prod":false,"is_daily":false,"chose_seed":false,"is_ascension_mode":true,"campfire_upgraded":1,"win_rate":0,"timestamp":1527947715,"campfire_choices":[{"floor":6,"key":"REST"},{"floor":8,"key":"REST"},{"data":"Gash","floor":11,"key":"SMITH"},{"floor":15,"key":"REST"}],"path_taken":["M","?","M","?","?","R","E","R","T","E","R","M","?","M","R","BOSS","M","M","M","M"],"build_version":"2018-05-31","seed_source_timestamp":1016308240433550,"purchased_purges":0,"victory":false,"master_deck":["Strike_B","Strike_B","Strike_B","Strike_B","Defend_B","Defend_B","Defend_B","Defend_B","Zap","Dualcast","Echo Form","Cold Snap+1","Gash+1","Injury","Ball Lightning","Reboot","Sunder","Double Energy","Aggregate","Amplify","Cold Snap","White Noise","Biased Cognition","Heatsinks","Gash","Seek","Glacier"],"max_hp_per_floor":[75,75,75,75,75,75,75,75,75,75,75,75,75,75,75,75,75,75,75,75,75],"relics":["Cracked Core","Golden Idol","Question Card","Regal Pillow","Happy Flower","Ginger","Orrery"],"card_choices":[{"not_picked":["Recycle","Tempest"],"picked":"Cold Snap","floor":1},{"not_picked":["Skim","Heatsinks"],"picked":"Gash","floor":3},{"not_picked":["Steam","Loop","Coolheaded"],"picked":"Ball Lightning","floor":7},{"not_picked":["Streamline","Hologram","Melter"],"picked":"Reboot","floor":10},{"not_picked":["Leap","Tempest","Beam Cell"],"picked":"Sunder","floor":12},{"not_picked":["Fusion","Glacier","Streamline"],"picked":"Double Energy","floor":13},{"not_picked":["Consume","Heatsinks","Reprogram"],"picked":"Aggregate","floor":14},{"not_picked":["Fission","Echo Form","Reboot"],"picked":"Amplify","floor":16},{"not_picked":["Stack","Steam","Leap"],"picked":"Cold Snap","floor":17},{"not_picked":["Storm","Reinforced Body","Streamline"],"picked":"White Noise","floor":17},{"not_picked":["Streamline","Rebound","Coolheaded"],"picked":"Biased Cognition","floor":17},{"not_picked":["Chaos","Barrage","Conserve Battery"],"picked":"Heatsinks","floor":17},{"not_picked":["Steam","Coolheaded","Hologram"],"picked":"Gash","floor":17},{"not_picked":["Conserve Battery+1","Rip and Tear","Cold Snap"],"picked":"Seek","floor":18},{"not_picked":["Compile Driver","Coolheaded","Streamline","Conserve Battery"],"picked":"SKIP","floor":19},{"not_picked":["Ball Lightning","Consume","Turbo+1"],"picked":"Glacier","floor":20}],"player_experience":460381,"potions_floor_usage":[13,21,21],"damage_taken":[{"damage":2,"enemies":"Jaw Worm","floor":1,"turns":4},{"damage":6,"enemies":"2 Louse","floor":3,"turns":2},{"damage":36,"enemies":"Gremlin Nob","floor":7,"turns":5},{"damage":18,"enemies":"3 Sentries","floor":10,"turns":7},{"damage":1,"enemies":"Small Slimes","floor":12,"turns":3},{"damage":16,"enemies":"3 Louse","floor":13,"turns":3},{"damage":0,"enemies":"2 Fungi Beasts","floor":14,"turns":2},{"damage":66,"enemies":"Hexaghost","floor":16,"turns":10},{"damage":14,"enemies":"Shell Parasite","floor":18,"turns":5},{"damage":17,"enemies":"3 Byrds","floor":19,"turns":4},{"damage":31,"enemies":"Snecko","floor":20,"turns":5},{"damage":14,"enemies":"Slaver and Parasite","floor":21,"turns":7}],"relics_obtained":[{"floor":7,"key":"Regal Pillow"},{"floor":9,"key":"Happy Flower"},{"floor":10,"key":"Ginger"}],"event_choices":[{"event_name":"Living Wall","player_choice":"Grow","floor":2,"damage_taken":0},{"event_name":"Golden Idol","player_choice":"Take Wound","floor":4,"damage_taken":0},{"event_name":"Scrap Ooze","player_choice":"success","floor":5,"damage_taken":7}],"boss_relics":[{"not_picked":["Lizard Tail","Velvet Choker"],"picked":"Orrery"}],"items_purged_floors":[],"potions_floor_spawned":[3,10,12,13,20],"seed_played":"-2611206729387282972","killed_by":"Slaver and Parasite","ascension_level":3,"potions_obtained":[{"floor":3,"key":"SteroidPotion"},{"floor":10,"key":"EssenceOfSteel"},{"floor":12,"key":"FearPotion"},{"floor":13,"key":"SpeedPotion"},{"floor":20,"key":"Fire Potion"}],"is_trial":false}