{"gold_per_floor":[112,132,132,132,145,179,190,190,214,244,244,271,330,345,345,422,422,432,448,448,6,23,23,39,39,63,63,63,98,98,109,109,181,181,193,193,208,224,224,224,224,224],"floor_reached":42,"playtime":1505,"items_purged":[],"score":872,"play_id":"c04ddb5e-2903-412f-8e07-2fbdade67dac","local_time":"20190408141055","is_ascension_mode":true,"campfire_choices":[{"data":"Consume","floor":8.0,"key":"SMITH"},{"data":"Defragment","floor":11.0,"key":"SMITH"},{"floor":15.0,"key":"REST"},{"data":"Creative AI","floor":23.0,"key":"SMITH"},{"data":"Amplify","floor":25.0,"key":"SMITH"},{"data":"Chaos","floor":27.0,"key":"SMITH"},{"data":"Ghostly","floor":32,"key":"SMITH"},{"data":"Creative AI","floor":40,"key":"SMITH"}],"neow_cost":"NONE","seed_source_timestamp":129224406329900,"circlet_count":0,"master_deck":["AscendersBane","Strike_B","Defend_B","Defend_B","Defend_B","Defend_B","Zap","Dualcast","Cold Snap","White Noise","Consume+1","Defragment+1","Conserve Battery","Creative AI+1","Cold Snap","Amplify+1","Chaos+1","Cold Snap","Turbo","Turbo+1","Pain","Glacier","Ghostly","Ghostly","Ghostly+1","Chill","Creative AI+1","Rainbow","Self Repair+1"],"special_seed":0,"relics":["Cracked Core","NeowsBlessing","Orichalcum","Vajra","Anchor","Happy Flower","Du-Vu Doll","Cursed Key","Bird Faced Urn","Bag of Marbles","Pantograph","Sozu"],"potions_floor_usage":[42],"damage_taken":[{"damage":0.0,"enemies":"2 Louse","floor":1.0,"turns":1.0},{"damage":0.0,"enemies":"Small Slimes","floor":2.0,"turns":1.0},{"damage":0.0,"enemies":"Cultist","floor":5.0,"turns":1.0},{"damage":20.0,"enemies":"Lagavulin","floor":6.0,"turns":7.0},{"damage":4.0,"enemies":"Exordium Wildlife","floor":7.0,"turns":3.0},{"damage":5.0,"enemies":"Gremlin Nob","floor":10.0,"turns":3.0},{"damage":21.0,"enemies":"Lagavulin","floor":12.0,"turns":6.0},{"damage":17.0,"enemies":"Lagavulin Event","floor":13.0,"turns":5.0},{"damage":2.0,"enemies":"2 Fungi Beasts","floor":14.0,"turns":4.0},{"damage":25.0,"enemies":"The Guardian","floor":16.0,"turns":13.0},{"damage":11.0,"enemies":"Spheric Guardian","floor":18.0,"turns":6.0},{"damage":31.0,"enemies":"2 Thieves","floor":19.0,"turns":4.0},{"damage":5.0,"enemies":"Centurion and Healer","floor":22.0,"turns":9.0},{"damage":0.0,"enemies":"Snecko","floor":24.0,"turns":8.0},{"damage":50.0,"enemies":"Book of Stabbing","floor":29.0,"turns":7.0},{"damage":2,"enemies":"Snake Plant","floor":31,"turns":8},{"damage":35,"enemies":"Collector","floor":33,"turns":11},{"damage":16,"enemies":"3 Darklings","floor":35,"turns":7},{"damage":9,"enemies":"3 Shapes","floor":37,"turns":6},{"damage":26,"enemies":"Maw","floor":38,"turns":7},{"damage":24,"enemies":"Reptomancer","floor":42,"turns":7}],"seed_played":"-5910869288213784048","potions_obtained":[{"floor":2.0,"key":"Regen Potion"},{"floor":5.0,"key":"Fire Potion"},{"floor":7.0,"key":"SneckoOil"},{"floor":12.0,"key":"Dexterity Potion"},{"floor":16.0,"key":"Strength Potion"},{"floor":24.0,"key":"SpeedPotion"},{"floor":31,"key":"SkillPotion"}],"is_trial":false,"path_per_floor":["M","M","?","?","M","E","M","R","T","E","R","E","?","M","R","B",null,"M","M","?","$","M","R","M","R","T","R","?","E","?","M","R","B",null,"M","?","M","M","?","R","?","E"],"character_chosen":"DEFECT","items_purchased":["Bird Faced Urn","Cold Snap","Turbo"],"campfire_rested":1,"item_purchase_floors":[21,21,21],"current_hp_per_floor":[64,64,64,64,64,58,54,54,54,49,49,28,11,9,30,5,55,44,13,13,13,36,36,60,60,60,60,60,34,34,35,35,35,35,33,33,35,21,21,21,21,15],"gold":224,"neow_bonus":"THREE_ENEMY_KILL","is_prod":false,"is_daily":false,"chose_seed":false,"campfire_upgraded":7,"win_rate":0,"timestamp":1554700255,"path_taken":["M","M","?","?","?","E","M","R","T","E","R","E","?","M","R","BOSS","M","M","?","$","M","R","M","R","T","R","?","E","?","M","R","BOSS","M","?","M","?","?","R","?","E"],"build_version":"2019-01-23","purchased_purges":0,"victory":false,"max_hp_per_floor":[71,71,71,71,71,71,71,71,71,71,71,71,71,71,71,71,71,71,71,71,71,71,71,71,71,71,71,71,71,35,35,35,35,35,35,35,35,35,35,35,33,33],"card_choices":[{"not_picked":["Gash","FTL"],"picked":"Cold Snap","floor":1.0},{"not_picked":["Sweeping Beam","Barrage"],"picked":"White Noise","floor":2.0},{"not_picked":["Beam Cell","Capacitor"],"picked":"Consume","floor":5.0},{"not_picked":["Conserve Battery","Tempest"],"picked":"Defragment","floor":6.0},{"not_picked":["Heatsinks","Rebound","Sweeping Beam"],"picked":"SKIP","floor":7.0},{"not_picked":["Scrape","Stack"],"picked":"Conserve Battery","floor":10.0},{"not_picked":["Compile Driver","Blizzard","Chaos"],"picked":"SKIP","floor":12.0},{"not_picked":["Reinforced Body","Lockon","Ball Lightning"],"picked":"SKIP","floor":14.0},{"not_picked":["Reboot","Hyperbeam"],"picked":"Creative AI","floor":16.0},{"not_picked":["Redo","Sweeping Beam","Steam"],"picked":"SKIP","floor":18.0},{"not_picked":["Lockon+1","Heatsinks"],"picked":"Cold Snap","floor":19.0},{"not_picked":["Hello World","Genetic Algorithm"],"picked":"Turbo+1","floor":22.0},{"not_picked":["Compile Driver","Hello World","Scrape"],"picked":"SKIP","floor":24.0},{"not_picked":["Steam","Force Field+1"],"picked":"Glacier","floor":29.0},{"not_picked":["Hologram","Machine Learning"],"picked":"Chill","floor":31},{"not_picked":["Meteor Strike","Biased Cognition"],"picked":"Creative AI","floor":33},{"not_picked":["Barrage+1","Conserve Battery","Leap"],"picked":"SKIP","floor":35},{"not_picked":["Gash","Beam Cell","Rebound"],"picked":"SKIP","floor":37},{"not_picked":["Rebound","Hyperbeam"],"picked":"Self Repair+1","floor":38}],"player_experience":2976150,"relics_obtained":[{"floor":6.0,"key":"Vajra"},{"floor":10.0,"key":"Anchor"},{"floor":12.0,"key":"Happy Flower"},{"floor":13.0,"key":"Du-Vu Doll"},{"floor":26.0,"key":"Bag of Marbles"},{"floor":29.0,"key":"Pantograph"}],"event_choices":[{"damage_healed":0.0,"max_hp_gain":0.0,"max_hp_loss":0.0,"gold_gain":0.0,"event_name":"Big Fish","player_choice":"Box","floor":3.0,"gold_loss":0.0,"damage_taken":0.0,"relics_obtained":["Orichalcum"],"cards_obtained":["Regret"]},{"cards_removed":["Regret"],"damage_healed":0.0,"max_hp_gain":0.0,"max_hp_loss":0.0,"gold_gain":0.0,"event_name":"Purifier","player_choice":"Purged","floor":4.0,"gold_loss":0.0,"damage_taken":0.0},{"damage_healed":0.0,"max_hp_gain":0.0,"max_hp_loss":0.0,"gold_gain":0.0,"event_name":"Dead Adventurer","player_choice":"Searched \u00271\u0027 times","floor":13.0,"gold_loss":0.0,"damage_taken":0.0},{"damage_healed":0.0,"max_hp_gain":0.0,"max_hp_loss":0.0,"gold_gain":0.0,"cards_transformed":["Strike_B","Strike_B"],"event_name":"Drug Dealer","player_choice":"Became Test Subject","floor":20.0,"gold_loss":0.0,"damage_taken":0.0,"cards_obtained":["Amplify","Chaos"]},{"damage_healed":0,"gold_gain":0,"player_choice":"Became a Ghost","damage_taken":0,"max_hp_gain":0,"max_hp_loss":36,"event_name":"Ghosts","floor":30,"gold_loss":0,"cards_obtained":["Ghostly","Ghostly","Ghostly"]},{"damage_healed":0,"gold_gain":0,"cards_transformed":["Strike_B"],"player_choice":"Transformed","damage_taken":0,"max_hp_gain":0,"max_hp_loss":0,"event_name":"Transmorgrifier","floor":36,"gold_loss":0,"cards_obtained":["Rainbow"]},{"damage_healed":0,"gold_gain":0,"player_choice":"Ignored","damage_taken":0,"max_hp_gain":0,"max_hp_loss":0,"event_name":"Mysterious Sphere","floor":39,"gold_loss":0},{"damage_healed":0,"gold_gain":0,"player_choice":"Max HP","damage_taken":0,"max_hp_gain":0,"max_hp_loss":2,"event_name":"Winding Halls","floor":41,"gold_loss":0}],"is_beta":false,"boss_relics":[{"not_picked":["Tiny House","Busted Crown"],"picked":"Cursed Key"},{"not_picked":["Lizard Tail","Runic Dome"],"picked":"Sozu"}],"items_purged_floors":[],"is_endless":false,"potions_floor_spawned":[2,5,7,12,16,24,31,33,37,38],"killed_by":"Reptomancer","ascension_level":20}