{"gold_per_floor":[368,368,384,459,0,0,26,26,96,124,138,138,152,164,164,236,236,255,255],"floor_reached":19,"playtime":456,"items_purged":[],"score":354,"play_id":"3569ebfb-a715-45d5-9e7e-e2fb1bd1a4eb","local_time":"20190418191708","is_ascension_mode":true,"campfire_choices":[{"data":"Armaments","floor":6,"key":"SMITH"},{"floor":8,"key":"REST"},{"data":"Rampage","floor":15,"key":"SMITH"}],"neow_cost":"PERCENT_DAMAGE","seed_source_timestamp":227998282172200,"circlet_count":0,"master_deck":["AscendersBane","Strike_R","Strike_R","Strike_R","Strike_R","Strike_R","Defend_R","Defend_R","Defend_R","Defend_R","Bash","Inflame","Armaments+1","Clothesline","Whirlwind","Rampage+1","Demon Form","Flame Barrier"],"relics":["Burning Blood","Incense Burner","Dream Catcher","Shuriken","Ancient Tea Set","Mark of Pain"],"potions_floor_usage":[7,16],"damage_taken":[{"damage":1,"enemies":"Cultist","floor":1,"turns":3},{"damage":12,"enemies":"Jaw Worm","floor":3,"turns":4},{"damage":26,"enemies":"3 Sentries","floor":7,"turns":7},{"damage":26,"enemies":"Gremlin Nob","floor":10,"turns":4},{"damage":0,"enemies":"2 Louse","floor":11,"turns":3},{"damage":1,"enemies":"2 Fungi Beasts","floor":13,"turns":3},{"damage":4,"enemies":"Exordium Thugs","floor":14,"turns":4},{"damage":28,"enemies":"The Guardian","floor":16,"turns":10},{"damage":31,"enemies":"Spheric Guardian","floor":18,"turns":6}],"seed_played":"8535520330044567140","potions_obtained":[{"floor":1,"key":"Fire Potion"},{"floor":13,"key":"EssenceOfSteel"},{"floor":14,"key":"Weak Potion"},{"floor":16,"key":"Explosive Potion"}],"is_trial":false,"path_per_floor":["M","$","M","?","$","R","E","R","T","E","M","?","M","M","R","B",null,"M","?"],"character_chosen":"IRONCLAD","items_purchased":["Inflame","Incense Burner","Armaments"],"campfire_rested":1,"item_purchase_floors":[5,5,5],"current_hp_per_floor":[55,55,49,38,38,38,18,40,40,20,26,26,31,33,33,11,59,34,34],"gold":255,"neow_bonus":"TWO_FIFTY_GOLD","is_prod":false,"is_daily":false,"chose_seed":false,"campfire_upgraded":2,"win_rate":0,"timestamp":1555582628,"path_taken":["M","?","M","?","$","R","E","R","T","E","M","?","M","M","R","BOSS","M","?"],"build_version":"2019-01-23","purchased_purges":0,"victory":false,"max_hp_per_floor":[75,75,75,75,75,75,75,75,75,75,75,75,75,75,75,75,75,75,75],"card_choices":[{"not_picked":["Combust","Heavy Blade","Sever Soul"],"picked":"SKIP","floor":1},{"not_picked":["Headbutt","Twin Strike","Thunderclap"],"picked":"SKIP","floor":3},{"not_picked":["Blood for Blood","Intimidate"],"picked":"Clothesline","floor":7},{"not_picked":["Uppercut","Infernal Blade"],"picked":"Whirlwind","floor":10},{"not_picked":["Warcry","Thunderclap"],"picked":"Rampage","floor":11},{"not_picked":["Flex","Wild Strike","Intimidate"],"picked":"SKIP","floor":13},{"not_picked":["Clash","Anger","Warcry"],"picked":"SKIP","floor":14},{"not_picked":["Brutality","Feed"],"picked":"Demon Form","floor":16},{"not_picked":["Rage","Havoc"],"picked":"Flame Barrier","floor":18}],"player_experience":3214223,"relics_obtained":[{"floor":7,"key":"Dream Catcher"},{"floor":9,"key":"Shuriken"},{"floor":10,"key":"Ancient Tea Set"}],"event_choices":[{"damage_healed":0,"gold_gain":75,"player_choice":"Gather Gold","damage_taken":11,"max_hp_gain":0,"max_hp_loss":0,"event_name":"World of Goop","floor":4,"gold_loss":0},{"damage_healed":0,"gold_gain":0,"player_choice":"Ignored","damage_taken":0,"max_hp_gain":0,"max_hp_loss":0,"event_name":"Liars Game","floor":12,"gold_loss":0}],"is_beta":false,"boss_relics":[{"not_picked":["Lizard Tail","Ectoplasm"],"picked":"Mark of Pain"}],"items_purged_floors":[],"is_endless":false,"potions_floor_spawned":[1,13,14,16],"ascension_level":20}