{"gold_per_floor":[118,118,118,128,128,128,153,173,223,223,239,81,91,120,120,194,194,206,206],"floor_reached":19,"playtime":374,"items_purged":[],"score":404,"play_id":"e9cf8ac1-bcfc-45ec-a44a-efd006038f4f","local_time":"20190405184057","is_ascension_mode":true,"campfire_choices":[{"data":"Darkness","floor":6,"key":"SMITH"},{"data":"Chaos","floor":10,"key":"SMITH"},{"data":"Defragment","floor":15,"key":"SMITH"}],"neow_cost":"NONE","seed_source_timestamp":632158964351900,"circlet_count":0,"master_deck":["AscendersBane","Strike_B","Strike_B","Strike_B","Defend_B","Defend_B","Defend_B","Defend_B","Zap","Dualcast","Chaos+1","Barrage","Darkness+1","Hologram","Defragment+1","Chill","Seek","Core Surge","Parasite","Shame","Shame"],"relics":["Cracked Core","NeowsBlessing","Happy Flower","Emotion Chip","Smiling Mask","Lantern","Blue Candle","Calling Bell","PreservedInsect","The Courier","Girya"],"potions_floor_usage":[16,19],"damage_taken":[{"damage":0,"enemies":"Jaw Worm","floor":1,"turns":1},{"damage":0,"enemies":"Small Slimes","floor":4,"turns":1},{"damage":0,"enemies":"3 Sentries","floor":7,"turns":1},{"damage":3,"enemies":"2 Louse","floor":8,"turns":3},{"damage":16,"enemies":"Exordium Thugs","floor":11,"turns":3},{"damage":5,"enemies":"Blue Slaver","floor":13,"turns":3},{"damage":7,"enemies":"Lagavulin","floor":14,"turns":5},{"damage":13,"enemies":"Hexaghost","floor":16,"turns":8},{"damage":33,"enemies":"Shell Parasite","floor":18,"turns":5},{"damage":8,"enemies":"3 Byrds","floor":19,"turns":3}],"seed_played":"-2740959277740482806","potions_obtained":[{"floor":1,"key":"FocusPotion"},{"floor":11,"key":"Block Potion"},{"floor":16,"key":"Poison Potion"}],"is_trial":false,"path_per_floor":["M","?","?","M","?","R","E","M","T","R","M","$","M","E","R","B",null,"M","M"],"character_chosen":"DEFECT","items_purchased":["Lantern"],"campfire_rested":0,"item_purchase_floors":[12],"current_hp_per_floor":[64,64,29,29,52,52,52,49,49,49,33,33,28,21,21,8,55,22,14],"gold":206,"neow_bonus":"THREE_ENEMY_KILL","is_prod":false,"is_daily":false,"chose_seed":false,"campfire_upgraded":3,"win_rate":0,"timestamp":1554457257,"path_taken":["M","?","?","M","?","R","E","M","T","R","M","?","?","E","R","BOSS","M","M"],"build_version":"2019-01-23","purchased_purges":0,"victory":false,"max_hp_per_floor":[71,71,71,71,71,71,71,71,71,71,71,71,71,71,71,71,71,71,71],"card_choices":[{"not_picked":["Turbo","Conserve Battery"],"picked":"Chaos","floor":1},{"not_picked":["Blizzard","BootSequence"],"picked":"Darkness","floor":4},{"not_picked":["Force Field","Fission","Go for the Eyes"],"picked":"SKIP","floor":7},{"not_picked":["Streamline","Melter"],"picked":"Hologram","floor":8},{"not_picked":["Reinforced Body","Tempest"],"picked":"Defragment","floor":11},{"not_picked":["Steam","Redo"],"picked":"Chill","floor":13},{"not_picked":["Go for the Eyes","Storm"],"picked":"Seek","floor":14},{"not_picked":["All For One","Amplify"],"picked":"Core Surge","floor":16},{"not_picked":["Leap","Sweeping Beam","Heatsinks"],"picked":"SKIP","floor":18}],"player_experience":2891334,"relics_obtained":[{"floor":7,"key":"Emotion Chip"},{"floor":9,"key":"Smiling Mask"},{"floor":14,"key":"Blue Candle"},{"floor":17,"key":"PreservedInsect"},{"floor":17,"key":"The Courier"},{"floor":17,"key":"Girya"}],"event_choices":[{"damage_healed":0,"gold_gain":0,"cards_transformed":["Strike_B"],"player_choice":"Change","damage_taken":0,"max_hp_gain":0,"max_hp_loss":0,"event_name":"Living Wall","floor":2,"gold_loss":0,"cards_obtained":["Barrage"]},{"damage_healed":0,"gold_gain":0,"player_choice":"Success","damage_taken":35,"relics_obtained":["Happy Flower"],"max_hp_gain":0,"max_hp_loss":0,"event_name":"Scrap Ooze","floor":3,"gold_loss":0},{"damage_healed":23,"gold_gain":0,"player_choice":"Banana","damage_taken":0,"max_hp_gain":0,"max_hp_loss":0,"event_name":"Big Fish","floor":5,"gold_loss":0}],"is_beta":false,"boss_relics":[{"not_picked":["Tiny House","White Beast Statue"],"picked":"Calling Bell"}],"items_purged_floors":[],"is_endless":false,"potions_floor_spawned":[1,11,14,16],"killed_by":"3 Byrds","ascension_level":20}