{"path_per_floor":["M","M","M","M","M","R","M","M","T","M","R","M","R","M","R","B",null,"M","M","$","M","M","R","E","$","T"],"character_chosen":"DEFECT","items_purchased":["Beam Cell","Thread and Needle","Coolheaded"],"gold_per_floor":[110,121,136,150,166,166,179,195,195,207,207,224,224,241,241,346,346,365,384,42,61,75,75,103,56,56,56],"floor_reached":27,"campfire_rested":0,"playtime":1258,"current_hp_per_floor":[67,60,58,49,49,49,45,40,40,39,39,33,33,33,33,9,59,59,47,47,41,12,12,14,14,14,14],"items_purged":[],"gold":56,"score":315,"play_id":"33099de1-be05-470a-93cf-6ef38ce60561","local_time":"20180515234715","is_prod":false,"is_daily":false,"chose_seed":false,"is_ascension_mode":true,"campfire_upgraded":5,"timestamp":1526399235,"path_taken":["M","M","M","M","M","R","M","?","T","M","R","M","R","M","R","BOSS","M","M","?","M","M","R","E","$","T","$"],"build_version":"2018-05-14v2","seed_source_timestamp":371926375985433,"purchased_purges":0,"victory":false,"master_deck":["Strike_B","Strike_B","Defend_B","Defend_B","Defend_B","Zap+1","Dualcast","Hologram+1","Streamline+1","Sunder+1","FTL","Injury","Hologram+1","Double Energy+1","Seek+1","Force Field+1","Scrape+1","Seek+1","Beam Cell+1","Self Repair","Coolheaded+1","Clumsy"],"max_hp_per_floor":[75,75,75,75,75,75,75,75,75,75,75,75,75,75,75,75,75,75,75,75,75,75,75,75,75,75,75],"relics":["Cursed Key","Toxic Egg 2","Astrolabe","Thread and Needle","Regal Pillow","Letter Opener"],"card_choices":[{"not_picked":["Scrape","Coolheaded","Go for the Eyes"],"picked":"SKIP","floor":1},{"not_picked":["Rebound","Capacitor","Turbo"],"picked":"SKIP","floor":2},{"not_picked":["Barrage","Axe Kick"],"picked":"Hologram","floor":3},{"not_picked":["Steam","Beam Cell"],"picked":"Streamline","floor":4},{"not_picked":["Genetic Algorithm","Gash"],"picked":"Sunder","floor":5},{"not_picked":["Go for the Eyes","Hologram","Barrage"],"picked":"SKIP","floor":7},{"not_picked":["Rebound","Tempest"],"picked":"FTL","floor":8},{"not_picked":["Hello World","Rebound","Gash"],"picked":"SKIP","floor":10},{"not_picked":["Capacitor","Streamline"],"picked":"Hologram+1","floor":12},{"not_picked":["Ball Lightning","Streamline"],"picked":"Double Energy+1","floor":14},{"not_picked":["Fusion+1","Rainbow+1"],"picked":"Seek+1","floor":16},{"not_picked":["Cold Snap","Blizzard","Sunder"],"picked":"SKIP","floor":18},{"not_picked":["Barrage","Turbo+1","Coolheaded+1"],"picked":"SKIP","floor":19},{"not_picked":["Aggregate+1","Static Discharge+1"],"picked":"Self Repair","floor":21},{"not_picked":["Streamline","Capacitor","Rebound"],"picked":"SKIP","floor":22},{"not_picked":["Nova","Stack+1","Blizzard+1"],"picked":"SKIP","floor":24}],"player_experience":383104,"potions_floor_usage":[16,16],"damage_taken":[{"damage":1,"enemies":"Cultist","floor":1,"turns":3},{"damage":7,"enemies":"Small Slimes","floor":2,"turns":3},{"damage":2,"enemies":"Jaw Worm","floor":3,"turns":3},{"damage":9,"enemies":"Exordium Wildlife","floor":4,"turns":4},{"damage":0,"enemies":"Large Slime","floor":5,"turns":3},{"damage":4,"enemies":"3 Louse","floor":7,"turns":3},{"damage":5,"enemies":"2 Fungi Beasts","floor":8,"turns":3},{"damage":1,"enemies":"Looter","floor":10,"turns":2},{"damage":6,"enemies":"Lots of Slimes","floor":12,"turns":4},{"damage":0,"enemies":"2 Fungi Beasts","floor":14,"turns":2},{"damage":24,"enemies":"Hexaghost","floor":16,"turns":9},{"damage":0,"enemies":"Spheric Guardian","floor":18,"turns":2},{"damage":12,"enemies":"2 Thieves","floor":19,"turns":2},{"damage":6,"enemies":"Cultist and Chosen","floor":21,"turns":3},{"damage":36,"enemies":"Snake Plant","floor":22,"turns":3},{"damage":5,"enemies":"Slavers","floor":24,"turns":4}],"relics_obtained":[{"floor":9,"key":"Toxic Egg 2"},{"floor":24,"key":"Regal Pillow"},{"floor":26,"key":"Letter Opener"}],"event_choices":[],"boss_relics":[{"not_picked":["Eternal Feather","Calling Bell"],"picked":"Astrolabe"}],"potions_floor_spawned":[1,7,8,12,14,18,22,24],"seed_played":"-8851561455093988685","ascension_level":7,"potions_obtained":[{"floor":1,"key":"Ancient Potion"},{"floor":7,"key":"Dexterity Potion"},{"floor":8,"key":"GamblersBrew"},{"floor":12,"key":"LiquidBronze"},{"floor":14,"key":"SkillPotion"},{"floor":18,"key":"Ancient Potion"},{"floor":22,"key":"FearPotion"},{"floor":24,"key":"Dexterity Potion"}],"is_trial":false}