{"gold_per_floor":[118,118,118,118,129,154,68,68,92,105,135,153,78,106,106,180,180,198,198,90,90,5,5,33,33,59,94,94,94,105,105,105,176,176,195,209,25,43,56,56,74,74,74,101,101,201,236,250,250,250,250],"floor_reached":51,"playtime":2335,"items_purged":[],"score":1593,"play_id":"3d1b322d-4f87-4bd4-b844-3708f6c2c926","local_time":"20190221152457","is_ascension_mode":true,"campfire_choices":[{"data":"Rip and Tear","floor":8.0,"key":"SMITH"},{"data":"Zap","floor":15.0,"key":"SMITH"},{"data":"Loop","floor":23.0,"key":"SMITH"},{"data":"Consume","floor":25.0,"key":"SMITH"},{"data":"Creative AI","floor":29.0,"key":"SMITH"},{"data":"Biased Cognition","floor":32.0,"key":"SMITH"},{"data":"Loop","floor":40.0,"key":"SMITH"},{"data":"Discovery","floor":42.0,"key":"SMITH"},{"floor":45.0,"key":"REST"},{"floor":49.0,"key":"RECALL"}],"neow_cost":"NONE","seed_source_timestamp":96629148717400,"circlet_count":0,"master_deck":["AscendersBane","Zap+1","Dualcast","Cold Snap","Rip and Tear+1","Glacier","Gash","Biased Cognition+1","Undo","Blizzard","Core Surge","Gash","Consume+1","Rip and Tear","Loop+1","Coolheaded","Gash","White Noise","Gash","Creative AI+1","Ghostly","Ghostly","Ghostly","Electrodynamics","Glacier","White Noise","Loop+1","Discovery+1","Cold Snap+1","Gash+1","Amplify","Loop","Turbo","Double Energy"],"special_seed":0,"relics":["Cracked Core","NeowsBlessing","Oddly Smooth Stone","Bronze Scales","Orichalcum","Anchor","Whetstone","Lantern","Pandora\u0027s Box","Meat on the Bone","Regal Pillow","Art of War","Omamori","Bag of Marbles","Cursed Key","Bottled Tornado","Dead Branch","Thread and Needle"],"potions_floor_usage":[],"damage_taken":[{"damage":0.0,"enemies":"Cultist","floor":1.0,"turns":1.0},{"damage":0.0,"enemies":"Small Slimes","floor":5.0,"turns":1.0},{"damage":0.0,"enemies":"Lagavulin","floor":6.0,"turns":1.0},{"damage":0.0,"enemies":"2 Louse","floor":10.0,"turns":1.0},{"damage":0.0,"enemies":"Gremlin Nob","floor":11.0,"turns":3.0},{"damage":1.0,"enemies":"Blue Slaver","floor":12.0,"turns":2.0},{"damage":24.0,"enemies":"Lagavulin","floor":14.0,"turns":4.0},{"damage":17.0,"enemies":"Hexaghost","floor":16.0,"turns":10.0},{"damage":16.0,"enemies":"2 Thieves","floor":18.0,"turns":3.0},{"damage":16.0,"enemies":"Slavers","floor":24.0,"turns":7.0},{"damage":26.0,"enemies":"Book of Stabbing","floor":27.0,"turns":6.0},{"damage":1.0,"enemies":"Spheric Guardian","floor":30.0,"turns":4.0},{"damage":27.0,"enemies":"Collector","floor":33.0,"turns":11.0},{"damage":0.0,"enemies":"3 Darklings","floor":35.0,"turns":5.0},{"damage":0.0,"enemies":"Orb Walker","floor":36.0,"turns":3.0},{"damage":0.0,"enemies":"Transient","floor":38.0,"turns":6.0},{"damage":19.0,"enemies":"Jaw Worm Horde","floor":39.0,"turns":2.0},{"damage":0.0,"enemies":"Writhing Mass","floor":41.0,"turns":7.0},{"damage":19.0,"enemies":"Giant Head","floor":44.0,"turns":10.0},{"damage":0.0,"enemies":"Mind Bloom Boss Battle","floor":46.0,"turns":6.0},{"damage":0.0,"enemies":"Nemesis","floor":47.0,"turns":7.0},{"damage":0.0,"enemies":"4 Shapes","floor":48.0,"turns":6.0},{"damage":24.0,"enemies":"Donu and Deca","floor":50.0,"turns":7.0},{"damage":27,"enemies":"Awakened One","floor":51,"turns":7}],"seed_played":"8183426067251316146","potions_obtained":[{"floor":5.0,"key":"Dexterity Potion"},{"floor":10.0,"key":"Energy Potion"},{"floor":12.0,"key":"Weak Potion"},{"floor":27.0,"key":"Weak Potion"},{"floor":30.0,"key":"Explosive Potion"},{"floor":35.0,"key":"AttackPotion"},{"floor":38.0,"key":"FocusPotion"},{"floor":44.0,"key":"AttackPotion"}],"is_trial":false,"path_per_floor":["M","T","?","?","M","E","$","R","T","M","E","M","?","E","R","B",null,"M","?","$","T","?","R","E","R","T","E","?","R","M","?","R","B",null,"M","M","$","M","M","R","M","R","T","E","R","?","E","M","R","B","B"],"character_chosen":"DEFECT","items_purchased":["Rip and Tear","Gash","Regen Potion","Loop","Discovery"],"campfire_rested":1,"item_purchase_floors":[7,20,20,37,37],"current_hp_per_floor":[64,64,64,57,57,57,57,57,57,57,57,56,56,32,32,15,57,41,41,41,41,41,41,40,40,40,26,26,26,37,35,35,20,31,31,31,31,31,24,24,24,24,24,17,35,35,35,35,35,23,0],"gold":250,"neow_bonus":"THREE_ENEMY_KILL","is_prod":false,"is_daily":false,"chose_seed":false,"campfire_upgraded":8,"win_rate":0,"timestamp":1550730297,"path_taken":["M","?","?","?","M","E","?","R","T","M","E","?","?","E","R","BOSS","M","?","$","?","?","R","E","R","T","E","?","R","?","?","R","BOSS","M","M","$","M","M","R","M","R","T","E","R","?","E","M","R","BOSS","BOSS"],"build_version":"2019-01-23","purchased_purges":0,"victory":false,"max_hp_per_floor":[71,71,71,71,71,71,71,71,71,71,71,71,71,71,71,71,71,71,71,71,71,71,71,71,71,71,71,71,71,71,35,35,35,35,35,35,35,35,35,35,35,35,35,35,35,35,35,35,35,35,35],"card_choices":[{"not_picked":["Go for the Eyes","Streamline"],"picked":"Cold Snap","floor":1.0},{"not_picked":["Force Field","Steam Power","Hologram"],"picked":"SKIP","floor":5.0},{"not_picked":["Reprogram","Heatsinks","Redo"],"picked":"SKIP","floor":6.0},{"not_picked":["Barrage","Scrape","Compile Driver"],"picked":"SKIP","floor":10.0},{"not_picked":["Redo","Doom and Gloom","Barrage"],"picked":"SKIP","floor":11.0},{"not_picked":["Aggregate","Leap"],"picked":"Glacier","floor":12.0},{"not_picked":["Rebound","Auto Shields"],"picked":"Gash","floor":14.0},{"not_picked":["Reboot","Fission"],"picked":"Biased Cognition","floor":16.0},{"not_picked":["Streamline","Scrape"],"picked":"Loop","floor":18.0},{"not_picked":["Conserve Battery","All For One"],"picked":"White Noise","floor":24.0},{"not_picked":["Rebound","Heatsinks"],"picked":"Gash","floor":27.0},{"not_picked":["Storm","Force Field","Sweeping Beam"],"picked":"SKIP","floor":30.0},{"not_picked":["Hyperbeam","Seek"],"picked":"Electrodynamics","floor":33.0},{"not_picked":["Rebound","Coolheaded"],"picked":"Glacier","floor":35.0},{"not_picked":["Turbo","Skim"],"picked":"White Noise","floor":36.0},{"not_picked":["Consume","Rebound"],"picked":"Cold Snap+1","floor":38.0},{"not_picked":["Darkness","Go for the Eyes+1"],"picked":"Gash+1","floor":39.0},{"not_picked":["Heatsinks+1","FTL","Conserve Battery"],"picked":"SKIP","floor":41.0},{"not_picked":["Leap+1","Hologram"],"picked":"Amplify","floor":44.0},{"not_picked":["Cold Snap","Darkness"],"picked":"Loop","floor":46.0},{"not_picked":["Steam","Sweeping Beam+1"],"picked":"Turbo","floor":47.0},{"not_picked":["Beam Cell","Skim+1"],"picked":"Double Energy","floor":48.0}],"player_experience":1692199,"relics_obtained":[{"floor":2.0,"key":"Oddly Smooth Stone"},{"floor":6.0,"key":"Orichalcum"},{"floor":9.0,"key":"Anchor"},{"floor":11.0,"key":"Whetstone"},{"floor":14.0,"key":"Lantern"},{"floor":21.0,"key":"Meat on the Bone"},{"floor":24.0,"key":"Art of War"},{"floor":26.0,"key":"Omamori"},{"floor":27.0,"key":"Bag of Marbles"},{"floor":44.0,"key":"Bottled Tornado"},{"floor":46.0,"key":"Dead Branch"},{"floor":47.0,"key":"Thread and Needle"}],"event_choices":[{"damage_healed":0.0,"max_hp_gain":0.0,"max_hp_loss":0.0,"gold_gain":0.0,"event_name":"Big Fish","player_choice":"Box","floor":3.0,"gold_loss":0.0,"damage_taken":0.0,"relics_obtained":["Bronze Scales"],"cards_obtained":["Regret"]},{"cards_removed":["Regret"],"damage_healed":0.0,"max_hp_gain":0.0,"max_hp_loss":0.0,"gold_gain":0.0,"event_name":"Golden Wing","player_choice":"Card Removal","floor":4.0,"gold_loss":0.0,"damage_taken":7.0},{"cards_removed":["Defend_B"],"damage_healed":0.0,"max_hp_gain":0.0,"max_hp_loss":0.0,"gold_gain":0.0,"event_name":"The Cleric","player_choice":"Card Removal","floor":13.0,"gold_loss":75.0,"damage_taken":0.0},{"damage_healed":0.0,"max_hp_gain":0.0,"max_hp_loss":0.0,"gold_gain":0.0,"event_name":"Match and Keep!","player_choice":"1 cards matched","floor":19.0,"gold_loss":0.0,"damage_taken":0.0,"cards_obtained":["Coolheaded"]},{"damage_healed":0.0,"max_hp_gain":0.0,"max_hp_loss":0.0,"gold_gain":0.0,"event_name":"Addict","player_choice":"Obtained Relic","floor":22.0,"gold_loss":85.0,"damage_taken":0.0,"relics_obtained":["Regal Pillow"]},{"damage_healed":0.0,"max_hp_gain":0.0,"max_hp_loss":0.0,"gold_gain":0.0,"cards_transformed":["Undo"],"event_name":"Transmorgrifier","player_choice":"Transformed","floor":28.0,"gold_loss":0.0,"damage_taken":0.0,"cards_obtained":["Creative AI"]},{"damage_healed":0.0,"max_hp_gain":0.0,"max_hp_loss":36.0,"gold_gain":0.0,"event_name":"Ghosts","player_choice":"Became a Ghost","floor":31.0,"gold_loss":0.0,"damage_taken":0.0,"cards_obtained":["Ghostly","Ghostly","Ghostly"]},{"damage_healed":0.0,"max_hp_gain":0.0,"max_hp_loss":0.0,"gold_gain":0.0,"event_name":"MindBloom","player_choice":"Fight","floor":46.0,"gold_loss":0.0,"damage_taken":0.0}],"is_beta":false,"boss_relics":[{"not_picked":["Nuclear Battery","Fusion Hammer"],"picked":"Pandora\u0027s Box"},{"not_picked":["White Beast Statue","Orrery"],"picked":"Cursed Key"}],"items_purged_floors":[],"is_endless":false,"potions_floor_spawned":[5,10,12,27,30,35,38,44],"killed_by":"Awakened One","ascension_level":20}