{"gold_per_floor":[114,66,141,158,170,196,196,226,226,244,256,256,331,66,66,139,139,157,157,256,280,296,296,328,340,340,357,357,230,247,257,257,334,334,348,348,348,102,1101,1101,1119,1150,1150,557,557,580,600,632,632,632],"floor_reached":51,"playtime":1574,"items_purged":["Normality"],"score":1346,"play_id":"2fee9b83-98c4-437d-b8ed-4f7f873ec1ce","local_time":"20190203210244","is_ascension_mode":true,"campfire_choices":[{"data":"Bash","floor":7,"key":"SMITH"},{"data":"Disarm","floor":12,"key":"SMITH"},{"floor":15,"key":"REST"},{"data":"Demon Form","floor":23,"key":"SMITH"},{"data":"Rampage","floor":28,"key":"SMITH"},{"floor":32,"key":"REST"},{"data":"Normality","floor":40,"key":"PURGE"},{"data":"Writhe","floor":45,"key":"PURGE"},{"data":"Bash+1","floor":49,"key":"PURGE"}],"neow_cost":"NONE","seed_source_timestamp":129414279066600,"circlet_count":0,"master_deck":["AscendersBane","Defend_R","Defend_R","Defend_R","Defend_R","Power Through","Body Slam","Disarm+1","Reaper","Battle Trance","Inflame","Rampage+1","Demon Form+1","Seeing Red","Bite","Bite","Bite","Bite","Fiend Fire+1","Power Through+1","Body Slam+1","Armaments+1","Body Slam+1","Second Wind","Apotheosis","Evolve","Heavy Blade+1","Limit Break","Finesse","Battle Trance"],"relics":["Burning Blood","NeowsBlessing","Matryoshka","Ice Cream","Blue Candle","Peace Pipe","PreservedInsect","Runic Dome","Molten Egg 2","Bag of Preparation","Pen Nib","Ancient Tea Set","Coffee Dripper","Juzu Bracelet","Darkstone Periapt","Membership Card","FossilizedHelix","Red Skull","Omamori","Dream Catcher"],"potions_floor_usage":[6,6,11,16,24,50,50],"damage_taken":[{"damage":0,"enemies":"2 Louse","floor":1,"turns":1},{"damage":0,"enemies":"Cultist","floor":4,"turns":1},{"damage":0,"enemies":"Small Slimes","floor":5,"turns":1},{"damage":8,"enemies":"Gremlin Nob","floor":6,"turns":3},{"damage":64,"enemies":"Lagavulin","floor":8,"turns":10},{"damage":3,"enemies":"Blue Slaver","floor":10,"turns":5},{"damage":4,"enemies":"Looter","floor":11,"turns":3},{"damage":23,"enemies":"The Guardian","floor":16,"turns":13},{"damage":33,"enemies":"2 Thieves","floor":18,"turns":4},{"damage":13,"enemies":"3 Byrds","floor":22,"turns":6},{"damage":24,"enemies":"Slavers","floor":24,"turns":4},{"damage":12,"enemies":"Cultist and Chosen","floor":25,"turns":5},{"damage":0,"enemies":"Snake Plant","floor":27,"turns":1},{"damage":0,"enemies":"Centurion and Healer","floor":30,"turns":4},{"damage":27,"enemies":"Chosen and Byrds","floor":31,"turns":5},{"damage":74,"enemies":"Automaton","floor":33,"turns":9},{"damage":59,"enemies":"3 Shapes","floor":35,"turns":7},{"damage":4,"enemies":"Orb Walker","floor":41,"turns":2},{"damage":46,"enemies":"Reptomancer","floor":42,"turns":8},{"damage":36,"enemies":"Jaw Worm Horde","floor":47,"turns":4},{"damage":0,"enemies":"Nemesis","floor":48,"turns":3},{"damage":73,"enemies":"Donu and Deca","floor":50,"turns":6}],"seed_played":"-5447032076902345580","potions_obtained":[{"floor":4,"key":"SteroidPotion"},{"floor":6,"key":"Dexterity Potion"},{"floor":8,"key":"Strength Potion"},{"floor":18,"key":"SkillPotion"},{"floor":42,"key":"SkillPotion"}],"is_trial":false,"path_per_floor":["M","$","?","M","M","E","R","E","T","M","M","R","?","$","R","B",null,"M","?","?","T","M","R","E","M","T","M","R","$","M","M","R","B",null,"M","?","?","$","?","R","M","E","T","$","R","T","M","E","R","B",null],"character_chosen":"IRONCLAD","items_purchased":["AttackPotion","PreservedInsect","Fire Potion","Rampage","Body Slam+1","FairyPotion","Second Wind","Apotheosis","Membership Card","FossilizedHelix","Red Skull","Limit Break","Finesse"],"campfire_rested":2,"item_purchase_floors":[2,14,14,14,29,29,38,38,44,44,44,44,44],"current_hp_per_floor":[74,74,67,73,75,73,73,19,19,22,24,24,13,13,35,22,62,50,50,50,50,47,47,52,52,52,52,52,52,52,33,48,22,45,38,38,51,51,51,51,52,43,43,43,43,43,22,30,30,21],"gold":632,"neow_bonus":"THREE_ENEMY_KILL","is_prod":false,"is_daily":false,"chose_seed":false,"campfire_upgraded":4,"win_rate":0,"timestamp":1549195364,"path_taken":["M","$","?","M","?","E","R","E","T","M","M","R","?","$","R","BOSS","M","?","?","?","M","R","E","M","T","M","R","$","M","?","R","BOSS","M","?","?","$","?","R","M","E","T","$","R","?","M","E","R","BOSS"],"build_version":"2019-01-23","purchased_purges":1,"victory":true,"max_hp_per_floor":[75,75,75,75,75,75,75,75,75,75,75,75,75,75,75,75,75,75,52,52,52,52,52,52,52,52,52,52,52,52,52,52,52,52,52,52,52,52,52,52,52,52,52,52,52,52,52,52,52,52],"card_choices":[{"not_picked":["Flex","Headbutt"],"picked":"Power Through","floor":1},{"not_picked":["Headbutt","Wild Strike"],"picked":"Body Slam","floor":4},{"not_picked":["Metallicize","Thunderclap"],"picked":"Disarm","floor":5},{"not_picked":["Body Slam","Iron Wave"],"picked":"Reaper","floor":6},{"not_picked":["Body Slam","Uppercut"],"picked":"Battle Trance","floor":8},{"not_picked":["Intimidate","Havoc"],"picked":"Inflame","floor":10},{"not_picked":["Blood for Blood","Ghostly Armor","Anger"],"picked":"SKIP","floor":11},{"not_picked":["Reaper","Bludgeon"],"picked":"Demon Form","floor":16},{"not_picked":["Shrug It Off","Hemokinesis"],"picked":"Seeing Red","floor":18},{"not_picked":["Pommel Strike+1","Heavy Blade+1","Sword Boomerang+1"],"picked":"SKIP","floor":22},{"not_picked":["Heavy Blade+1","Ghostly Armor+1"],"picked":"Fiend Fire+1","floor":24},{"not_picked":["Pommel Strike+1","Thunderclap+1","Heavy Blade+1"],"picked":"SKIP","floor":25},{"not_picked":["Wild Strike+1","Body Slam+1"],"picked":"Power Through+1","floor":27},{"not_picked":["Sentinel+1","Clothesline+1","Twin Strike+1"],"picked":"SKIP","floor":30},{"not_picked":["True Grit","Shockwave"],"picked":"Armaments+1","floor":31},{"not_picked":["Clothesline+1","Clash+1"],"picked":"Body Slam+1","floor":35},{"not_picked":["Wild Strike+1","Dual Wield"],"picked":"Evolve","floor":41},{"not_picked":["Blood for Blood+1","Intimidate"],"picked":"Heavy Blade+1","floor":42},{"not_picked":["Heavy Blade+1","Sword Boomerang+1"],"picked":"Battle Trance","floor":47},{"not_picked":["Havoc","Flame Barrier","Anger+1"],"picked":"SKIP","floor":48}],"player_experience":40999,"relics_obtained":[{"floor":6,"key":"Matryoshka"},{"floor":8,"key":"Ice Cream"},{"floor":9,"key":"Blue Candle"},{"floor":9,"key":"Peace Pipe"},{"floor":21,"key":"Molten Egg 2"},{"floor":21,"key":"Bag of Preparation"},{"floor":24,"key":"Pen Nib"},{"floor":26,"key":"Ancient Tea Set"},{"floor":42,"key":"Juzu Bracelet"},{"floor":43,"key":"Darkstone Periapt"},{"floor":46,"key":"Omamori"},{"floor":48,"key":"Dream Catcher"}],"event_choices":[{"damage_healed":0,"gold_gain":75,"player_choice":"Touch","damage_taken":7,"max_hp_gain":0,"max_hp_loss":0,"event_name":"FaceTrader","floor":3,"gold_loss":0},{"damage_healed":0,"gold_gain":75,"player_choice":"Gather Gold","damage_taken":11,"max_hp_gain":0,"max_hp_loss":0,"event_name":"World of Goop","floor":13,"gold_loss":0},{"damage_healed":0,"gold_gain":0,"player_choice":"Became a vampire","damage_taken":0,"max_hp_gain":0,"max_hp_loss":23,"event_name":"Vampires","floor":19,"gold_loss":0,"cards_obtained":["Bite","Bite","Bite","Bite","Bite"]},{"damage_healed":0,"gold_gain":99,"player_choice":"Stole From Cult","damage_taken":0,"max_hp_gain":0,"max_hp_loss":0,"event_name":"Nest","floor":20,"gold_loss":0},{"cards_removed":["Bite"],"damage_healed":0,"gold_gain":0,"player_choice":"Removed Attack","damage_taken":0,"max_hp_gain":0,"max_hp_loss":0,"event_name":"Falling","floor":36,"gold_loss":0},{"damage_healed":13,"gold_gain":0,"player_choice":"Writhe","damage_taken":0,"max_hp_gain":0,"max_hp_loss":0,"event_name":"Winding Halls","floor":37,"gold_loss":0,"cards_obtained":["Writhe"]},{"damage_healed":0,"gold_gain":999,"player_choice":"Gold","damage_taken":0,"max_hp_gain":0,"max_hp_loss":0,"event_name":"MindBloom","floor":39,"gold_loss":0,"cards_obtained":["Normality","Normality"]}],"is_beta":false,"boss_relics":[{"not_picked":["Runic Cube","Orrery"],"picked":"Runic Dome"},{"not_picked":["Mark of Pain","White Beast Statue"],"picked":"Coffee Dripper"}],"items_purged_floors":[44],"is_endless":false,"potions_floor_spawned":[4,6,8,10,18,22,30,31,42,48],"ascension_level":14}