{"gold_per_floor":[116,116,191,28,48,48,68,93,93,93,93,93,105,133,133,207,207,222,272,290,290,26,26,58,58,84,102,62,76,50,70,70,147,147,159,159,381,481,493,523,523,556,556,575,575,135,146,177,177,177,177,177,177,27,61,61],"floor_reached":57,"playtime":2268,"items_purged":["Strike_R","Strike_R","Bash","Reckless Charge"],"score":2792,"play_id":"1c282ebb-35fc-4776-80ac-0f94db82cb2c","local_time":"20190422192657","is_ascension_mode":true,"campfire_choices":[{"data":"Carnage","floor":6,"key":"SMITH"},{"data":"Juggernaut","floor":10,"key":"SMITH"},{"data":"Armaments","floor":12,"key":"SMITH"},{"data":"Shrug It Off","floor":15,"key":"SMITH"},{"floor":23,"key":"REST"},{"floor":25,"key":"REST"},{"floor":32,"key":"REST"},{"floor":49,"key":"RECALL"},{"floor":53,"key":"REST"}],"neow_cost":"TEN_PERCENT_HP_LOSS","seed_source_timestamp":25656630265400,"circlet_count":0,"master_deck":["AscendersBane","Defend_R","Defend_R","Defend_R","Defend_R","Juggernaut+1","Carnage+1","Armaments+1","Shrug It Off+1","Pommel Strike+1","Body Slam+1","Seeing Red","Barricade","Shrug It Off","Feel No Pain","True Grit","Fiend Fire+1","Master of Strategy","Impatience","Battle Trance","Second Wind","Entrench","Feel No Pain+1"],"relics":["Burning Blood","Molten Egg 2","Letter Opener","Incense Burner","Fusion Hammer","Oddly Smooth Stone","Red Mask","Runic Dome","Du-Vu Doll","Bottled Tornado","Art of War","Anchor","Frozen Egg 2","Lee\u0027s Waffle","Shuriken","Boot"],"potions_floor_usage":[8,14,16,33,33,51],"damage_taken":[{"damage":7,"enemies":"2 Louse","floor":1,"turns":4},{"damage":3,"enemies":"Small Slimes","floor":5,"turns":3},{"damage":7,"enemies":"Cultist","floor":7,"turns":4},{"damage":34,"enemies":"3 Sentries","floor":8,"turns":9},{"damage":4,"enemies":"2 Fungi Beasts","floor":13,"turns":3},{"damage":31,"enemies":"Gremlin Nob","floor":14,"turns":4},{"damage":11,"enemies":"The Guardian","floor":16,"turns":10},{"damage":19,"enemies":"Shell Parasite","floor":18,"turns":4},{"damage":2,"enemies":"Spheric Guardian","floor":20,"turns":5},{"damage":20,"enemies":"Masked Bandits","floor":24,"turns":4},{"damage":58,"enemies":"Snecko","floor":27,"turns":7},{"damage":9,"enemies":"Cultist and Chosen","floor":29,"turns":6},{"damage":0,"enemies":"Centurion and Healer","floor":31,"turns":5},{"damage":13,"enemies":"Collector","floor":33,"turns":9},{"damage":0,"enemies":"3 Darklings","floor":35,"turns":8},{"damage":0,"enemies":"Mind Bloom Boss Battle","floor":38,"turns":6},{"damage":0,"enemies":"Orb Walker","floor":39,"turns":5},{"damage":34,"enemies":"Reptomancer","floor":40,"turns":5},{"damage":0,"enemies":"Nemesis","floor":42,"turns":7},{"damage":0,"enemies":"Sphere and 2 Shapes","floor":44,"turns":3},{"damage":11,"enemies":"Jaw Worm Horde","floor":47,"turns":5},{"damage":60,"enemies":"Reptomancer","floor":48,"turns":9},{"damage":2,"enemies":"Donu and Deca","floor":50,"turns":7},{"damage":21,"enemies":"Awakened One","floor":51,"turns":6},{"damage":42,"enemies":"Shield and Spear","floor":55,"turns":6},{"damage":8,"enemies":"The Heart","floor":56,"turns":8}],"seed_played":"-1345386308465945454","potions_obtained":[{"floor":1,"key":"Regen Potion"},{"floor":7,"key":"PowerPotion"},{"floor":13,"key":"Weak Potion"},{"floor":18,"key":"Strength Potion"},{"floor":27,"key":"EntropicBrew"},{"floor":35,"key":"EssenceOfSteel"}],"is_trial":false,"path_per_floor":["M","?","?","$","M","R","M","E","T","R","?","R","M","E","R","B",null,"M","?","M","?","$","R","?","R","T","M","$","M","$","M","R","B",null,"M","?","?","?","M","E","?","E","T","M","T","$","M","E","R","B","B",null,"R","$","E","B",null],"character_chosen":"IRONCLAD","items_purchased":["Carnage","Oddly Smooth Stone","Feel No Pain","True Grit","Lee\u0027s Waffle","Entrench"],"campfire_rested":4,"item_purchase_floors":[4,22,28,30,46,46],"current_hp_per_floor":[67,67,56,56,59,59,58,45,45,45,45,45,47,22,22,17,55,42,36,40,40,40,60,46,66,66,14,14,11,11,17,37,30,59,65,55,55,61,67,39,39,45,45,51,51,72,67,13,13,17,13,57,72,72,36,34],"gold":61,"neow_bonus":"THREE_RARE_CARDS","is_prod":false,"is_daily":false,"chose_seed":false,"campfire_upgraded":4,"win_rate":0,"timestamp":1555928817,"path_taken":["M","?","?","$","M","R","M","E","T","R","?","R","?","E","R","BOSS","M","?","?","?","$","R","?","R","T","M","$","M","$","M","R","BOSS","M","?","?","?","M","E","?","E","T","M","?","?","?","E","R","BOSS","BOSS","R","$","E","BOSS"],"build_version":"2019-01-23","purchased_purges":4,"victory":true,"max_hp_per_floor":[68,68,68,68,68,68,68,68,68,68,68,68,68,68,68,68,68,68,68,68,68,68,68,68,68,68,68,68,68,68,68,68,68,68,68,68,68,68,68,68,65,65,65,65,65,72,72,72,72,72,72,72,72,72,72,72],"card_choices":[{"not_picked":["Impervious","Exhume"],"picked":"Juggernaut","floor":0},{"not_picked":["Searing Blow","Fire Breathing","Anger"],"picked":"SKIP","floor":1},{"not_picked":["Heavy Blade","Entrench"],"picked":"Armaments","floor":5},{"not_picked":["Flame Barrier","Clothesline"],"picked":"Shrug It Off","floor":7},{"not_picked":["Intimidate","Headbutt","Flex"],"picked":"SKIP","floor":8},{"not_picked":["Ghostly Armor","Double Tap"],"picked":"Body Slam+1","floor":13},{"not_picked":["Sentinel","Bloodletting"],"picked":"Seeing Red","floor":14},{"not_picked":["Brutality","Fiend Fire+1"],"picked":"Barricade","floor":16},{"not_picked":["Body Slam+1","Burning Pact"],"picked":"Shrug It Off","floor":18},{"not_picked":["Havoc","Sword Boomerang+1","Armaments"],"picked":"SKIP","floor":20},{"not_picked":["Twin Strike+1","Fire Breathing+1","Dropkick+1"],"picked":"SKIP","floor":27},{"not_picked":["Hemokinesis+1","Inflame","Exhume"],"picked":"SKIP","floor":29},{"not_picked":["Searing Blow+1","Twin Strike+1","Wild Strike+1"],"picked":"SKIP","floor":31},{"not_picked":["Bludgeon+1","Demon Form"],"picked":"Fiend Fire+1","floor":33},{"not_picked":["Rage+1","Iron Wave+1","Body Slam+1"],"picked":"SKIP","floor":35},{"not_picked":["Rage+1","Iron Wave+1","Body Slam+1"],"picked":"SKIP","floor":35},{"not_picked":["Panache","Panacea"],"picked":"Master of Strategy","floor":36},{"not_picked":["Purity","Swift Strike+1"],"picked":"Impatience","floor":36},{"not_picked":["Dual Wield","Pommel Strike+1"],"picked":"Battle Trance","floor":39},{"not_picked":["Twin Strike+1","Body Slam+1"],"picked":"Second Wind","floor":40},{"not_picked":["Cleave+1","Flame Barrier","Metallicize"],"picked":"SKIP","floor":42},{"not_picked":["Battle Trance","Clash+1","Flame Barrier+1"],"picked":"SKIP","floor":44},{"not_picked":["Cleave+1","Shrug It Off","Headbutt+1"],"picked":"SKIP","floor":47},{"not_picked":["Cleave+1","Shrug It Off","Headbutt+1"],"picked":"SKIP","floor":47},{"not_picked":["Cleave+1","Shrug It Off","Headbutt+1"],"picked":"SKIP","floor":47},{"not_picked":["Shrug It Off+1","Rampage+1"],"picked":"Feel No Pain+1","floor":48},{"not_picked":["Clothesline+1","Warcry","Perfected Strike+1"],"picked":"SKIP","floor":55}],"player_experience":3300427,"relics_obtained":[{"floor":8,"key":"Molten Egg 2"},{"floor":9,"key":"Letter Opener"},{"floor":14,"key":"Incense Burner"},{"floor":24,"key":"Red Mask"},{"floor":38,"key":"Du-Vu Doll"},{"floor":40,"key":"Bottled Tornado"},{"floor":42,"key":"Art of War"},{"floor":43,"key":"Anchor"},{"floor":45,"key":"Frozen Egg 2"},{"floor":48,"key":"Shuriken"},{"floor":55,"key":"Boot"}],"event_choices":[{"damage_healed":0,"gold_gain":0,"cards_transformed":["Strike_R"],"player_choice":"Change","damage_taken":0,"max_hp_gain":0,"max_hp_loss":0,"event_name":"Living Wall","floor":2,"gold_loss":0,"cards_obtained":["Reckless Charge"]},{"damage_healed":0,"gold_gain":75,"player_choice":"Gather Gold","damage_taken":11,"max_hp_gain":0,"max_hp_loss":0,"event_name":"World of Goop","floor":3,"gold_loss":0},{"damage_healed":0,"gold_gain":0,"cards_transformed":["Strike_R"],"player_choice":"Transformed","damage_taken":0,"max_hp_gain":0,"max_hp_loss":0,"event_name":"Transmorgrifier","floor":11,"gold_loss":0,"cards_obtained":["Pommel Strike"]},{"damage_healed":0,"gold_gain":50,"player_choice":"Touch","damage_taken":6,"max_hp_gain":0,"max_hp_loss":0,"event_name":"FaceTrader","floor":19,"gold_loss":0},{"cards_removed":["Strike_R"],"damage_healed":0,"gold_gain":0,"player_choice":"Elegance","damage_taken":0,"max_hp_gain":0,"max_hp_loss":0,"event_name":"Back to Basics","floor":21,"gold_loss":0},{"damage_healed":0,"gold_gain":0,"player_choice":"Fought Bandits","damage_taken":0,"max_hp_gain":0,"max_hp_loss":0,"event_name":"Masked Bandits","floor":24,"gold_loss":0},{"damage_healed":0,"gold_gain":0,"player_choice":"Memory 3","damage_taken":10,"max_hp_gain":0,"max_hp_loss":0,"event_name":"SensoryStone","floor":36,"gold_loss":0},{"damage_healed":0,"gold_gain":222,"player_choice":"Wore Mask","damage_taken":0,"max_hp_gain":0,"max_hp_loss":0,"event_name":"Tomb of Lord Red Mask","floor":37,"gold_loss":0},{"damage_healed":0,"gold_gain":0,"player_choice":"Fight","damage_taken":0,"max_hp_gain":0,"max_hp_loss":0,"event_name":"MindBloom","floor":38,"gold_loss":0},{"damage_healed":0,"gold_gain":0,"player_choice":"Max HP","damage_taken":0,"max_hp_gain":0,"max_hp_loss":3,"event_name":"Winding Halls","floor":41,"gold_loss":0}],"is_beta":false,"boss_relics":[{"not_picked":["Ectoplasm","Philosopher\u0027s Stone"],"picked":"Fusion Hammer"},{"not_picked":["Runic Cube","Snecko Eye"],"picked":"Runic Dome"}],"items_purged_floors":[4,22,46,54],"is_endless":false,"potions_floor_spawned":[1,7,13,18,27,33,35,39,42],"ascension_level":20}