{"gold_per_floor":[113,113,132,132,57,91,117,183,183,208,208,222,236,124,124,124],"floor_reached":16,"playtime":391,"items_purged":["Pain"],"score":250,"play_id":"3fbe73ee-950d-468a-bad5-d2cb893d546e","local_time":"20190411204211","is_ascension_mode":true,"campfire_choices":[{"data":"Offering","floor":15,"key":"SMITH"}],"neow_cost":"NONE","seed_source_timestamp":413072809537000,"circlet_count":0,"master_deck":["AscendersBane","Strike_R","Strike_R","Strike_R","Strike_R","Strike_R","Defend_R","Defend_R","Defend_R","Defend_R","Bash","True Grit","True Grit","Offering+1","Armaments+1","Body Slam"],"relics":["Burning Blood","NeowsBlessing","WarpedTongs","Golden Idol","Singing Bowl","Question Card","Kunai"],"potions_floor_usage":[8,8,16,16,16],"damage_taken":[{"damage":0,"enemies":"Jaw Worm","floor":1,"turns":1},{"damage":0,"enemies":"Cultist","floor":3,"turns":1},{"damage":0,"enemies":"Gremlin Nob","floor":6,"turns":1},{"damage":38,"enemies":"Gremlin Nob","floor":8,"turns":4},{"damage":1,"enemies":"2 Louse","floor":10,"turns":3},{"damage":15,"enemies":"Red Slaver","floor":12,"turns":3},{"damage":8,"enemies":"Exordium Wildlife","floor":13,"turns":6},{"damage":24,"enemies":"Hexaghost","floor":16,"turns":9}],"seed_played":"-4056325156188049463","potions_obtained":[{"floor":1,"key":"SneckoOil"},{"floor":6,"key":"Energy Potion"}],"is_trial":false,"path_per_floor":["M","?","M","?","$","E","T","?","T","M","?","M","M","$","R","B"],"character_chosen":"IRONCLAD","items_purchased":["EntropicBrew"],"campfire_rested":0,"item_purchase_floors":[14],"current_hp_per_floor":[74,74,75,49,49,55,55,23,23,28,28,21,21,21,21,0],"gold":124,"neow_bonus":"THREE_ENEMY_KILL","is_prod":false,"is_daily":false,"chose_seed":false,"campfire_upgraded":1,"win_rate":0,"timestamp":1554982931,"path_taken":["M","?","?","?","$","E","?","?","T","M","?","?","M","?","R","BOSS"],"build_version":"2019-01-23","purchased_purges":1,"victory":false,"max_hp_per_floor":[75,75,75,75,75,75,75,75,75,75,75,77,79,79,79,79],"card_choices":[{"not_picked":["Hemokinesis","Sword Boomerang"],"picked":"True Grit","floor":1},{"not_picked":["Thunderclap","Sword Boomerang"],"picked":"True Grit","floor":3},{"not_picked":["Uppercut","Evolve"],"picked":"Offering","floor":6},{"not_picked":["Body Slam","Sword Boomerang"],"picked":"Armaments","floor":8},{"not_picked":["Sentinel","Blood for Blood","Entrench"],"picked":"Body Slam","floor":10},{"not_picked":["Anger","Heavy Blade","Cleave","Reckless Charge"],"picked":"Singing Bowl","floor":12},{"not_picked":["Headbutt","Havoc","Bludgeon","Fire Breathing"],"picked":"Singing Bowl","floor":13}],"player_experience":3063019,"relics_obtained":[{"floor":6,"key":"Singing Bowl"},{"floor":8,"key":"Question Card"},{"floor":9,"key":"Kunai"}],"event_choices":[{"damage_healed":0,"gold_gain":0,"player_choice":"Rummage","damage_taken":0,"relics_obtained":["WarpedTongs"],"max_hp_gain":0,"max_hp_loss":0,"event_name":"Accursed Blacksmith","floor":2,"gold_loss":0,"cards_obtained":["Pain"]},{"damage_healed":0,"gold_gain":0,"player_choice":"Take Damage","damage_taken":26,"relics_obtained":["Golden Idol"],"max_hp_gain":0,"max_hp_loss":0,"event_name":"Golden Idol","floor":4,"gold_loss":0},{"damage_healed":0,"gold_gain":30,"player_choice":"Searched \u00272\u0027 times","damage_taken":0,"max_hp_gain":0,"max_hp_loss":0,"event_name":"Dead Adventurer","floor":8,"gold_loss":0},{"damage_healed":0,"gold_gain":0,"player_choice":"Upgraded","damage_taken":0,"max_hp_gain":0,"max_hp_loss":0,"event_name":"Upgrade Shrine","floor":11,"gold_loss":0,"cards_upgraded":["Armaments"]}],"is_beta":false,"boss_relics":[],"items_purged_floors":[5],"is_endless":false,"potions_floor_spawned":[1,6],"killed_by":"Hexaghost","ascension_level":20}