{"gold_per_floor":[113,129,129,129,147,147,178,232,232,257,257,278,52,91,103,208,220,256,289,576,358,378,378,7,7],"floor_reached":25,"playtime":1427,"items_purged":["Regret","Strike_B"],"score":448,"play_id":"595239b0-312f-4096-9000-58bcc8187365","local_time":"20181222005506","is_ascension_mode":true,"campfire_choices":[{"data":"Sweeping Beam","floor":6,"key":"SMITH"},{"floor":11,"key":"REST"},{"data":"Gash","floor":15,"key":"SMITH"},{"floor":23,"key":"REST"}],"neow_cost":"NONE","seed_source_timestamp":24086132954021,"circlet_count":0,"master_deck":["AscendersBane","Strike_B","Strike_B+1","Strike_B+1","Defend_B","Defend_B","Defend_B","Defend_B","Zap","Dualcast","Cold Snap","Sweeping Beam+1","Auto Shields","Melter","Gash+1","Creative AI","Conserve Battery","Auto Shields","Electrodynamics","Self Repair","Gash","Cold Snap"],"relics":["Cracked Core","Strawberry","Golden Idol","Regal Pillow","Anchor","Whetstone","Orichalcum","Runic Capacitor","MawBank","Philosopher\u0027s Stone","Membership Card"],"potions_floor_usage":[14,16,19,25],"damage_taken":[{"damage":4,"enemies":"Small Slimes","floor":1,"turns":3},{"damage":5,"enemies":"Jaw Worm","floor":2,"turns":3},{"damage":3,"enemies":"2 Louse","floor":5,"turns":3},{"damage":30,"enemies":"Lagavulin","floor":7,"turns":9},{"damage":1,"enemies":"Red Slaver","floor":10,"turns":3},{"damage":4,"enemies":"Exordium Thugs","floor":12,"turns":4},{"damage":0,"enemies":"3 Sentries","floor":14,"turns":5},{"damage":21,"enemies":"Slime Boss","floor":16,"turns":9},{"damage":23,"enemies":"Chosen","floor":18,"turns":7},{"damage":18,"enemies":"Spheric Guardian","floor":19,"turns":4},{"damage":32,"enemies":"Snecko","floor":22,"turns":7},{"damage":37,"enemies":"Snake Plant","floor":25,"turns":4}],"seed_played":"-720824459991289765","potions_obtained":[{"floor":1,"key":"Strength Potion"},{"floor":7,"key":"Fire Potion"},{"floor":14,"key":"LiquidBronze"},{"floor":18,"key":"Regen Potion"}],"is_trial":false,"path_per_floor":["M","M","?","?","M","R","E","T","T","M","R","M","$","E","R","B",null,"M","M","?","$","M","R","$","M"],"character_chosen":"DEFECT","items_purchased":["Runic Capacitor","Electrodynamics","Membership Card","Self Repair","Gash","Cold Snap"],"campfire_rested":2,"item_purchase_floors":[13,21,24,24,24,24],"current_hp_per_floor":[67,62,62,57,54,54,24,24,24,23,59,55,55,55,55,34,62,39,33,33,33,1,37,37,0],"gold":7,"neow_bonus":"RANDOM_COMMON_RELIC","is_prod":false,"is_daily":false,"chose_seed":false,"campfire_upgraded":2,"win_rate":0,"timestamp":1545411306,"path_taken":["M","M","?","?","M","R","E","?","T","M","R","M","$","E","R","BOSS","M","M","?","$","M","R","$","M"],"build_version":"2018-12-17","purchased_purges":2,"victory":false,"max_hp_per_floor":[78,78,71,71,71,71,71,71,71,71,71,71,71,71,71,71,71,71,71,71,71,71,71,71,71],"card_choices":[{"not_picked":["Steam","Go for the Eyes"],"picked":"Cold Snap","floor":1},{"not_picked":["Reprogram","Rebound"],"picked":"Sweeping Beam","floor":2},{"not_picked":["Conserve Battery","Barrage"],"picked":"Auto Shields","floor":5},{"not_picked":["Stack","Doom and Gloom","Steam"],"picked":"SKIP","floor":7},{"not_picked":["Double Energy","Redo"],"picked":"Melter","floor":10},{"not_picked":["Stack","Sweeping Beam","Beam Cell"],"picked":"SKIP","floor":12},{"not_picked":["Conserve Battery","Leap"],"picked":"Gash","floor":14},{"not_picked":["Biased Cognition","Rainbow"],"picked":"Creative AI","floor":16},{"not_picked":["Doom and Gloom","Beam Cell"],"picked":"Conserve Battery","floor":18},{"not_picked":["Tempest","Genetic Algorithm"],"picked":"Auto Shields","floor":19},{"not_picked":["Streamline","Melter","Auto Shields"],"picked":"SKIP","floor":22}],"player_experience":650757,"relics_obtained":[{"floor":7,"key":"Anchor"},{"floor":8,"key":"Whetstone"},{"floor":9,"key":"Orichalcum"},{"floor":14,"key":"MawBank"}],"event_choices":[{"damage_healed":0,"gold_gain":0,"player_choice":"Lose Max HP","damage_taken":0,"relics_obtained":["Golden Idol"],"max_hp_gain":0,"max_hp_loss":7,"event_name":"Golden Idol","floor":3,"gold_loss":0},{"damage_healed":0,"gold_gain":0,"player_choice":"Success","damage_taken":5,"relics_obtained":["Regal Pillow"],"max_hp_gain":0,"max_hp_loss":0,"event_name":"Scrap Ooze","floor":4,"gold_loss":0},{"damage_healed":0,"gold_gain":275,"player_choice":"Desecrate","damage_taken":0,"max_hp_gain":0,"max_hp_loss":0,"event_name":"Golden Shrine","floor":20,"gold_loss":0,"cards_obtained":["Regret"]}],"is_beta":true,"boss_relics":[{"not_picked":["Orrery","Velvet Choker"],"picked":"Philosopher\u0027s Stone"}],"items_purged_floors":[21,24],"is_endless":false,"potions_floor_spawned":[1,7,12,14,18],"killed_by":"Snake Plant","ascension_level":18}