{"gold_per_floor":[118,118,268,295,295,295,326,27,27,67,67,91,109,71,71,170,170,130,130,155,155,155,194,194,209,209,209,113,10,10,30,30,120,120,134,467,467,477,487,487,514,514,514,514,158,174,174,202,202,202,202,202,202,0,34,34],"floor_reached":57,"playtime":3463,"items_purged":["Doubt","Strike_B","Strike_B","Strike_B+1","Defend_B"],"score":3264,"play_id":"22bbfbb5-a139-4e07-8be9-8efa4b096267","local_time":"20190426144223","is_ascension_mode":true,"campfire_choices":[{"data":"Zap","floor":6,"key":"SMITH"},{"data":"Consume","floor":11,"key":"SMITH"},{"data":"Dualcast","floor":15,"key":"SMITH"},{"floor":24,"key":"REST"},{"data":"Blizzard","floor":27,"key":"SMITH"},{"data":"Ghostly","floor":30,"key":"SMITH"},{"data":"Capacitor","floor":32,"key":"SMITH"},{"floor":40,"key":"RECALL"},{"data":"Ghostly","floor":44,"key":"SMITH"},{"data":"Recycle","floor":47,"key":"SMITH"},{"data":"Fission","floor":49,"key":"SMITH"},{"data":"Ghostly","floor":53,"key":"SMITH"}],"neow_cost":"NONE","seed_source_timestamp":352987580004900,"circlet_count":0,"master_deck":["AscendersBane","Strike_B+1","Defend_B","Defend_B","Defend_B+1","Zap+1","Dualcast+1","Glacier","Glacier+1","Consume+1","Skim","Capacitor+1","Reboot","Coolheaded+1","Blizzard+1","Ball Lightning","Ghostly+1","Ghostly+1","Ghostly+1","Fission+1","Loop+1","Finesse","Self Repair","Biased Cognition","Coolheaded","Echo Form","Hologram","White Noise","Recycle+1"],"relics":["Runic Pyramid","Ornamental Fan","Membership Card","PreservedInsect","Blue Candle","Cables","Sozu","Enchiridion","Symbiotic Virus","Sundial","Inserter","Darkstone Periapt","Ancient Tea Set","War Paint","Ice Cream","Anchor","Strawberry","Runic Capacitor","Emotion Chip"],"potions_floor_usage":[16,18],"damage_taken":[{"damage":0,"enemies":"Small Slimes","floor":1,"turns":2},{"damage":5,"enemies":"Lagavulin","floor":7,"turns":9},{"damage":9,"enemies":"3 Sentries","floor":10,"turns":12},{"damage":7,"enemies":"Jaw Worm","floor":12,"turns":3},{"damage":0,"enemies":"2 Louse","floor":13,"turns":4},{"damage":0,"enemies":"Slime Boss","floor":16,"turns":16},{"damage":24,"enemies":"2 Thieves","floor":18,"turns":5},{"damage":0,"enemies":"Chosen","floor":20,"turns":9},{"damage":10,"enemies":"Gremlin Leader","floor":23,"turns":9},{"damage":0,"enemies":"Centurion and Healer","floor":25,"turns":5},{"damage":0,"enemies":"Shelled Parasite and Fungi","floor":31,"turns":6},{"damage":0,"enemies":"Automaton","floor":33,"turns":9},{"damage":0,"enemies":"3 Shapes","floor":35,"turns":4},{"damage":0,"enemies":"3 Darklings","floor":38,"turns":7},{"damage":0,"enemies":"Sphere and 2 Shapes","floor":39,"turns":6},{"damage":0,"enemies":"Nemesis","floor":41,"turns":8},{"damage":0,"enemies":"Transient","floor":46,"turns":6},{"damage":0,"enemies":"Giant Head","floor":48,"turns":8},{"damage":2,"enemies":"Donu and Deca","floor":50,"turns":9},{"damage":0,"enemies":"Awakened One","floor":51,"turns":14},{"damage":0,"enemies":"Shield and Spear","floor":55,"turns":6},{"damage":7,"enemies":"The Heart","floor":56,"turns":12}],"seed_played":"1687343640507985986","potions_obtained":[{"floor":7,"key":"SpeedPotion"},{"floor":12,"key":"Regen Potion"}],"is_trial":false,"path_per_floor":["M","?","?","T","?","R","E","$","T","E","R","M","M","$","R","B",null,"M","?","M","?","?","E","R","M","T","R","$","$","R","M","R","B",null,"M","?","?","M","M","R","E","T","T","R","$","M","R","E","R","B","B",null,"R","$","E","B",null],"character_chosen":"DEFECT","items_purchased":["Membership Card","PreservedInsect","Finesse","Self Repair","Recycle","Ice Cream","Anchor","Runic Capacitor"],"campfire_rested":1,"item_purchase_floors":[8,8,28,29,45,45,45,54],"current_hp_per_floor":[64,43,43,43,43,43,38,38,38,29,29,22,22,22,22,37,57,33,33,33,32,11,1,10,10,10,10,10,10,10,17,17,24,30,30,30,30,32,32,32,32,32,32,32,32,32,32,39,39,39,39,39,39,39,39,39],"gold":34,"neow_bonus":"BOSS_RELIC","is_prod":false,"is_daily":false,"chose_seed":false,"campfire_upgraded":10,"win_rate":0,"timestamp":1556257343,"path_taken":["M","?","?","?","?","R","E","?","T","E","R","M","M","$","R","BOSS","M","?","M","?","?","E","R","M","T","R","?","$","R","?","R","BOSS","M","?","?","M","?","R","E","?","T","R","$","M","R","E","R","BOSS","BOSS","R","$","E","BOSS"],"build_version":"2019-01-23","purchased_purges":5,"victory":true,"max_hp_per_floor":[71,71,71,71,64,64,64,64,64,64,64,64,64,64,64,64,64,64,64,64,32,32,32,32,32,32,32,32,32,32,32,32,32,32,32,32,32,32,32,32,32,32,32,32,32,32,32,39,39,39,39,39,39,39,39,39],"card_choices":[{"not_picked":["Sweeping Beam","BootSequence"],"picked":"Glacier","floor":1},{"not_picked":["Force Field","Rebound"],"picked":"Glacier","floor":7},{"not_picked":["Conserve Battery","Turbo"],"picked":"Consume","floor":10},{"not_picked":["Consume","Steam"],"picked":"Skim","floor":12},{"not_picked":["Steam","Sweeping Beam"],"picked":"Capacitor","floor":13},{"not_picked":["Meteor Strike","Biased Cognition"],"picked":"Reboot","floor":16},{"not_picked":["Redo","Barrage"],"picked":"Coolheaded+1","floor":18},{"not_picked":["Sweeping Beam+1","Ball Lightning","Streamline"],"picked":"SKIP","floor":20},{"not_picked":["Sweeping Beam+1","Streamline"],"picked":"Ball Lightning","floor":20},{"not_picked":["Aggregate","Sweeping Beam"],"picked":"Fission","floor":23},{"not_picked":["Defragment","Lockon"],"picked":"Loop+1","floor":25},{"not_picked":["Aggregate","Reprogram","Go for the Eyes"],"picked":"SKIP","floor":31},{"not_picked":["All For One","Meteor Strike"],"picked":"Biased Cognition","floor":33},{"not_picked":["Aggregate","Go for the Eyes"],"picked":"Coolheaded","floor":35},{"not_picked":["Turbo","Cold Snap+1"],"picked":"Hologram","floor":38},{"not_picked":["Ball Lightning+1","Coolheaded"],"picked":"White Noise","floor":39},{"not_picked":["Thunder Strike","Beam Cell","Coolheaded"],"picked":"SKIP","floor":41},{"not_picked":["Doom and Gloom+1","Self Repair+1","Streamline"],"picked":"SKIP","floor":46},{"not_picked":["Conserve Battery","Go for the Eyes","Sweeping Beam+1"],"picked":"SKIP","floor":48},{"not_picked":["Sweeping Beam","Rip and Tear","Gash+1"],"picked":"SKIP","floor":55}],"player_experience":3386200,"relics_obtained":[{"floor":7,"key":"Ornamental Fan"},{"floor":9,"key":"Blue Candle"},{"floor":10,"key":"Cables"},{"floor":22,"key":"Enchiridion"},{"floor":23,"key":"Symbiotic Virus"},{"floor":26,"key":"Sundial"},{"floor":41,"key":"Darkstone Periapt"},{"floor":42,"key":"Ancient Tea Set"},{"floor":43,"key":"War Paint"},{"floor":48,"key":"Strawberry"},{"floor":55,"key":"Emotion Chip"}],"event_choices":[{"damage_healed":0,"gold_gain":0,"player_choice":"Entered Light","damage_taken":21,"max_hp_gain":0,"max_hp_loss":0,"event_name":"Shining Light","floor":2,"gold_loss":0,"cards_upgraded":["Strike_B","Strike_B"]},{"damage_healed":0,"gold_gain":150,"player_choice":"AGREE","damage_taken":0,"max_hp_gain":0,"max_hp_loss":0,"event_name":"Liars Game","floor":3,"gold_loss":0,"cards_obtained":["Doubt"]},{"damage_healed":0,"gold_gain":0,"player_choice":"Lose Max HP","damage_taken":0,"relics_obtained":["Golden Idol"],"max_hp_gain":0,"max_hp_loss":7,"event_name":"Golden Idol","floor":5,"gold_loss":0},{"damage_healed":0,"gold_gain":0,"player_choice":"Read","damage_taken":0,"max_hp_gain":0,"max_hp_loss":0,"event_name":"The Library","floor":19,"gold_loss":0,"cards_obtained":["Blizzard"]},{"damage_healed":0,"gold_gain":0,"player_choice":"Became a Ghost","damage_taken":0,"max_hp_gain":0,"max_hp_loss":32,"event_name":"Ghosts","floor":21,"gold_loss":0,"cards_obtained":["Ghostly","Ghostly","Ghostly"]},{"damage_healed":0,"gold_gain":0,"player_choice":"Obtained Book","damage_taken":21,"max_hp_gain":0,"max_hp_loss":0,"event_name":"Cursed Tome","floor":22,"gold_loss":0},{"damage_healed":0,"gold_gain":333,"player_choice":"Gave Idol","damage_taken":0,"max_hp_gain":0,"max_hp_loss":0,"event_name":"The Moai Head","floor":36,"relics_lost":["Golden Idol"],"gold_loss":0},{"damage_healed":0,"gold_gain":0,"player_choice":"1 cards matched","damage_taken":0,"max_hp_gain":0,"max_hp_loss":0,"event_name":"Match and Keep!","floor":37,"gold_loss":0,"cards_obtained":["Echo Form"]}],"is_beta":false,"boss_relics":[{"not_picked":["Tiny House","Cursed Key"],"picked":"Sozu"},{"not_picked":["Nuclear Battery","Busted Crown"],"picked":"Inserter"}],"items_purged_floors":[14,28,29,45,54],"is_endless":false,"potions_floor_spawned":[7,12,13,18,23,25,33,35,46],"ascension_level":20}