{"path_per_floor":["M","M","M","?","?","E","R","E","T","M","M","R","M","M","R","B",null,"M","M","?","$","?","R","E","R","T","R","M","M","?","M","R","B",null,"M","$","?","?","$","R","E","R","T","M","M","R","M","E","R"],"character_chosen":"IRONCLAD","items_purchased":["Evolve","Bag of Marbles","Feel No Pain"],"gold_per_floor":[13,33,49,49,49,81,81,116,143,161,174,174,184,197,197,295,295,314,328,253,20,20,20,48,48,72,72,84,101,101,121,121,223,223,233,158,206,206,28,28,54,54,54,70,82,82,101,133,133],"floor_reached":50,"campfire_rested":3,"playtime":6186,"current_hp_per_floor":[74,62,64,64,64,38,38,24,24,28,33,33,39,36,36,23,80,68,71,71,71,56,56,15,15,15,15,22,14,14,19,44,38,85,85,85,46,46,46,46,9,34,34,39,44,44,42,11,36],"items_purged":["Strike_R","Strike_R"],"gold":133,"score":554,"play_id":"982d75fb-3256-4e4a-91eb-9b407e9c52a3","local_time":"20180301214242","is_prod":false,"is_daily":false,"is_ascension_mode":true,"campfire_upgraded":8,"timestamp":1519911762,"path_taken":["M","M","M","?","?","E","R","E","T","M","M","R","M","M","R","BOSS","M","M","?","$","?","R","E","R","T","R","M","M","?","?","R","BOSS","M","?","?","?","$","R","E","R","T","M","M","R","M","E","R","BOSS"],"build_version":"2018-02-28-BETA2","purchased_purges":2,"victory":false,"master_deck":["Strike_R","Defend_R","Defend_R","Defend_R","Defend_R","Brutality+1","Rampage+1","True Grit+1","Inflame+1","Whirlwind+1","Rupture","Shrug It Off","Rampage+1","Double Tap+1","Burning Pact+1","Seeing Red+1","Evolve+1","Uppercut+1","Feel No Pain+1","Thunderclap+1","Warcry","Feel No Pain+1","Disarm","Flame Barrier+1","Pummel+1"],"max_hp_per_floor":[80,80,80,80,80,80,80,80,80,80,80,80,80,80,80,80,80,80,80,80,80,85,85,85,85,85,85,85,85,85,85,85,85,85,85,85,85,85,85,85,85,85,85,85,85,85,85,85,85],"relics":["Burning Blood","Molten Egg 2","Anchor","Art of War","Mark of Pain","Bag of Marbles","Bottled Tornado","Pen Nib","Red Skull","White Beast Statue","Du-Vu Doll","Mummified Hand","Shovel","Magic Flower"],"card_choices":[{"not_picked":["Immolate","Double Tap"],"picked":"Brutality"},{"not_picked":["Power Through","Iron Wave"],"picked":"Rampage"},{"not_picked":["Power Through","Burning Pact"],"picked":"True Grit"},{"not_picked":["Havoc","Berserk"],"picked":"Whirlwind"},{"not_picked":["Flex","Sentinel"],"picked":"Rupture"},{"not_picked":["Rage","Hemokinesis"],"picked":"Shrug It Off"},{"not_picked":["Heavy Blade","Cleave"],"picked":"Rampage"},{"not_picked":["Bludgeon","Fiend Fire"],"picked":"Double Tap"},{"not_picked":["Thunderclap","Corruption"],"picked":"Burning Pact"},{"not_picked":["Perfected Strike","Intimidate"],"picked":"Seeing Red"},{"not_picked":["Rage","Body Slam"],"picked":"Uppercut"},{"not_picked":["Havoc","Clothesline"],"picked":"Feel No Pain"},{"not_picked":["Battle Trance","Rampage"],"picked":"Thunderclap"},{"not_picked":["Entrench","Fire Breathing"],"picked":"Warcry"},{"not_picked":["Rage","Feel No Pain"],"picked":"Disarm"},{"not_picked":["Clash","Havoc"],"picked":"Flame Barrier"},{"not_picked":["Body Slam","Havoc"],"picked":"Pummel"}],"player_experience":108782,"potions_floor_usage":[6,16,16,19,24,28,37,41,45,45,48,50,50,50],"damage_taken":[{"damage":12,"enemies":"Jaw Worm","floor":1,"turns":5},{"damage":18,"enemies":"Cultist","floor":2,"turns":4},{"damage":4,"enemies":"Small Slimes","floor":3,"turns":5},{"damage":32,"enemies":"Gremlin Nob","floor":6,"turns":5},{"damage":20,"enemies":"3 Sentries","floor":8,"turns":4},{"damage":2,"enemies":"2 Fungi Beasts","floor":10,"turns":3},{"damage":1,"enemies":"Looter","floor":11,"turns":2},{"damage":0,"enemies":"3 Louse","floor":13,"turns":1},{"damage":9,"enemies":"Exordium Wildlife","floor":14,"turns":3},{"damage":19,"enemies":"Slime Boss","floor":16,"turns":8},{"damage":18,"enemies":"Chosen","floor":18,"turns":4},{"damage":3,"enemies":"2 Thieves","floor":19,"turns":4},{"damage":47,"enemies":"Book of Stabbing","floor":24,"turns":5},{"damage":8,"enemies":"Centurion and Healer","floor":28,"turns":4},{"damage":14,"enemies":"Snecko","floor":29,"turns":4},{"damage":1,"enemies":"Chosen and Byrds","floor":31,"turns":2},{"damage":12,"enemies":"Champ","floor":33,"turns":6},{"damage":3,"enemies":"3 Shapes","floor":35,"turns":4},{"damage":51,"enemies":"Mysterious Sphere","floor":37,"turns":5},{"damage":43,"enemies":"Nemesis","floor":41,"turns":11},{"damage":1,"enemies":"Orb Walker","floor":44,"turns":2},{"damage":1,"enemies":"4 Shapes","floor":45,"turns":2},{"damage":8,"enemies":"Sphere and 2 Shapes","floor":47,"turns":5},{"damage":37,"enemies":"2 Orb Walkers","floor":48,"turns":5},{"damage":43,"enemies":"Awakened One","floor":50,"turns":5}],"event_choices":[{"event_name":"Transmorgrifier","player_choice":"Transform","floor":4,"damage_taken":0},{"event_name":"Liars Game","player_choice":"disagreed","floor":5,"damage_taken":0},{"event_name":"Beggar","player_choice":"Gave Gold","floor":20,"damage_taken":0},{"event_name":"Forgotten Altar","player_choice":"Shed Blood","floor":22,"damage_taken":0},{"event_name":"The Mausoleum","player_choice":"Yes","floor":30,"damage_taken":0},{"event_name":"Mysterious Sphere","player_choice":"Fight","floor":37,"damage_taken":0},{"event_name":"Bonfire Elementals","player_choice":"BASIC","floor":38,"damage_taken":0}],"boss_relics":[{"not_picked":["Calling Bell","Eternal Feather"],"picked":"Mark of Pain"},{"not_picked":["Question Card","Tiny House"],"picked":"White Beast Statue"}],"potions_floor_spawned":[1,2,8,14,16,18,24,35,37,41,44,45,47,48],"seed_played":"-5237379602103146316","killed_by":"Awakened One","ascension_level":3,"is_trial":false}