{"gold_per_floor":[110,110,110,130,146,146,177,177,201,239,14,14,39,39],"floor_reached":14,"playtime":258,"items_purged":[],"score":196,"play_id":"3ea6deb2-381e-4ebe-9f7a-241809e658ea","local_time":"20190408205842","is_ascension_mode":true,"campfire_choices":[{"data":"Darkness","floor":6,"key":"SMITH"},{"floor":8,"key":"REST"}],"neow_cost":"NONE","seed_source_timestamp":154995584999000,"circlet_count":0,"master_deck":["AscendersBane","Strike_B","Strike_B","Strike_B","Strike_B","Defend_B","Defend_B","Defend_B","Defend_B","Zap","Dualcast","Darkness+1","Coolheaded"],"relics":["Cracked Core","NeowsBlessing","DataDisk","Golden Idol","Oddly Smooth Stone","Blood Vial","Molten Egg 2","Happy Flower"],"potions_floor_usage":[10,13,14,14],"damage_taken":[{"damage":0,"enemies":"2 Louse","floor":1,"turns":1},{"damage":0,"enemies":"Jaw Worm","floor":4,"turns":1},{"damage":0,"enemies":"Small Slimes","floor":5,"turns":1},{"damage":25,"enemies":"Lagavulin","floor":7,"turns":7},{"damage":29,"enemies":"3 Sentries","floor":10,"turns":7},{"damage":6,"enemies":"Exordium Wildlife","floor":13,"turns":3},{"damage":0,"enemies":"Gremlin Nob","floor":14,"turns":2}],"seed_played":"-5995636993016697831","potions_obtained":[{"floor":1,"key":"FearPotion"},{"floor":7,"key":"SteroidPotion"},{"floor":10,"key":"Strength Potion"},{"floor":13,"key":"SkillPotion"}],"is_trial":false,"path_per_floor":["M","?","?","M","M","R","E","R","T","E","$","?","M","E"],"character_chosen":"DEFECT","items_purchased":["Happy Flower","PowerPotion"],"campfire_rested":1,"item_purchase_floors":[11,11],"current_hp_per_floor":[64,38,38,38,38,38,13,32,32,5,5,5,1,3],"gold":39,"neow_bonus":"THREE_ENEMY_KILL","is_prod":false,"is_daily":false,"chose_seed":false,"campfire_upgraded":1,"win_rate":0,"timestamp":1554724722,"path_taken":["M","?","?","M","M","R","E","R","T","E","$","?","?","E"],"build_version":"2019-01-23","purchased_purges":0,"victory":false,"max_hp_per_floor":[71,71,64,64,64,64,64,64,64,64,64,64,64,64],"card_choices":[{"not_picked":["Steam Power","Gash","Barrage"],"picked":"SKIP","floor":1},{"not_picked":["Compile Driver","Reinforced Body","Genetic Algorithm"],"picked":"SKIP","floor":4},{"not_picked":["Turbo","Conserve Battery"],"picked":"Darkness","floor":5},{"not_picked":["Undo","Ball Lightning"],"picked":"Coolheaded","floor":7},{"not_picked":["Compile Driver","Lockon","Ball Lightning"],"picked":"SKIP","floor":10},{"not_picked":["Leap","Steam","Lockon+1"],"picked":"SKIP","floor":13}],"player_experience":2990718,"relics_obtained":[{"floor":7,"key":"Oddly Smooth Stone"},{"floor":9,"key":"Blood Vial"},{"floor":10,"key":"Molten Egg 2"}],"event_choices":[{"damage_healed":0,"gold_gain":0,"player_choice":"Success","damage_taken":26,"relics_obtained":["DataDisk"],"max_hp_gain":0,"max_hp_loss":0,"event_name":"Scrap Ooze","floor":2,"gold_loss":0},{"damage_healed":0,"gold_gain":0,"player_choice":"Lose Max HP","damage_taken":0,"relics_obtained":["Golden Idol"],"max_hp_gain":0,"max_hp_loss":7,"event_name":"Golden Idol","floor":3,"gold_loss":0},{"damage_healed":0,"gold_gain":0,"player_choice":"Ignored","damage_taken":0,"max_hp_gain":0,"max_hp_loss":0,"event_name":"Shining Light","floor":12,"gold_loss":0}],"is_beta":false,"boss_relics":[],"items_purged_floors":[],"is_endless":false,"potions_floor_spawned":[1,7,10,13],"killed_by":"Gremlin Nob","ascension_level":20}