{"gold_per_floor":[112,124,84,103,115,115,143,160,186,203,128,128,158,158,158,247,247,262,262,280,295,310,310,310],"floor_reached":24,"playtime":2873,"items_purged":["Strike_R"],"score":420,"play_id":"f6e93481-ef97-4b52-86a0-51fae22fff22","local_time":"20190219222804","is_ascension_mode":true,"campfire_choices":[{"data":"Spot Weakness","floor":6,"key":"SMITH"},{"data":"Armaments","floor":12,"key":"SMITH"},{"data":"Bash","floor":15,"key":"SMITH"},{"floor":23,"key":"REST"}],"neow_cost":"NONE","seed_source_timestamp":357469610133400,"circlet_count":0,"master_deck":["AscendersBane","Strike_R","Strike_R","Strike_R","Defend_R","Defend_R","Defend_R","Bash+1","Twin Strike","Spot Weakness+1","Offering","Rampage","Anger","Armaments+1","Double Tap","Rage+1","Shrug It Off","Shrug It Off","True Grit"],"relics":["Burning Blood","Regal Pillow","Ancient Tea Set","Boot","Centennial Puzzle","Golden Idol","Empty Cage"],"potions_floor_usage":[13,16],"damage_taken":[{"damage":7,"enemies":"Cultist","floor":1,"turns":4},{"damage":7,"enemies":"Small Slimes","floor":2,"turns":3},{"damage":2,"enemies":"Jaw Worm","floor":4,"turns":3},{"damage":25,"enemies":"Gremlin Gang","floor":5,"turns":5},{"damage":39,"enemies":"Gremlin Nob","floor":7,"turns":4},{"damage":1,"enemies":"2 Fungi Beasts","floor":8,"turns":3},{"damage":11,"enemies":"Blue Slaver","floor":10,"turns":3},{"damage":11,"enemies":"3 Sentries","floor":13,"turns":5},{"damage":11,"enemies":"Hexaghost","floor":16,"turns":6},{"damage":30,"enemies":"3 Byrds","floor":18,"turns":6},{"damage":8,"enemies":"Shell Parasite","floor":20,"turns":3},{"damage":11,"enemies":"Centurion and Healer","floor":21,"turns":5},{"damage":20,"enemies":"3 Cultists","floor":22,"turns":5},{"damage":49,"enemies":"Snecko","floor":24,"turns":5}],"seed_played":"4464085656451129460","potions_obtained":[{"floor":4,"key":"Regen Potion"},{"floor":7,"key":"Block Potion"},{"floor":16,"key":"BloodPotion"},{"floor":20,"key":"Strength Potion"}],"is_trial":false,"path_per_floor":["M","M","$","M","M","R","E","M","T","M","$","R","E","?","R","B",null,"M","?","M","M","M","R","M"],"character_chosen":"IRONCLAD","items_purchased":["Spot Weakness"],"campfire_rested":1,"item_purchase_floors":[3],"current_hp_per_floor":[67,66,66,70,51,51,18,23,23,18,18,18,27,27,27,22,57,33,33,31,26,12,47,0],"gold":310,"neow_bonus":"RANDOM_COMMON_RELIC","is_prod":false,"is_daily":false,"chose_seed":false,"campfire_upgraded":3,"win_rate":0,"timestamp":1550586484,"path_taken":["M","M","?","M","M","R","E","?","T","M","$","R","E","?","R","BOSS","M","?","M","?","M","R","M"],"build_version":"2019-02-06","purchased_purges":1,"victory":false,"max_hp_per_floor":[75,75,75,75,75,75,75,75,75,75,75,75,75,68,68,68,68,68,68,68,68,68,68,68],"card_choices":[{"not_picked":["True Grit","Warcry"],"picked":"Twin Strike","floor":1},{"not_picked":["Thunderclap","Body Slam","Clash"],"picked":"SKIP","floor":2},{"not_picked":["Armaments","Body Slam","Perfected Strike"],"picked":"SKIP","floor":4},{"not_picked":["Twin Strike","Infernal Blade"],"picked":"Offering","floor":5},{"not_picked":["Iron Wave","Twin Strike"],"picked":"Rampage","floor":7},{"not_picked":["Sentinel","Reckless Charge"],"picked":"Anger","floor":8},{"not_picked":["Metallicize","Spot Weakness"],"picked":"Armaments","floor":10},{"not_picked":["Dark Embrace","Havoc","Twin Strike"],"picked":"SKIP","floor":13},{"not_picked":["Demon Form","Immolate"],"picked":"Double Tap","floor":16},{"not_picked":["Flex","Armaments"],"picked":"Rage","floor":18},{"not_picked":["Clash","Perfected Strike"],"picked":"Shrug It Off","floor":20},{"not_picked":["Sever Soul+1","Infernal Blade"],"picked":"Shrug It Off","floor":21},{"not_picked":["Flame Barrier","Twin Strike"],"picked":"True Grit","floor":22}],"player_experience":740899,"relics_obtained":[{"floor":7,"key":"Ancient Tea Set"},{"floor":9,"key":"Boot"},{"floor":13,"key":"Centennial Puzzle"}],"event_choices":[{"damage_healed":0,"gold_gain":0,"player_choice":"Lose Max HP","damage_taken":0,"relics_obtained":["Golden Idol"],"max_hp_gain":0,"max_hp_loss":7,"event_name":"Golden Idol","floor":14,"gold_loss":0},{"damage_healed":0,"gold_gain":0,"player_choice":"Forge","damage_taken":0,"max_hp_gain":0,"max_hp_loss":0,"event_name":"Accursed Blacksmith","floor":19,"gold_loss":0,"cards_upgraded":["Rage"]}],"is_beta":true,"boss_relics":[{"not_picked":["White Beast Statue","Lizard Tail"],"picked":"Empty Cage"}],"items_purged_floors":[11],"is_endless":false,"potions_floor_spawned":[4,7,16,20,21,22],"killed_by":"Snecko","ascension_level":20}