{"gold_per_floor":[116,191,191,191,15,51,51,75,75,118,20,20,100,118,118,118],"floor_reached":16,"playtime":388,"items_purged":[],"score":262,"play_id":"56fabd9f-f3a7-40f0-9287-6186c64ed3ea","local_time":"20190409122522","is_ascension_mode":true,"campfire_choices":[{"data":"Bash","floor":7,"key":"SMITH"},{"data":"Discovery","floor":12,"key":"SMITH"},{"data":"Shockwave","floor":15,"key":"SMITH"}],"neow_cost":"NONE","seed_source_timestamp":210464724515200,"circlet_count":0,"master_deck":["AscendersBane","Strike_R","Strike_R","Strike_R","Strike_R","Defend_R","Defend_R","Defend_R","Defend_R","Bash+1","Dropkick","Evolve","Shrug It Off","Rampage","Discovery+1","Shockwave+1"],"relics":["Burning Blood","NeowsBlessing","Golden Idol","Strawberry","Letter Opener","Question Card","Blue Candle"],"potions_floor_usage":[10,16,16],"damage_taken":[{"damage":0,"enemies":"Small Slimes","floor":1,"turns":1},{"damage":0,"enemies":"Lagavulin","floor":6,"turns":1},{"damage":0,"enemies":"2 Louse","floor":8,"turns":2},{"damage":37,"enemies":"3 Sentries","floor":10,"turns":14},{"damage":17,"enemies":"3 Sentries","floor":13,"turns":9},{"damage":0,"enemies":"Jaw Worm","floor":14,"turns":3},{"damage":14,"enemies":"The Guardian","floor":16,"turns":4}],"seed_played":"4100292054843809016","potions_obtained":[{"floor":1,"key":"BloodPotion"},{"floor":8,"key":"Dexterity Potion"},{"floor":14,"key":"SkillPotion"}],"is_trial":false,"path_per_floor":["M","?","?","?","$","E","R","M","T","E","$","R","?","M","R","B"],"character_chosen":"IRONCLAD","items_purchased":["Dropkick","Evolve","Discovery"],"campfire_rested":0,"item_purchase_floors":[5,5,11],"current_hp_per_floor":[74,63,56,30,30,43,43,49,49,26,26,26,15,21,21,7],"gold":118,"neow_bonus":"THREE_ENEMY_KILL","is_prod":false,"is_daily":false,"chose_seed":false,"campfire_upgraded":3,"win_rate":0,"timestamp":1554780322,"path_taken":["M","?","?","?","?","E","R","M","T","E","$","R","?","M","R","BOSS"],"build_version":"2019-01-23","purchased_purges":0,"victory":false,"max_hp_per_floor":[75,75,75,75,75,82,82,82,82,82,82,82,82,82,82,82],"card_choices":[{"not_picked":["Combust","Flex","Clothesline"],"picked":"SKIP","floor":1},{"not_picked":["Hemokinesis","Fire Breathing"],"picked":"Shrug It Off","floor":6},{"not_picked":["Evolve","Iron Wave","Pommel Strike"],"picked":"SKIP","floor":8},{"not_picked":["Rage","Anger"],"picked":"Rampage","floor":10},{"not_picked":["Rampage","Iron Wave","Rage"],"picked":"Shockwave","floor":13},{"not_picked":["Cleave","Rage","Fire Breathing","Sword Boomerang"],"picked":"SKIP","floor":14}],"player_experience":3001042,"relics_obtained":[{"floor":6,"key":"Strawberry"},{"floor":9,"key":"Letter Opener"},{"floor":10,"key":"Question Card"},{"floor":13,"key":"Blue Candle"}],"event_choices":[{"damage_healed":0,"gold_gain":75,"player_choice":"Gather Gold","damage_taken":11,"max_hp_gain":0,"max_hp_loss":0,"event_name":"World of Goop","floor":2,"gold_loss":0},{"cards_removed":["Strike_R"],"damage_healed":0,"gold_gain":0,"player_choice":"Card Removal","damage_taken":7,"max_hp_gain":0,"max_hp_loss":0,"event_name":"Golden Wing","floor":3,"gold_loss":0},{"damage_healed":0,"gold_gain":0,"player_choice":"Take Damage","damage_taken":26,"relics_obtained":["Golden Idol"],"max_hp_gain":0,"max_hp_loss":0,"event_name":"Golden Idol","floor":4,"gold_loss":0},{"damage_healed":0,"gold_gain":0,"player_choice":"Searched \u00272\u0027 times","damage_taken":0,"max_hp_gain":0,"max_hp_loss":0,"event_name":"Dead Adventurer","floor":13,"gold_loss":0}],"is_beta":false,"boss_relics":[],"items_purged_floors":[],"is_endless":false,"potions_floor_spawned":[1,8,14],"killed_by":"The Guardian","ascension_level":20}