{"gold_per_floor":[109,34,34,47,63,88,88,102,127,143,157,157],"floor_reached":12,"playtime":572,"items_purged":[],"score":94,"play_id":"5a4e4fa7-66ac-4e17-9151-9bf3f1623da4","local_time":"20190422160439","is_ascension_mode":true,"campfire_choices":[],"neow_cost":"NONE","seed_source_timestamp":7378381330800,"circlet_count":0,"master_deck":["Strike_B","Strike_B","Strike_B","Strike_B","Defend_B","Defend_B","Defend_B","Defend_B","Zap+1","Dualcast+1","Capacitor","Self Repair","Barrage","Streamline","Coolheaded","Rebound","Defragment","Redo"],"special_seed":0,"relics":["Cracked Core","NeowsBlessing","Art of War","Strawberry"],"potions_floor_usage":[12],"damage_taken":[{"damage":0.0,"enemies":"2 Louse","floor":1.0,"turns":1.0},{"damage":0.0,"enemies":"Cultist","floor":4.0,"turns":1.0},{"damage":0.0,"enemies":"Jaw Worm","floor":5.0,"turns":1.0},{"damage":30.0,"enemies":"Lagavulin","floor":6.0,"turns":8.0},{"damage":8.0,"enemies":"3 Louse","floor":8.0,"turns":2.0},{"damage":7.0,"enemies":"Looter","floor":10.0,"turns":3.0},{"damage":5.0,"enemies":"Exordium Wildlife","floor":11.0,"turns":3.0},{"damage":76,"enemies":"Gremlin Nob","floor":12,"turns":4}],"seed_played":"-7780382072590817438","potions_obtained":[{"floor":1.0,"key":"Weak Potion"},{"floor":5.0,"key":"GamblersBrew"},{"floor":10.0,"key":"Strength Potion"}],"is_trial":false,"path_per_floor":["M","$","?","M","M","E","?","M","T","M","M","E"],"character_chosen":"DEFECT","items_purchased":["Self Repair"],"campfire_rested":0,"item_purchase_floors":[2],"current_hp_per_floor":[75,75,75,75,75,52,52,51,58,58,60,0],"gold":157,"neow_bonus":"THREE_ENEMY_KILL","is_prod":false,"is_daily":false,"chose_seed":false,"campfire_upgraded":0,"win_rate":0,"timestamp":1555916679,"path_taken":["M","$","?","M","?","E","?","M","T","M","M","E"],"build_version":"2019-01-23","purchased_purges":0,"victory":false,"max_hp_per_floor":[75,75,75,75,75,75,75,75,82,82,82,82],"card_choices":[{"not_picked":["Steam Power","Chaos"],"picked":"Capacitor","floor":1.0},{"not_picked":["Lockon","Gash"],"picked":"Barrage","floor":4.0},{"not_picked":["Cold Snap","Steam"],"picked":"Streamline","floor":5.0},{"not_picked":["Leap","Compile Driver"],"picked":"Coolheaded","floor":6.0},{"not_picked":["Cold Snap","Steam Power"],"picked":"Rebound","floor":8.0},{"not_picked":["Melter","Coolheaded"],"picked":"Defragment","floor":10.0},{"not_picked":["BootSequence","Go for the Eyes"],"picked":"Redo","floor":11.0}],"player_experience":337020,"relics_obtained":[{"floor":6.0,"key":"Art of War"},{"floor":9.0,"key":"Strawberry"}],"event_choices":[{"damage_healed":0.0,"max_hp_gain":0.0,"max_hp_loss":0.0,"gold_gain":0.0,"event_name":"Accursed Blacksmith","player_choice":"Forge","floor":3.0,"gold_loss":0.0,"damage_taken":0.0,"cards_upgraded":["Zap"]},{"damage_healed":0.0,"max_hp_gain":0.0,"max_hp_loss":0.0,"gold_gain":0.0,"event_name":"Upgrade Shrine","player_choice":"Upgraded","floor":7.0,"gold_loss":0.0,"damage_taken":0.0,"cards_upgraded":["Dualcast"]}],"is_beta":false,"boss_relics":[],"items_purged_floors":[],"is_endless":false,"potions_floor_spawned":[1,5,10],"killed_by":"Gremlin Nob","ascension_level":3}