{"gold_per_floor":[116,116,126,201,201,231,250,250,250,264,264,324,401,35,35,114,114,124,224,290,310,360,360,360],"floor_reached":24,"playtime":813,"items_purged":["Defend_B"],"score":467,"play_id":"fddf10e8-f48a-4eaa-a7e0-f9b7fb171b71","local_time":"20190323152711","is_ascension_mode":true,"campfire_choices":[{"data":"Zap","floor":8,"key":"SMITH"},{"data":"Chaos","floor":15,"key":"SMITH"},{"floor":23,"key":"REST"}],"neow_cost":"NONE","seed_source_timestamp":333773649982300,"circlet_count":0,"master_deck":["AscendersBane","Defend_B","Defend_B","Defend_B","Zap+1","Dualcast","Melter","Glacier","Chaos+1","Coolheaded","Capacitor","Electrodynamics","Recycle","Doom and Gloom","Bite","Bite","Bite","Bite","Bite"],"relics":["Cracked Core","NeowsBlessing","Sundial","SsserpentHead","Odd Mushroom","Cables","Snecko Eye"],"potions_floor_usage":[12,18,24],"damage_taken":[{"damage":0,"enemies":"Small Slimes","floor":1,"turns":1},{"damage":0,"enemies":"Cultist","floor":3,"turns":1},{"damage":0,"enemies":"Gremlin Nob","floor":6,"turns":1},{"damage":7,"enemies":"Jaw Worm","floor":7,"turns":3},{"damage":7,"enemies":"3 Louse","floor":10,"turns":2},{"damage":10,"enemies":"Gremlin Gang","floor":12,"turns":5},{"damage":11,"enemies":"The Mushroom Lair","floor":13,"turns":6},{"damage":22,"enemies":"Hexaghost","floor":16,"turns":9},{"damage":1,"enemies":"Chosen","floor":18,"turns":5},{"damage":6,"enemies":"3 Byrds","floor":20,"turns":2},{"damage":35,"enemies":"Shelled Parasite and Fungi","floor":21,"turns":4},{"damage":28,"enemies":"Book of Stabbing","floor":24,"turns":5}],"seed_played":"8974166378786519600","potions_obtained":[{"floor":3,"key":"Regen Potion"},{"floor":6,"key":"EssenceOfSteel"},{"floor":13,"key":"Fire Potion"}],"is_trial":false,"path_per_floor":["M","$","M","?","?","E","M","R","T","M","?","M","?","$","R","B",null,"M","?","M","M","?","R","E"],"character_chosen":"DEFECT","items_purchased":["Cables","Capacitor"],"campfire_rested":1,"item_purchase_floors":[14,14],"current_hp_per_floor":[64,64,64,53,53,53,46,46,46,39,39,43,32,32,32,10,56,55,55,49,14,14,28,14],"gold":360,"neow_bonus":"THREE_ENEMY_KILL","is_prod":false,"is_daily":false,"chose_seed":false,"campfire_upgraded":2,"win_rate":0,"timestamp":1553322431,"path_taken":["M","$","M","?","?","E","M","R","T","M","?","?","?","?","R","BOSS","M","?","?","M","?","R","E"],"build_version":"2019-01-23","purchased_purges":1,"victory":false,"max_hp_per_floor":[71,71,71,71,71,71,71,71,71,71,71,71,71,71,71,71,71,71,71,71,71,49,49,49],"card_choices":[{"not_picked":["Gash","Beam Cell","Sweeping Beam"],"picked":"SKIP","floor":1},{"not_picked":["Barrage","Steam"],"picked":"Melter","floor":3},{"not_picked":["Reprogram","Barrage","Go for the Eyes"],"picked":"SKIP","floor":6},{"not_picked":["Steam","Auto Shields"],"picked":"Glacier","floor":7},{"not_picked":["Lockon","Stack","Sweeping Beam"],"picked":"SKIP","floor":10},{"not_picked":["Steam Power","Heatsinks"],"picked":"Chaos","floor":12},{"not_picked":["Turbo","Rainbow"],"picked":"Coolheaded","floor":13},{"not_picked":["Meteor Strike","All For One"],"picked":"Electrodynamics","floor":16},{"not_picked":["Streamline","Barrage","Leap"],"picked":"SKIP","floor":18},{"not_picked":["Steam","Aggregate"],"picked":"Recycle","floor":20},{"not_picked":["Go for the Eyes","Chill"],"picked":"Doom and Gloom","floor":21}],"player_experience":2502880,"relics_obtained":[{"floor":9,"key":"Sundial"},{"floor":13,"key":"Odd Mushroom"}],"event_choices":[{"damage_healed":0,"gold_gain":75,"player_choice":"Gather Gold","damage_taken":11,"max_hp_gain":0,"max_hp_loss":0,"event_name":"World of Goop","floor":4,"gold_loss":0},{"damage_healed":0,"gold_gain":0,"player_choice":"Ignored","damage_taken":0,"max_hp_gain":0,"max_hp_loss":0,"event_name":"Liars Game","floor":5,"gold_loss":0},{"damage_healed":0,"gold_gain":0,"player_choice":"Trade","damage_taken":0,"relics_obtained":["SsserpentHead"],"max_hp_gain":0,"max_hp_loss":0,"event_name":"FaceTrader","floor":11,"gold_loss":0},{"damage_healed":0,"gold_gain":0,"player_choice":"Fought Mushrooms","damage_taken":0,"max_hp_gain":0,"max_hp_loss":0,"event_name":"Mushrooms","floor":13,"gold_loss":0},{"damage_healed":0,"gold_gain":50,"player_choice":"Pray","damage_taken":0,"max_hp_gain":0,"max_hp_loss":0,"event_name":"Golden Shrine","floor":19,"gold_loss":0},{"damage_healed":0,"gold_gain":0,"player_choice":"Became a vampire","damage_taken":0,"max_hp_gain":0,"max_hp_loss":22,"event_name":"Vampires","floor":22,"gold_loss":0,"cards_obtained":["Bite","Bite","Bite","Bite","Bite"]}],"is_beta":false,"boss_relics":[{"not_picked":["Runic Pyramid","Tiny House"],"picked":"Snecko Eye"}],"items_purged_floors":[14],"is_endless":false,"potions_floor_spawned":[3,6,13],"killed_by":"Book of Stabbing","ascension_level":20}