{"path_per_floor":["M","$","?","M","?","R","E","$","T","M","M","R","$","E","R","B",null,"M","M","$","?","?"],"character_chosen":"DEFECT","items_purchased":["Self Repair","Capacitor","Self Repair","Self Repair"],"gold_per_floor":[118,47,122,133,133,133,158,122,122,133,145,145,3,31,31,130,130,149,162,92,92,92,92],"floor_reached":23,"campfire_rested":1,"playtime":858,"item_purchase_floors":[2,8,13,20],"current_hp_per_floor":[75,75,64,71,59,75,75,75,75,75,68,68,68,70,70,55,70,64,60,60,60,60,0],"items_purged":["Strike_B"],"gold":92,"score":278,"play_id":"f7ed3b75-8a9d-4c30-9a2d-de875d0eb094","local_time":"20180615225541","is_prod":false,"is_daily":false,"chose_seed":false,"is_ascension_mode":true,"campfire_upgraded":2,"win_rate":0,"timestamp":1529092541,"campfire_choices":[{"floor":6,"key":"REST"},{"data":"Storm","floor":12,"key":"SMITH"},{"data":"Self Repair","floor":15,"key":"SMITH"}],"path_taken":["M","?","?","?","?","R","E","?","T","M","M","R","$","E","R","BOSS","M","M","$","?","?","E"],"build_version":"2018-06-14v2","seed_source_timestamp":604013023784458,"purchased_purges":1,"victory":false,"master_deck":["Strike_B","Strike_B","Defend_B","Defend_B","Defend_B","Zap","Dualcast","Cold Snap","Self Repair+1","Storm+1","Chill","Capacitor","Ball Lightning","Ball Lightning","Self Repair","Creative AI","Self Repair"],"max_hp_per_floor":[75,75,75,75,75,75,75,75,75,75,75,75,75,75,75,75,75,75,75,75,75,75,75],"relics":["Cracked Core","NeowsBlessing","Dream Catcher","Juzu Bracelet","Shuriken","Mummified Hand","Empty Cage"],"card_choices":[{"not_picked":["Rip and Tear","Stack"],"picked":"Cold Snap","floor":1},{"not_picked":["Beam Cell","Streamline"],"picked":"Storm","floor":4},{"not_picked":["Sunder","Meteor Strike"],"picked":"Chill","floor":6},{"not_picked":["Consume","Melter","Streamline"],"picked":"SKIP","floor":7},{"not_picked":["Barrage","Steam"],"picked":"Ball Lightning","floor":10},{"not_picked":["Hologram","Sweeping Beam"],"picked":"Ball Lightning","floor":11},{"not_picked":["Redo","Doom and Gloom","Aggregate"],"picked":"SKIP","floor":14},{"not_picked":["All For One","Electrodynamics"],"picked":"Creative AI","floor":16},{"not_picked":["Reprogram+1","Redo","Barrage"],"picked":"SKIP","floor":18},{"not_picked":["Cold Snap","Sweeping Beam","Hologram+1"],"picked":"SKIP","floor":19}],"player_experience":505593,"potions_floor_usage":[10,23],"damage_taken":[{"damage":0,"enemies":"Cultist","floor":1,"turns":1},{"damage":0,"enemies":"Jaw Worm","floor":4,"turns":1},{"damage":0,"enemies":"Lagavulin","floor":7,"turns":1},{"damage":0,"enemies":"2 Louse","floor":10,"turns":2},{"damage":14,"enemies":"Large Slime","floor":11,"turns":5},{"damage":12,"enemies":"Gremlin Nob","floor":14,"turns":4},{"damage":32,"enemies":"The Guardian","floor":16,"turns":9},{"damage":23,"enemies":"Shell Parasite","floor":18,"turns":4},{"damage":21,"enemies":"Spheric Guardian","floor":19,"turns":4},{"damage":61,"enemies":"Book of Stabbing","floor":23,"turns":6}],"relics_obtained":[{"floor":7,"key":"Juzu Bracelet"},{"floor":9,"key":"Shuriken"},{"floor":14,"key":"Mummified Hand"}],"event_choices":[{"event_name":"World of Goop","player_choice":"Gather Gold","floor":3,"damage_taken":0},{"event_name":"Scrap Ooze","player_choice":"success","floor":5,"damage_taken":12},{"event_name":"Beggar","player_choice":"Ignored","floor":21,"damage_taken":0},{"event_name":"Drug Dealer","player_choice":"Ignored","floor":22,"damage_taken":0}],"boss_relics":[{"not_picked":["Pandora\u0027s Box","Coffee Dripper"],"picked":"Empty Cage"}],"items_purged_floors":[13],"is_endless":false,"potions_floor_spawned":[7,11,16],"seed_played":"-7856699813926532644","killed_by":"Book of Stabbing","ascension_level":5,"potions_obtained":[{"floor":7,"key":"Block Potion"},{"floor":11,"key":"Ancient Potion"},{"floor":16,"key":"Weak Potion"}],"is_trial":false}