{"gold_per_floor":[111,111,125,125,140,140,171,346,346,346,360,360,380,420,439,439,569,569,552,552,827,349,363,397,397,56,56,56,56,56,56,56,74,74,204,204,219,15,348,57,67,67,67,79,154,154,189,189,206,206,223,223,223],"floor_reached":54,"playtime":3611,"items_purged":["Regret","Doubt"],"score":937,"play_id":"9fb01d01-9f3e-4dbf-a626-04e613fabfa9","local_time":"20190328230505","is_ascension_mode":true,"campfire_choices":[{"data":"Coolheaded","floor":6,"key":"SMITH"},{"data":"Recycle","floor":12,"key":"SMITH"},{"data":"Rainbow","floor":16,"key":"SMITH"},{"data":"Darkness","floor":25,"key":"SMITH"},{"floor":30,"key":"REST"},{"data":"Loop","floor":34,"key":"SMITH"},{"data":"Consume","floor":42,"key":"SMITH"},{"data":"Wraith Form v2","floor":48,"key":"SMITH"},{"data":"Night Terror","floor":50,"key":"SMITH"},{"floor":52,"key":"REST"}],"neow_cost":"NONE","seed_source_timestamp":11915929585200,"circlet_count":0,"master_deck":["Rainbow+1","Cold Snap","Conserve Battery","Cold Snap","Hologram","Recycle+1","Coolheaded+1","Glacier","White Noise","Steam","Sunder+1","Heatsinks","Steam","Genetic Algorithm","Steam","Turbo","Turbo","Darkness+1","Loop+1","FTL+1","Melter+1","Creative AI","Setup+1","Wraith Form v2+1","Underhanded Strike+1","Consume+1","Defragment","Cold Snap+1","Clash+1","Night Terror+1","Havoc","Anger+1"],"relics":["Pandora\u0027s Box","Molten Egg 2","Gremlin Horn","Centennial Puzzle","Lantern","Regal Pillow","Pear","PrismaticShard","Happy Flower","Dodecahedron","Nloth\u0027s Gift","White Beast Statue","OrangePellets","The Courier","Vajra"],"potions_floor_usage":[14,19,24,53,53],"damage_taken":[{"damage":2,"enemies":"Jaw Worm","floor":1,"turns":4},{"damage":3,"enemies":"2 Louse","floor":3,"turns":2},{"damage":0,"enemies":"Cultist","floor":5,"turns":3},{"damage":0,"enemies":"Lagavulin","floor":7,"turns":5},{"damage":0,"enemies":"Exordium Wildlife","floor":11,"turns":2},{"damage":0,"enemies":"3 Louse","floor":13,"turns":4},{"damage":0,"enemies":"Gremlin Nob","floor":14,"turns":3},{"damage":0,"enemies":"Exordium Thugs","floor":15,"turns":4},{"damage":0,"enemies":"Slime Boss","floor":17,"turns":9},{"damage":13,"enemies":"2 Thieves","floor":19,"turns":4},{"damage":17,"enemies":"3 Byrds","floor":23,"turns":4},{"damage":15,"enemies":"Slavers","floor":24,"turns":4},{"damage":3,"enemies":"Shelled Parasite and Fungi","floor":33,"turns":6},{"damage":50,"enemies":"Automaton","floor":35,"turns":10},{"damage":8,"enemies":"Orb Walker","floor":37,"turns":4},{"damage":13,"enemies":"3 Darklings","floor":41,"turns":4},{"damage":3,"enemies":"Sphere and 2 Shapes","floor":44,"turns":6},{"damage":5,"enemies":"Nemesis","floor":47,"turns":9},{"damage":7,"enemies":"Spire Growth","floor":49,"turns":6},{"damage":27,"enemies":"3 Darklings","floor":51,"turns":10},{"damage":57,"enemies":"Awakened One","floor":53,"turns":19}],"seed_played":"7698479693308180817","potions_obtained":[{"floor":3,"key":"SteroidPotion"},{"floor":13,"key":"FearPotion"},{"floor":14,"key":"SkillPotion"},{"floor":15,"key":"Weak Potion"},{"floor":33,"key":"Energy Potion"},{"floor":35,"key":"Weak Potion"},{"floor":41,"key":"Strength Potion"},{"floor":47,"key":"PowerPotion"},{"floor":51,"key":"GamblersBrew"}],"is_trial":false,"path_per_floor":["M","?","M","?","M","R","E","?","T","T","M","R","M","E","M","R","B",null,"M","?","?","$","M","E","R","$","T","T","$","R","T","?","M","R","B",null,"M","$","?","$","M","R","?","M","T","T","E","R","M","R","M","R","B",null],"character_chosen":"DEFECT","items_purchased":["Lantern","Loop","Regal Pillow","FTL+1","Creative AI","PrismaticShard","Consume","Defragment","Cold Snap+1","OrangePellets"],"campfire_rested":2,"item_purchase_floors":[22,22,22,22,26,26,38,38,38,40],"current_hp_per_floor":[73,55,52,34,34,34,34,34,34,34,34,34,34,34,34,34,34,75,62,62,62,62,45,40,40,40,40,40,40,80,80,80,77,77,27,85,77,77,77,77,64,64,64,61,61,61,56,56,49,49,22,62,5],"gold":223,"neow_bonus":"BOSS_RELIC","is_prod":false,"is_daily":false,"chose_seed":false,"campfire_upgraded":8,"win_rate":0,"timestamp":1553781905,"path_taken":["M","?","M","?","M","R","E","?","T","M","R","M","E","M","R","BOSS","M","?","?","$","?","E","R","$","T","$","R","?","?","?","R","BOSS","M","?","?","?","M","R","?","M","T","E","R","M","R","M","R","BOSS"],"build_version":"2019-01-23","purchased_purges":2,"victory":true,"max_hp_per_floor":[75,75,75,75,75,75,75,75,75,75,75,75,75,75,75,75,75,75,75,75,75,75,75,85,85,85,85,85,85,85,85,85,85,85,85,85,85,85,85,85,85,85,85,85,85,85,85,85,85,85,85,85,85],"card_choices":[{"not_picked":["Chill","Genetic Algorithm"],"picked":"Steam","floor":3},{"not_picked":["Rainbow","Consume"],"picked":"Sunder+1","floor":7},{"not_picked":["Coolheaded","Streamline+1"],"picked":"Heatsinks","floor":11},{"not_picked":["Conserve Battery","Gash+1"],"picked":"Steam","floor":13},{"not_picked":["Beam Cell+1","Go for the Eyes+1"],"picked":"Genetic Algorithm","floor":18},{"not_picked":["Leap","Stack"],"picked":"Steam","floor":18},{"not_picked":["Rebound+1","Ball Lightning+1"],"picked":"Turbo","floor":18},{"not_picked":["Tempest","Reprogram"],"picked":"Turbo","floor":18},{"not_picked":["Stack+1","Leap"],"picked":"Melter+1","floor":23},{"not_picked":["Cloak And Dagger","Body Slam+1"],"picked":"Setup+1","floor":33},{"not_picked":["Berserk","Reboot"],"picked":"Wraith Form v2","floor":35},{"not_picked":["Static Discharge","Pommel Strike+1"],"picked":"Underhanded Strike+1","floor":37},{"not_picked":["Stack","Expertise"],"picked":"Clash+1","floor":41},{"not_picked":["Heel Hook+1","Dodge and Roll+1"],"picked":"Night Terror","floor":44},{"not_picked":["Cloak And Dagger","Cleave+1"],"picked":"Havoc","floor":47},{"not_picked":["Go for the Eyes+1","Iron Wave+1"],"picked":"Anger+1","floor":51}],"player_experience":2692484,"relics_obtained":[{"floor":7,"key":"Gremlin Horn"},{"floor":14,"key":"Centennial Puzzle"},{"floor":24,"key":"Pear"},{"floor":27,"key":"Happy Flower"},{"floor":31,"key":"Dodecahedron"},{"floor":45,"key":"The Courier"},{"floor":47,"key":"Vajra"}],"event_choices":[{"damage_healed":0,"gold_gain":0,"player_choice":"Take Damage","damage_taken":18,"relics_obtained":["Golden Idol"],"max_hp_gain":0,"max_hp_loss":0,"event_name":"Golden Idol","floor":2,"gold_loss":0},{"damage_healed":0,"gold_gain":0,"player_choice":"Success","damage_taken":18,"relics_obtained":["Molten Egg 2"],"max_hp_gain":0,"max_hp_loss":0,"event_name":"Scrap Ooze","floor":4,"gold_loss":0},{"damage_healed":0,"gold_gain":175,"player_choice":"AGREE","damage_taken":0,"max_hp_gain":0,"max_hp_loss":0,"event_name":"Liars Game","floor":8,"gold_loss":0,"cards_obtained":["Doubt"]},{"damage_healed":0,"gold_gain":0,"player_choice":"Read","damage_taken":0,"max_hp_gain":0,"max_hp_loss":0,"event_name":"The Library","floor":20,"gold_loss":0,"cards_obtained":["Darkness"]},{"damage_healed":0,"gold_gain":275,"player_choice":"Desecrate","damage_taken":0,"max_hp_gain":0,"max_hp_loss":0,"event_name":"Golden Shrine","floor":21,"gold_loss":0,"cards_obtained":["Regret"]},{"damage_healed":0,"gold_gain":0,"player_choice":"Traded Relic","damage_taken":0,"relics_obtained":["Nloth\u0027s Gift"],"max_hp_gain":0,"max_hp_loss":0,"event_name":"N\u0027loth","floor":32,"relics_lost":["Orrery"],"gold_loss":0},{"damage_healed":0,"gold_gain":333,"player_choice":"Gave Idol","damage_taken":0,"max_hp_gain":0,"max_hp_loss":0,"event_name":"The Moai Head","floor":39,"relics_lost":["Golden Idol"],"gold_loss":0},{"cards_removed":["Ball Lightning"],"damage_healed":0,"gold_gain":0,"player_choice":"Purged","damage_taken":0,"max_hp_gain":0,"max_hp_loss":0,"event_name":"Purifier","floor":43,"gold_loss":0}],"is_beta":false,"boss_relics":[{"not_picked":["Cursed Key","Velvet Choker"],"picked":"Orrery"},{"not_picked":["Black Star","Runic Pyramid"],"picked":"White Beast Statue"}],"items_purged_floors":[22,40],"is_endless":false,"potions_floor_spawned":[3,13,14,15,33,35,37,41,44,47,49,51],"ascension_level":3}