{"gold_per_floor":[19,29,29,39,54,54,54,72,72,72,86,121,134,160,160,234,234,245,245,136,136,106,106,106,106,131,131,1,47,47,82,82,82],"floor_reached":33,"playtime":2053,"items_purged":[],"score":532,"play_id":"49d78998-e851-4eb1-b149-7a400ce7e378","local_time":"20190102235752","is_ascension_mode":true,"campfire_choices":[{"data":"Dash","floor":6.0,"key":"SMITH"},{"data":"Neutralize","floor":10.0,"key":"SMITH"},{"data":"Footwork","floor":15.0,"key":"SMITH"},{"floor":23.0,"key":"REST"},{"data":"Skewer","floor":25.0,"key":"SMITH"},{"floor":30.0,"key":"REST"},{"floor":32,"key":"REST"}],"neow_cost":"NO_GOLD","seed_source_timestamp":118089008036740,"circlet_count":0,"master_deck":["AscendersBane","Defend_G","Defend_G","Defend_G","Defend_G","Defend_G","Strike_G","Strike_G","Strike_G","Strike_G","Strike_G","Survivor","Neutralize+1","Dash+1","Footwork","Backstab","Venomology","Footwork+1","A Thousand Cuts+1","Noxious Fumes+1","PiercingWail","Dodge and Roll","Infinite Blades+1","Skewer+1","Outmaneuver","Noxious Fumes+1","Necronomicurse","Dodge and Roll+1"],"special_seed":0,"relics":["Ring of the Snake","Pocketwatch","Torii","Ice Cream","Frozen Egg 2","Orrery","Necronomicon","Anchor","The Courier","Snake Skull","Happy Flower","Centennial Puzzle"],"potions_floor_usage":[31,31,33],"damage_taken":[{"damage":0.0,"enemies":"Cultist","floor":1.0,"turns":4.0},{"damage":1.0,"enemies":"Small Slimes","floor":2.0,"turns":3.0},{"damage":0.0,"enemies":"2 Louse","floor":4.0,"turns":3.0},{"damage":0.0,"enemies":"Blue Slaver","floor":5.0,"turns":5.0},{"damage":0.0,"enemies":"Looter","floor":8.0,"turns":3.0},{"damage":11.0,"enemies":"Large Slime","floor":11.0,"turns":8.0},{"damage":7.0,"enemies":"Gremlin Nob","floor":12.0,"turns":4.0},{"damage":1.0,"enemies":"Blue Slaver","floor":13.0,"turns":4.0},{"damage":1.0,"enemies":"Lagavulin","floor":14.0,"turns":7.0},{"damage":29.0,"enemies":"Hexaghost","floor":16.0,"turns":20.0},{"damage":0.0,"enemies":"Chosen","floor":18.0,"turns":6.0},{"damage":14.0,"enemies":"2 Thieves","floor":22.0,"turns":4.0},{"damage":29,"enemies":"Book of Stabbing","floor":31,"turns":5},{"damage":45,"enemies":"Collector","floor":33,"turns":7}],"seed_played":"1968276131526899615","potions_obtained":[{"floor":1.0,"key":"Fire Potion"},{"floor":4.0,"key":"GhostInAJar"},{"floor":16.0,"key":"Swift Potion"}],"is_trial":false,"path_per_floor":["M","M","?","M","M","R","?","M","T","R","M","E","M","E","R","B",null,"M","?","$","?","M","R","?","R","T","T","$","T","R","R","B"],"character_chosen":"THE_SILENT","items_purchased":["Outmaneuver","Noxious Fumes+1","Snake Skull"],"campfire_rested":3,"item_purchase_floors":[20,20,28],"current_hp_per_floor":[59,58,58,58,58,58,58,58,58,58,47,40,39,38,38,9,52,52,52,52,34,20,41,20,20,20,20,20,20,41,12,33,0],"gold":82,"neow_bonus":"ONE_RARE_RELIC","is_prod":false,"is_daily":false,"chose_seed":false,"campfire_upgraded":4,"win_rate":0,"timestamp":1546444672,"path_taken":["M","?","?","M","M","R","?","M","T","R","M","E","M","E","R","BOSS","M","?","$","?","M","R","?","R","T","?","?","?","R","E","R","BOSS"],"build_version":"2018-12-25","purchased_purges":0,"victory":false,"max_hp_per_floor":[66,66,66,66,66,66,66,66,66,66,66,66,66,66,66,66,66,66,66,66,71,71,71,71,71,71,71,71,71,71,71,71,71],"card_choices":[{"not_picked":["Dagger Throw","Eviscerate"],"picked":"Dash","floor":1.0},{"not_picked":["Dagger Spray","Outmaneuver","Finisher"],"picked":"SKIP","floor":2.0},{"not_picked":["Dagger Throw","Riddle With Holes","Calculated Gamble"],"picked":"SKIP","floor":4.0},{"not_picked":["Dodge and Roll","Deflect","Cloak And Dagger"],"picked":"SKIP","floor":5.0},{"not_picked":["Underhanded Strike","Slice"],"picked":"Footwork","floor":8.0},{"not_picked":["Deflect","Setup"],"picked":"Backstab","floor":11.0},{"not_picked":["Outmaneuver","Sucker Punch"],"picked":"Venomology","floor":12.0},{"not_picked":["Deadly Poison","Tactician"],"picked":"Footwork","floor":13.0},{"not_picked":["Dagger Spray","Quick Slash","Catalyst"],"picked":"SKIP","floor":14.0},{"not_picked":["Phantasmal Killer","Doppelganger"],"picked":"A Thousand Cuts+1","floor":16.0},{"not_picked":["Deadly Poison","Bouncing Flask"],"picked":"Noxious Fumes+1","floor":17.0},{"not_picked":["Corpse Explosion","Distraction"],"picked":"PiercingWail","floor":17.0},{"not_picked":["Underhanded Strike","Deflect"],"picked":"Dodge and Roll","floor":17.0},{"not_picked":["Bane","Cloak And Dagger"],"picked":"Infinite Blades+1","floor":17.0},{"not_picked":["Expertise","Bane","Poisoned Stab"],"picked":"SKIP","floor":18.0},{"not_picked":["Underhanded Strike+1","Flying Knee","PiercingWail"],"picked":"SKIP","floor":22.0},{"not_picked":["Wraith Form v2+1","Masterful Stab"],"picked":"Dodge and Roll+1","floor":31}],"player_experience":695952,"relics_obtained":[{"floor":9.0,"key":"Torii"},{"floor":12.0,"key":"Ice Cream"},{"floor":14.0,"key":"Frozen Egg 2"},{"floor":24.0,"key":"Necronomicon"},{"floor":26.0,"key":"Anchor"},{"floor":27.0,"key":"The Courier"},{"floor":29.0,"key":"Happy Flower"},{"floor":31,"key":"Centennial Puzzle"}],"event_choices":[{"damage_healed":0.0,"max_hp_gain":0.0,"max_hp_loss":0.0,"gold_gain":0.0,"event_name":"The Cleric","player_choice":"Leave","floor":3.0,"gold_loss":0.0,"damage_taken":0.0},{"damage_healed":0.0,"max_hp_gain":0.0,"max_hp_loss":0.0,"gold_gain":0.0,"event_name":"Liars Game","player_choice":"Ignored","floor":7.0,"gold_loss":0.0,"damage_taken":0.0},{"damage_healed":0.0,"max_hp_gain":0.0,"max_hp_loss":0.0,"gold_gain":0.0,"event_name":"The Library","player_choice":"Read","floor":19.0,"gold_loss":0.0,"damage_taken":0.0,"cards_obtained":["Skewer"]},{"damage_healed":0.0,"max_hp_gain":5.0,"max_hp_loss":0.0,"gold_gain":0.0,"event_name":"Forgotten Altar","player_choice":"Shed Blood","floor":21.0,"gold_loss":0.0,"damage_taken":23.0},{"damage_healed":0.0,"max_hp_gain":0.0,"max_hp_loss":0.0,"gold_gain":0.0,"event_name":"Cursed Tome","player_choice":"Obtained Book","floor":24.0,"gold_loss":0.0,"damage_taken":21.0}],"is_beta":true,"boss_relics":[{"not_picked":["Busted Crown","Tiny House"],"picked":"Orrery"}],"items_purged_floors":[],"is_endless":false,"potions_floor_spawned":[1,4,11,16,22],"killed_by":"Collector","ascension_level":19}