{"gold_per_floor":[113,133,133,58,58,96,96,116,139,177,177,177,2,2,2,2],"floor_reached":16,"playtime":357,"items_purged":[],"score":262,"play_id":"05faf559-c950-4598-af12-10bd777bdf2e","local_time":"20190331193531","is_ascension_mode":true,"campfire_choices":[{"data":"Bash","floor":7,"key":"SMITH"},{"data":"Armaments","floor":12,"key":"SMITH"},{"data":"Immolate","floor":15,"key":"SMITH"}],"neow_cost":"NONE","seed_source_timestamp":203447180834000,"circlet_count":0,"master_deck":["AscendersBane","Strike_R","Strike_R","Strike_R","Defend_R","Defend_R","Defend_R","Defend_R","Bash+1","Inflame","Feel No Pain","Armaments+1","Immolate+1","Sword Boomerang"],"relics":["Burning Blood","NeowsBlessing","Golden Idol","Oddly Smooth Stone","Regal Pillow","Centennial Puzzle"],"potions_floor_usage":[16,16],"damage_taken":[{"damage":0,"enemies":"Jaw Worm","floor":1,"turns":1},{"damage":0,"enemies":"Small Slimes","floor":2,"turns":1},{"damage":0,"enemies":"Lagavulin","floor":6,"turns":1},{"damage":9,"enemies":"2 Louse","floor":8,"turns":3},{"damage":16,"enemies":"3 Sentries","floor":10,"turns":17},{"damage":38,"enemies":"Slime Boss","floor":16,"turns":10}],"seed_played":"9162115136206354147","potions_obtained":[{"floor":1,"key":"SpeedPotion"},{"floor":10,"key":"Explosive Potion"}],"is_trial":false,"path_per_floor":["M","M","$","?","?","E","R","M","T","E","?","R","$","?","R","B"],"character_chosen":"IRONCLAD","items_purchased":["Immolate"],"campfire_rested":0,"item_purchase_floors":[13],"current_hp_per_floor":[74,75,75,75,49,55,55,52,52,42,42,42,42,42,42,4],"gold":2,"neow_bonus":"THREE_ENEMY_KILL","is_prod":false,"is_daily":false,"chose_seed":false,"campfire_upgraded":3,"win_rate":0,"timestamp":1554028531,"path_taken":["M","M","$","?","?","E","R","M","T","E","?","R","$","?","R","BOSS"],"build_version":"2019-01-23","purchased_purges":0,"victory":false,"max_hp_per_floor":[75,75,75,75,75,75,75,75,75,75,75,75,75,75,75,75],"card_choices":[{"not_picked":["Rage","Combust"],"picked":"Inflame","floor":1},{"not_picked":["Havoc","Armaments","Headbutt"],"picked":"SKIP","floor":2},{"not_picked":["Inflame","Thunderclap","Fire Breathing"],"picked":"SKIP","floor":6},{"not_picked":["Combust","Evolve"],"picked":"Feel No Pain","floor":8},{"not_picked":["Perfected Strike","Pummel"],"picked":"Armaments","floor":10}],"player_experience":2782243,"relics_obtained":[{"floor":6,"key":"Oddly Smooth Stone"},{"floor":9,"key":"Regal Pillow"},{"floor":10,"key":"Centennial Puzzle"}],"event_choices":[{"cards_removed":["Strike_R"],"damage_healed":0,"gold_gain":0,"player_choice":"Card Removal","damage_taken":0,"max_hp_gain":0,"max_hp_loss":0,"event_name":"The Cleric","floor":4,"gold_loss":75},{"damage_healed":0,"gold_gain":0,"player_choice":"Take Damage","damage_taken":26,"relics_obtained":["Golden Idol"],"max_hp_gain":0,"max_hp_loss":0,"event_name":"Golden Idol","floor":5,"gold_loss":0},{"damage_healed":0,"gold_gain":0,"player_choice":"Searched \u00271\u0027 times","damage_taken":0,"max_hp_gain":0,"max_hp_loss":0,"event_name":"Dead Adventurer","floor":11,"gold_loss":0},{"damage_healed":0,"gold_gain":0,"cards_transformed":["Strike_R"],"player_choice":"Transformed","damage_taken":0,"max_hp_gain":0,"max_hp_loss":0,"event_name":"Transmorgrifier","floor":14,"gold_loss":0,"cards_obtained":["Sword Boomerang"]}],"is_beta":false,"boss_relics":[],"items_purged_floors":[],"is_endless":false,"potions_floor_spawned":[1,10],"killed_by":"Slime Boss","ascension_level":20}