{"gold_per_floor":[110,123,35,185,185,213,213,213,264,282,282,282,282],"floor_reached":13,"playtime":192,"items_purged":[],"score":232,"play_id":"4655c8b4-96f6-49c8-9c5a-47a539c0a93b","local_time":"20190228194552","is_ascension_mode":true,"campfire_choices":[{"data":"Zap","floor":7,"key":"SMITH"},{"floor":12,"key":"REST"}],"neow_cost":"NONE","seed_source_timestamp":213293006616000,"circlet_count":0,"master_deck":["AscendersBane","Strike_B+1","Strike_B","Strike_B","Strike_B","Defend_B","Defend_B","Defend_B","Defend_B","Zap+1","Dualcast+1","Barrage","Coolheaded","Doom and Gloom","Loop"],"relics":["Cracked Core","NeowsBlessing","Ginger","Blood Vial"],"potions_floor_usage":[11],"damage_taken":[{"damage":0,"enemies":"Jaw Worm","floor":1,"turns":1},{"damage":0,"enemies":"Small Slimes","floor":2,"turns":1},{"damage":0,"enemies":"Lagavulin","floor":6,"turns":1},{"damage":8,"enemies":"2 Louse","floor":10,"turns":2},{"damage":35,"enemies":"Gremlin Nob","floor":11,"turns":4}],"seed_played":"-257459189420134941","potions_obtained":[{"floor":1,"key":"SmokeBomb"},{"floor":6,"key":"SpeedPotion"}],"is_trial":false,"path_per_floor":["M","M","$","?","?","E","R","?","T","M","E","R","?"],"character_chosen":"DEFECT","items_purchased":["Doom and Gloom"],"campfire_rested":1,"item_purchase_floors":[3],"current_hp_per_floor":[64,64,64,64,64,64,64,43,43,37,4,25,0],"gold":282,"neow_bonus":"THREE_ENEMY_KILL","is_prod":false,"is_daily":false,"chose_seed":false,"campfire_upgraded":1,"win_rate":0,"timestamp":1551350752,"path_taken":["M","M","$","?","?","E","R","?","T","M","E","R","?"],"build_version":"2019-01-23","purchased_purges":0,"victory":false,"max_hp_per_floor":[71,71,71,71,71,71,71,71,71,71,71,71,71],"card_choices":[{"not_picked":["Recycle","Fusion"],"picked":"Barrage","floor":1},{"not_picked":["Lockon","Static Discharge"],"picked":"Coolheaded","floor":2},{"not_picked":["Storm","Aggregate","Steam"],"picked":"SKIP","floor":6},{"not_picked":["Darkness","Redo"],"picked":"Loop","floor":10}],"player_experience":1901153,"relics_obtained":[{"floor":6,"key":"Ginger"},{"floor":9,"key":"Blood Vial"}],"event_choices":[{"damage_healed":0,"gold_gain":150,"player_choice":"AGREE","damage_taken":0,"max_hp_gain":0,"max_hp_loss":0,"event_name":"Liars Game","floor":4,"gold_loss":0,"cards_obtained":["Doubt"]},{"cards_removed":["Doubt"],"damage_healed":0,"gold_gain":0,"player_choice":"Forget","damage_taken":0,"max_hp_gain":0,"max_hp_loss":0,"event_name":"Living Wall","floor":5,"gold_loss":0},{"damage_healed":0,"gold_gain":0,"player_choice":"Entered Light","damage_taken":21,"max_hp_gain":0,"max_hp_loss":0,"event_name":"Shining Light","floor":8,"gold_loss":0,"cards_upgraded":["Dualcast","Strike_B"]}],"is_beta":false,"boss_relics":[],"items_purged_floors":[],"is_endless":false,"potions_floor_spawned":[1,6,10],"ascension_level":20}