{"path_per_floor":["M","$","?","M","?","R","E","R","T","M","M","?","R","M","R","B",null,"M","?","$","M","$","R","E","R","T"],"character_chosen":"IRONCLAD","items_purchased":["Inflame","Whirlwind","Paper Frog","Headbutt"],"gold_per_floor":[113,77,77,91,166,166,193,193,268,280,295,357,357,369,369,474,474,489,489,116,128,6,6,41,41,97,97],"floor_reached":27,"campfire_rested":0,"playtime":1183,"current_hp_per_floor":[78,78,78,80,69,69,75,75,75,80,77,56,56,53,53,36,69,59,59,59,69,69,69,47,47,47,0],"items_purged":["Defend_R","Defend_R"],"gold":97,"score":368,"play_id":"c6ed84f7-d16c-4e4d-a526-59a3f346f8b8","local_time":"20180410222040","is_prod":false,"is_daily":false,"chose_seed":false,"is_ascension_mode":true,"campfire_upgraded":6,"timestamp":1523370040,"path_taken":["M","$","?","M","?","R","E","R","T","?","M","?","R","M","R","BOSS","M","?","$","?","?","R","E","R","T","E"],"build_version":"2018-04-10","seed_source_timestamp":1325899709642832,"purchased_purges":3,"victory":false,"master_deck":["Strike_R","Strike_R","Strike_R","Strike_R","Strike_R","Defend_R","Defend_R","Bash+1","Heavy Blade+1","Inflame+1","Evolve+1","Rage+1","Disarm+1","Disarm+1","Feel No Pain+1","Metallicize+1","Reaper+1","Rage+1","True Grit+1","Whirlwind+1","Headbutt","Thunderclap","Pain"],"max_hp_per_floor":[80,80,80,80,80,80,80,80,80,80,80,80,80,80,80,80,80,80,80,80,80,80,80,80,80,80,80],"relics":["Burning Blood","NeowsBlessing","Toxic Egg 2","Meat on the Bone","Bag of Marbles","Cursed Key","Paper Frog","Whetstone","Tiny Chest"],"card_choices":[{"not_picked":["Iron Wave","Havoc"],"picked":"Heavy Blade","floor":1},{"not_picked":["Carnage","Combust"],"picked":"Evolve","floor":4},{"not_picked":["Intimidate","Fire Breathing"],"picked":"Rage","floor":7},{"not_picked":["Entrench","Evolve"],"picked":"Disarm","floor":10},{"not_picked":["Armaments","Clothesline"],"picked":"Disarm","floor":11},{"not_picked":["Rupture","Second Wind"],"picked":"Feel No Pain","floor":12},{"not_picked":["Clash","Burning Pact"],"picked":"Metallicize","floor":14},{"not_picked":["Juggernaut","Immolate"],"picked":"Reaper","floor":16},{"not_picked":["Hemokinesis","Iron Wave"],"picked":"Rage","floor":18},{"not_picked":["Intimidate","Burning Pact"],"picked":"Thunderclap","floor":24}],"player_experience":246197,"potions_floor_usage":[21,21,24],"damage_taken":[{"damage":0,"enemies":"Small Slimes","floor":1,"turns":1},{"damage":0,"enemies":"2 Louse","floor":4,"turns":1},{"damage":0,"enemies":"Gremlin Nob","floor":7,"turns":1},{"damage":0,"enemies":"Cultist","floor":10,"turns":2},{"damage":9,"enemies":"2 Fungi Beasts","floor":11,"turns":4},{"damage":27,"enemies":"3 Sentries","floor":12,"turns":6},{"damage":9,"enemies":"Blue Slaver","floor":14,"turns":4},{"damage":35,"enemies":"The Guardian","floor":16,"turns":13},{"damage":16,"enemies":"Spheric Guardian","floor":18,"turns":6},{"damage":6,"enemies":"3 Byrds","floor":21,"turns":4},{"damage":47,"enemies":"Gremlin Leader","floor":24,"turns":8},{"damage":89,"enemies":"Slavers","floor":27,"turns":5}],"event_choices":[{"event_name":"Liars Game","player_choice":"disagreed","floor":3,"damage_taken":0},{"event_name":"World of Goop","player_choice":"Gather Gold","floor":5,"damage_taken":0},{"event_name":"Dead Adventurer","player_choice":"Searched \u00273\u0027 times","floor":12,"damage_taken":0},{"event_name":"Match and Keep!","player_choice":"1 cards matched","floor":19,"damage_taken":0}],"boss_relics":[{"not_picked":["Lizard Tail","Astrolabe"],"picked":"Cursed Key"}],"potions_floor_spawned":[4,7,12,21,24],"seed_played":"1132792317995133428","killed_by":"Slavers","ascension_level":9,"is_trial":false}