{"gold_per_floor":[369,54,54,68,84,84,116,116,139,156,156],"floor_reached":11,"playtime":267,"items_purged":["Defend_B"],"score":146,"play_id":"9877140f-947f-46bf-bc13-56cd6720948c","local_time":"20190415145511","is_ascension_mode":true,"campfire_choices":[{"data":"Defragment","floor":6,"key":"SMITH"},{"data":"Zap","floor":8,"key":"SMITH"}],"neow_cost":"TEN_PERCENT_HP_LOSS","seed_source_timestamp":271334560114100,"circlet_count":0,"master_deck":["AscendersBane","Strike_B","Strike_B","Strike_B","Strike_B","Defend_B","Defend_B","Defend_B","Zap+1","Dualcast","Turbo","Defragment+1","Ball Lightning","Capacitor"],"relics":["Cracked Core","PreservedInsect","NlothsMask","Omamori"],"potions_floor_usage":[7],"damage_taken":[{"damage":3,"enemies":"2 Louse","floor":1,"turns":3},{"damage":1,"enemies":"Cultist","floor":4,"turns":4},{"damage":2,"enemies":"Small Slimes","floor":5,"turns":3},{"damage":10,"enemies":"3 Sentries","floor":7,"turns":4},{"damage":21,"enemies":"Exordium Thugs","floor":10,"turns":4},{"damage":8,"enemies":"Gremlin Nob","floor":11,"turns":3}],"seed_played":"-5913896842015753305","potions_obtained":[{"floor":4,"key":"Fire Potion"},{"floor":5,"key":"FocusPotion"}],"is_trial":false,"path_per_floor":["M","$","?","M","M","R","E","R","T","M","E"],"character_chosen":"DEFECT","items_purchased":["PreservedInsect","Defragment"],"campfire_rested":0,"item_purchase_floors":[2,2],"current_hp_per_floor":[61,61,61,60,58,58,48,48,48,27,19],"gold":156,"neow_bonus":"TWO_FIFTY_GOLD","is_prod":false,"is_daily":false,"chose_seed":false,"campfire_upgraded":2,"win_rate":0,"timestamp":1555307711,"path_taken":["M","$","?","M","M","R","E","R","T","?","E"],"build_version":"2019-01-23","purchased_purges":1,"victory":false,"max_hp_per_floor":[64,64,64,64,64,64,64,64,64,64,64],"card_choices":[{"not_picked":["Rebound","FTL"],"picked":"Turbo","floor":1},{"not_picked":["Conserve Battery","Leap"],"picked":"Ball Lightning","floor":4},{"not_picked":["Machine Learning","Beam Cell","Go for the Eyes"],"picked":"SKIP","floor":5},{"not_picked":["FTL","Turbo","Sweeping Beam"],"picked":"SKIP","floor":7},{"not_picked":["Compile Driver","BootSequence"],"picked":"Capacitor","floor":10}],"player_experience":3158231,"relics_obtained":[{"floor":7,"key":"Omamori"}],"event_choices":[{"damage_healed":0,"gold_gain":0,"player_choice":"Trade","damage_taken":0,"relics_obtained":["NlothsMask"],"max_hp_gain":0,"max_hp_loss":0,"event_name":"FaceTrader","floor":3,"gold_loss":0}],"is_beta":false,"boss_relics":[],"items_purged_floors":[2],"is_endless":false,"potions_floor_spawned":[4,5],"killed_by":"Gremlin Nob","ascension_level":20}