{"gold_per_floor":[119,119,119,47,47,76,11,24,24,43,56,56,86,99,99,176,176,196,42,55,55],"floor_reached":21,"playtime":822,"items_purged":[],"score":331,"play_id":"c34ac70a-dacc-4abe-aa23-9cf30839d42d","local_time":"20181124195551","is_ascension_mode":true,"campfire_choices":[{"floor":12,"key":"REST"},{"floor":15,"key":"REST"}],"neow_cost":"NONE","seed_source_timestamp":26283526911496,"circlet_count":0,"master_deck":["AscendersBane","Strike_B","Strike_B","Strike_B","Strike_B","Defend_B","Defend_B","Defend_B","Defend_B","Zap","Dualcast","Reboot","Storm","Self Repair","Biased Cognition","FTL","Ball Lightning","Redo","Buffer","Melter","Melter","Machine Learning","White Noise","Self Repair+1"],"relics":["Cracked Core","Dream Catcher","Bag of Preparation","Happy Flower","Black Star","DataDisk"],"potions_floor_usage":[6,13,13,18,21],"damage_taken":[{"damage":9,"enemies":"2 Louse","floor":1,"turns":2},{"damage":32,"enemies":"Gremlin Nob","floor":6,"turns":4},{"damage":7,"enemies":"Jaw Worm","floor":8,"turns":3},{"damage":8,"enemies":"Small Slimes","floor":10,"turns":2},{"damage":9,"enemies":"Red Slaver","floor":11,"turns":3},{"damage":15,"enemies":"3 Sentries","floor":13,"turns":5},{"damage":16,"enemies":"Lots of Slimes","floor":14,"turns":3},{"damage":52,"enemies":"Hexaghost","floor":16,"turns":9},{"damage":27,"enemies":"Shell Parasite","floor":18,"turns":4},{"damage":21,"enemies":"3 Byrds","floor":20,"turns":4},{"damage":40,"enemies":"Shelled Parasite and Fungi","floor":21,"turns":2}],"seed_played":"3620713533443775572","potions_obtained":[{"floor":1,"key":"Strength Potion"},{"floor":6,"key":"LiquidBronze"},{"floor":11,"key":"SpeedPotion"},{"floor":16,"key":"EssenceOfSteel"},{"floor":20,"key":"Regen Potion"}],"is_trial":false,"path_per_floor":["M","?","?","$","?","E","?","M","T","M","M","R","E","M","R","B",null,"M","$","M","M"],"character_chosen":"DEFECT","items_purchased":["Self Repair","DataDisk"],"campfire_rested":2,"item_purchase_floors":[4,19],"current_hp_per_floor":[55,71,71,71,71,46,46,46,46,45,36,57,42,33,54,9,56,36,36,22,0],"gold":55,"neow_bonus":"ONE_RANDOM_RARE_CARD","is_prod":false,"is_daily":false,"chose_seed":false,"campfire_upgraded":0,"win_rate":0,"timestamp":1543082151,"path_taken":["M","?","?","$","?","E","?","M","T","M","M","R","E","M","R","BOSS","M","$","M","M"],"build_version":"2018-11-15","purchased_purges":0,"victory":false,"max_hp_per_floor":[71,71,71,71,71,71,71,71,71,71,71,71,71,71,71,71,71,71,71,71,71],"card_choices":[{"not_picked":["Turbo","Ball Lightning"],"picked":"Storm","floor":1},{"not_picked":["Static Discharge","Aggregate"],"picked":"Biased Cognition","floor":6},{"not_picked":["Conserve Battery","Gash"],"picked":"FTL","floor":8},{"not_picked":["Leap","Sweeping Beam"],"picked":"Ball Lightning","floor":10},{"not_picked":["Turbo","Beam Cell"],"picked":"Redo","floor":11},{"not_picked":["Gash","Streamline"],"picked":"Buffer","floor":12},{"not_picked":["Rebound","Steam"],"picked":"Melter","floor":13},{"not_picked":["Aggregate","Hologram","Stack"],"picked":"SKIP","floor":14},{"not_picked":["BootSequence","Turbo"],"picked":"Melter","floor":15},{"not_picked":["Thunder Strike","All For One"],"picked":"Machine Learning","floor":16},{"not_picked":["Darkness","Chaos+1"],"picked":"White Noise","floor":18},{"not_picked":["Capacitor","Ball Lightning"],"picked":"Self Repair+1","floor":20}],"player_experience":783256,"relics_obtained":[{"floor":6,"key":"Dream Catcher"},{"floor":9,"key":"Bag of Preparation"},{"floor":13,"key":"Happy Flower"}],"event_choices":[{"damage_healed":23,"gold_gain":0,"player_choice":"Banana","damage_taken":0,"max_hp_gain":0,"max_hp_loss":0,"event_name":"Big Fish","floor":2,"gold_loss":0},{"damage_healed":0,"gold_gain":0,"player_choice":"Leave","damage_taken":0,"max_hp_gain":0,"max_hp_loss":0,"event_name":"The Cleric","floor":3,"gold_loss":0},{"damage_healed":0,"gold_gain":0,"player_choice":"Ignored","damage_taken":0,"max_hp_gain":0,"max_hp_loss":0,"event_name":"Golden Wing","floor":5,"gold_loss":0},{"damage_healed":0,"gold_gain":0,"player_choice":"Left Gold","damage_taken":0,"max_hp_gain":0,"max_hp_loss":0,"event_name":"World of Goop","floor":7,"gold_loss":65}],"is_beta":false,"boss_relics":[{"not_picked":["Velvet Choker","Sozu"],"picked":"Black Star"}],"items_purged_floors":[],"is_endless":false,"potions_floor_spawned":[1,6,11,16,20],"killed_by":"Shelled Parasite and Fungi","ascension_level":15}