{"gold_per_floor":[19,31,42,42,62,62,337,337,419,454,454,474,506,517,517,517],"floor_reached":16,"playtime":473,"items_purged":[],"score":224,"play_id":"568aaeac-ce4c-40df-a2ff-0df7145bde26","local_time":"20190321145235","is_ascension_mode":true,"campfire_choices":[{"data":"Sunder","floor":6,"key":"SMITH"},{"data":"Regret","floor":8,"key":"PURGE"},{"data":"Strike_B","floor":11,"key":"PURGE"},{"data":"Consume","floor":15,"key":"SMITH"}],"neow_cost":"NO_GOLD","seed_source_timestamp":159237099092000,"circlet_count":0,"master_deck":["AscendersBane","Strike_B","Strike_B","Strike_B","Defend_B","Defend_B","Defend_B","Defend_B","Zap","Dualcast","Undo","Melter","Sunder+1","Cold Snap","Consume+1","FTL","Cold Snap"],"relics":["Cracked Core","Peace Pipe","Ancient Tea Set","Centennial Puzzle"],"potions_floor_usage":[10,13,13,16],"damage_taken":[{"damage":2,"enemies":"Cultist","floor":1,"turns":4},{"damage":2,"enemies":"Jaw Worm","floor":2,"turns":4},{"damage":2,"enemies":"2 Louse","floor":3,"turns":2},{"damage":9,"enemies":"2 Fungi Beasts","floor":5,"turns":3},{"damage":23,"enemies":"Lagavulin","floor":10,"turns":8},{"damage":0,"enemies":"Large Slime","floor":12,"turns":4},{"damage":20,"enemies":"Gremlin Nob","floor":13,"turns":4},{"damage":0,"enemies":"Looter","floor":14,"turns":3},{"damage":3,"enemies":"Hexaghost","floor":16,"turns":9}],"seed_played":"5070888139427300167","potions_obtained":[{"floor":1,"key":"SkillPotion"},{"floor":5,"key":"Ancient Potion"},{"floor":10,"key":"Strength Potion"},{"floor":13,"key":"Poison Potion"}],"is_trial":false,"path_per_floor":["M","M","M","$","M","R","?","R","T","E","R","M","E","M","R","B"],"character_chosen":"DEFECT","items_purchased":[],"campfire_rested":0,"item_purchase_floors":[],"current_hp_per_floor":[62,60,58,58,49,49,49,49,49,26,26,26,6,6,6,3],"gold":517,"neow_bonus":"ONE_RARE_RELIC","is_prod":false,"is_daily":false,"chose_seed":false,"campfire_upgraded":2,"win_rate":0,"timestamp":1553147555,"path_taken":["M","M","M","?","M","R","?","R","T","E","R","M","E","?","R","BOSS"],"build_version":"2019-01-23","purchased_purges":0,"victory":false,"max_hp_per_floor":[71,71,71,71,71,71,71,71,71,71,71,71,71,71,71,71],"card_choices":[{"not_picked":["Hologram","Conserve Battery"],"picked":"Undo","floor":1},{"not_picked":["Scrape","Beam Cell"],"picked":"Melter","floor":2},{"not_picked":["Glacier","Cold Snap"],"picked":"Sunder","floor":3},{"not_picked":["Streamline","Storm","Compile Driver"],"picked":"SKIP","floor":5},{"not_picked":["Steam","Go for the Eyes"],"picked":"Cold Snap","floor":10},{"not_picked":["Compile Driver","Defragment"],"picked":"Consume","floor":12},{"not_picked":["Consume","Hologram"],"picked":"FTL","floor":13},{"not_picked":["Skim","Hello World"],"picked":"Cold Snap","floor":14}],"player_experience":2444185,"relics_obtained":[{"floor":10,"key":"Ancient Tea Set"},{"floor":13,"key":"Centennial Puzzle"}],"event_choices":[{"damage_healed":0,"gold_gain":275,"player_choice":"Desecrate","damage_taken":0,"max_hp_gain":0,"max_hp_loss":0,"event_name":"Golden Shrine","floor":7,"gold_loss":0,"cards_obtained":["Regret"]}],"is_beta":false,"boss_relics":[],"items_purged_floors":[],"is_endless":false,"potions_floor_spawned":[1,5,10,13],"killed_by":"Hexaghost","ascension_level":20}