{"gold_per_floor":[111,111,17,17,30,65,65,95,95,65,65,65,65,65,65,141,141,151,66,116,116,116,116,116,116,195,225,275,307,307,321,321,396,396,406,84,132,132,132,132,165,179,179,179,196,230,230,248,248,248,248,248,248,19,45,45],"floor_reached":57,"playtime":3191,"items_purged":["Ball Lightning","Steam Power"],"score":2692,"play_id":"6c79513e-a4f4-41b0-9b02-2ed143411a53","local_time":"20190319130123","is_ascension_mode":true,"campfire_choices":[{"data":"Defragment","floor":7.0,"key":"SMITH"},{"data":"Consume","floor":12.0,"key":"SMITH"},{"data":"Sunder","floor":15.0,"key":"SMITH"},{"data":"Turbo","floor":23.0,"key":"SMITH"},{"floor":25.0,"key":"REST"},{"data":"Zap","floor":30.0,"key":"SMITH"},{"floor":32.0,"key":"REST"},{"floor":40.0,"key":"REST"},{"data":"Force Field","floor":44.0,"key":"SMITH"},{"floor":49.0,"key":"RECALL"},{"data":"Recycle","floor":53.0,"key":"SMITH"}],"neow_cost":"NONE","seed_source_timestamp":177633180735600,"circlet_count":0,"master_deck":["AscendersBane","Defend_B","Zap+1","Dualcast","Sunder+1","Consume+1","Defragment+1","Electrodynamics+1","Echo Form","Turbo+1","Echo Form+1","Leap","Echo Form+1","Skim+1","Ball Lightning+1","Reprogram+1","Loop+1","Coolheaded","Cold Snap","Force Field+1","Coolheaded","Glacier+1","Recycle+1","Secret Technique+1","Secret Technique+1","Capacitor+1","Hologram"],"special_seed":0,"relics":["Cracked Core","NeowsBlessing","Juzu Bracelet","Question Card","Torii","Bird Faced Urn","Runic Pyramid","Frozen Egg 2","Meat on the Bone","Nunchaku","Lantern","Astrolabe","Turnip","Gremlin Horn","Symbiotic Virus","Happy Flower","War Paint"],"potions_floor_usage":[56],"damage_taken":[{"damage":0.0,"enemies":"Cultist","floor":1.0,"turns":1.0},{"damage":0.0,"enemies":"2 Louse","floor":5.0,"turns":1.0},{"damage":0.0,"enemies":"3 Sentries","floor":6.0,"turns":1.0},{"damage":30.0,"enemies":"Lagavulin","floor":8.0,"turns":6.0},{"damage":7.0,"enemies":"Slime Boss","floor":16.0,"turns":6.0},{"damage":7.0,"enemies":"Chosen","floor":18.0,"turns":3.0},{"damage":46.0,"enemies":"Book of Stabbing","floor":27.0,"turns":4.0},{"damage":29.0,"enemies":"Slavers","floor":29.0,"turns":3.0},{"damage":1.0,"enemies":"Spheric Guardian","floor":31.0,"turns":3.0},{"damage":26.0,"enemies":"Champ","floor":33.0,"turns":10.0},{"damage":32.0,"enemies":"3 Darklings","floor":35.0,"turns":3.0},{"damage":49.0,"enemies":"2 Orb Walkers","floor":37.0,"turns":4.0},{"damage":1.0,"enemies":"Giant Head","floor":41.0,"turns":7.0},{"damage":1.0,"enemies":"Orb Walker","floor":42.0,"turns":3.0},{"damage":47.0,"enemies":"Writhing Mass","floor":45.0,"turns":7.0},{"damage":21.0,"enemies":"Nemesis","floor":46.0,"turns":5.0},{"damage":0.0,"enemies":"Sphere and 2 Shapes","floor":48.0,"turns":5.0},{"damage":11.0,"enemies":"Donu and Deca","floor":50.0,"turns":9.0},{"damage":44.0,"enemies":"Awakened One","floor":51.0,"turns":11.0},{"damage":34.0,"enemies":"Shield and Spear","floor":55.0,"turns":7.0},{"damage":57,"enemies":"The Heart","floor":56,"turns":13}],"seed_played":"-4972150764960931071","potions_obtained":[{"floor":1.0,"key":"Poison Potion"},{"floor":6.0,"key":"Energy Potion"},{"floor":10.0,"key":"PowerPotion"},{"floor":18.0,"key":"Swift Potion"},{"floor":27.0,"key":"SpeedPotion"},{"floor":33.0,"key":"LiquidBronze"},{"floor":35.0,"key":"SmokeBomb"},{"floor":39.0,"key":"PowerPotion"}],"is_trial":false,"path_per_floor":["M","T","$","?","M","E","R","E","T","?","$","R","?","?","R","B",null,"M","?","?","?","?","R","?","R","T","E","?","E","R","M","R","B",null,"M","$","?","?","?","R","E","M","T","R","M","E","?","M","R","B","B",null,"R","$","E","B",null],"character_chosen":"DEFECT","items_purchased":["Consume","Ball Lightning","Loop+1","Coolheaded","Cold Snap","PowerPotion","GamblersBrew","Hologram"],"campfire_rested":3,"item_purchase_floors":[3,3,36,36,36,36,54,54],"current_hp_per_floor":[64,64,64,64,64,64,64,34,34,34,34,34,34,23,23,20,58,59,59,59,39,39,39,39,61,61,37,37,24,24,41,63,51,70,50,50,31,31,31,53,74,75,75,75,41,42,32,50,50,65,39,67,67,67,49,24],"gold":45,"neow_bonus":"THREE_ENEMY_KILL","is_prod":false,"is_daily":false,"chose_seed":false,"campfire_upgraded":7,"win_rate":0,"timestamp":1552968083,"path_taken":["M","?","$","?","M","E","R","E","T","?","?","R","?","?","R","BOSS","M","?","?","?","?","R","?","R","T","E","?","E","R","M","R","BOSS","M","$","?","?","?","R","E","M","T","R","M","E","?","M","R","BOSS","BOSS","R","$","E","BOSS"],"build_version":"2019-01-23","purchased_purges":2,"victory":true,"max_hp_per_floor":[71,71,71,71,71,71,71,71,71,71,71,71,71,71,71,71,71,71,71,71,76,76,76,76,76,76,76,76,76,76,76,76,76,76,76,76,76,76,76,76,76,76,76,76,76,76,76,76,76,76,76,76,76,76,76,76],"card_choices":[{"not_picked":["Static Discharge","Steam"],"picked":"Sunder","floor":1.0},{"not_picked":["Redo","Steam","Scrape"],"picked":"SKIP","floor":5.0},{"not_picked":["Blizzard","Heatsinks"],"picked":"Defragment","floor":6.0},{"not_picked":["Scrape","Hologram"],"picked":"Electrodynamics","floor":8.0},{"not_picked":["Hyperbeam","Fission","Meteor Strike"],"picked":"Echo Form","floor":16.0},{"not_picked":["Beam Cell","Hello World","Streamline"],"picked":"Turbo","floor":18.0},{"not_picked":["Rebound","Stack","Ball Lightning","Compile Driver"],"picked":"SKIP","floor":27.0},{"not_picked":["Darkness","Consume+1","Beam Cell"],"picked":"Echo Form+1","floor":29.0},{"not_picked":["Stack+1","Go for the Eyes","Compile Driver"],"picked":"Leap","floor":31.0},{"not_picked":["Meteor Strike","Fission","Rainbow"],"picked":"Echo Form+1","floor":33.0},{"not_picked":["Streamline","Consume+1","Steam","Gash+1"],"picked":"SKIP","floor":35.0},{"not_picked":["Streamline","Consume+1","Steam","Gash+1"],"picked":"SKIP","floor":35.0},{"not_picked":["Coolheaded","Melter+1","Undo"],"picked":"Force Field","floor":37.0},{"not_picked":["Sweeping Beam","Storm+1","Steam","Go for the Eyes"],"picked":"SKIP","floor":41.0},{"not_picked":["Self Repair+1","Sweeping Beam+1","Doom and Gloom"],"picked":"Coolheaded","floor":42.0},{"not_picked":["Conserve Battery","Lockon","Hologram+1"],"picked":"Glacier+1","floor":45.0},{"not_picked":["Thunder Strike","Barrage+1","Loop+1"],"picked":"Recycle","floor":46.0},{"not_picked":["PanicButton","Magnetism+1","Thinking Ahead"],"picked":"Secret Technique","floor":47.0},{"not_picked":["Swift Strike","Dark Shackles","Finesse"],"picked":"Secret Technique","floor":47.0},{"not_picked":["Beam Cell","Turbo","Heatsinks+1"],"picked":"Capacitor+1","floor":48.0},{"not_picked":["Sweeping Beam+1","Auto Shields","Ball Lightning","Barrage"],"picked":"SKIP","floor":55.0}],"player_experience":2368837,"relics_obtained":[{"floor":6.0,"key":"Juzu Bracelet"},{"floor":8.0,"key":"Question Card"},{"floor":9.0,"key":"Torii"},{"floor":26.0,"key":"Meat on the Bone"},{"floor":27.0,"key":"Nunchaku"},{"floor":29.0,"key":"Lantern"},{"floor":37.0,"key":"Turnip"},{"floor":41.0,"key":"Gremlin Horn"},{"floor":43.0,"key":"Symbiotic Virus"},{"floor":46.0,"key":"Happy Flower"},{"floor":55.0,"key":"War Paint"}],"event_choices":[{"cards_removed":["Strike_B"],"damage_healed":0.0,"max_hp_gain":0.0,"max_hp_loss":0.0,"gold_gain":0.0,"event_name":"Purifier","player_choice":"Purged","floor":4.0,"gold_loss":0.0,"damage_taken":0.0},{"damage_healed":0.0,"max_hp_gain":0.0,"max_hp_loss":0.0,"gold_gain":0.0,"event_name":"The Woman in Blue","player_choice":"Bought 2 Potions","floor":10.0,"gold_loss":0.0,"damage_taken":0.0},{"damage_healed":0.0,"max_hp_gain":0.0,"max_hp_loss":0.0,"gold_gain":0.0,"event_name":"Accursed Blacksmith","player_choice":"Forge","floor":13.0,"gold_loss":0.0,"damage_taken":0.0,"cards_upgraded":["Electrodynamics"]},{"damage_healed":0.0,"max_hp_gain":0.0,"max_hp_loss":0.0,"gold_gain":0.0,"event_name":"Scrap Ooze","player_choice":"Success","floor":14.0,"gold_loss":0.0,"damage_taken":11.0,"relics_obtained":["Bird Faced Urn"]},{"damage_healed":0.0,"max_hp_gain":0.0,"max_hp_loss":0.0,"gold_gain":0.0,"event_name":"Addict","player_choice":"Obtained Relic","floor":19.0,"gold_loss":85.0,"damage_taken":0.0,"relics_obtained":["Frozen Egg 2"]},{"damage_healed":0.0,"max_hp_gain":0.0,"max_hp_loss":0.0,"gold_gain":50.0,"event_name":"Nest","player_choice":"Stole From Cult","floor":20.0,"gold_loss":0.0,"damage_taken":0.0},{"damage_healed":0.0,"max_hp_gain":5.0,"max_hp_loss":0.0,"gold_gain":0.0,"event_name":"Forgotten Altar","player_choice":"Shed Blood","floor":21.0,"gold_loss":0.0,"damage_taken":25.0},{"cards_removed":["Strike_B"],"damage_healed":0.0,"max_hp_gain":0.0,"max_hp_loss":0.0,"gold_gain":0.0,"event_name":"Purifier","player_choice":"Purged","floor":22.0,"gold_loss":0.0,"damage_taken":0.0},{"cards_removed":["Strike_B"],"damage_healed":0.0,"max_hp_gain":0.0,"max_hp_loss":0.0,"gold_gain":0.0,"event_name":"Back to Basics","player_choice":"Elegance","floor":24.0,"gold_loss":0.0,"damage_taken":0.0},{"damage_healed":0.0,"max_hp_gain":0.0,"max_hp_loss":0.0,"gold_gain":50.0,"event_name":"Golden Shrine","player_choice":"Pray","floor":28.0,"gold_loss":0.0,"damage_taken":0.0},{"damage_healed":0.0,"max_hp_gain":0.0,"max_hp_loss":0.0,"gold_gain":0.0,"event_name":"Mysterious Sphere","player_choice":"Fight","floor":37.0,"gold_loss":0.0,"damage_taken":0.0},{"damage_healed":0.0,"max_hp_gain":0.0,"max_hp_loss":0.0,"gold_gain":0.0,"cards_transformed":["Defend_B"],"event_name":"Transmorgrifier","player_choice":"Transformed","floor":38.0,"gold_loss":0.0,"damage_taken":0.0,"cards_obtained":["Steam Power"]},{"damage_healed":0.0,"max_hp_gain":0.0,"max_hp_loss":0.0,"gold_gain":0.0,"event_name":"Lab","player_choice":"Got Potions","floor":39.0,"gold_loss":0.0,"damage_taken":0.0},{"damage_healed":0.0,"max_hp_gain":0.0,"max_hp_loss":0.0,"gold_gain":0.0,"event_name":"SensoryStone","player_choice":"Memory 3","floor":47.0,"gold_loss":0.0,"damage_taken":10.0}],"is_beta":false,"boss_relics":[{"not_picked":["Ectoplasm","Orrery"],"picked":"Runic Pyramid"},{"not_picked":["Busted Crown","Pandora\u0027s Box"],"picked":"Astrolabe"}],"items_purged_floors":[36,54],"is_endless":false,"potions_floor_spawned":[1,6,16,18,27,33,35,41],"ascension_level":20}