{"gold_per_floor":[115,115,130,130,280,305,324,324,350,350,146,158,12,12,12,85,85,96,107,107,117,117,117,133,133,203,203,62,62,96,126,126,200,200,214,214,214,234,234,234,234,234,304,320,37,53,53,73,73,73],"floor_reached":50,"playtime":3697,"items_purged":["Decay"],"score":891,"play_id":"c195a80f-cbf9-49de-9761-9b5407ad459c","local_time":"20190306111157","is_ascension_mode":true,"campfire_choices":[{"data":"Fission","floor":8.0,"key":"SMITH"},{"floor":10.0,"key":"REST"},{"floor":15.0,"key":"REST"},{"floor":23,"key":"REST"},{"floor":25,"key":"REST"},{"data":"Storm","floor":29,"key":"SMITH"},{"data":"Amplify","floor":32,"key":"SMITH"},{"floor":40,"key":"REST"},{"floor":47,"key":"REST"},{"data":"Static Discharge","floor":49,"key":"SMITH"}],"neow_cost":"NONE","seed_source_timestamp":61958121102633,"circlet_count":0,"master_deck":["AscendersBane","Strike_B","Strike_B","Strike_B","Defend_B","Defend_B","Defend_B","Defend_B","Zap","Dualcast","Capacitor","Self Repair","Fission+1","Cold Snap","White Noise","Hello World","Storm+1","Loop","Amplify+1","FTL","Force Field","Redo","Loop","Defragment","Core Surge","Heatsinks","Redo+1","Static Discharge+1","Redo+1","Bandage Up+1","Cold Snap","Darkness+1"],"special_seed":0,"relics":["Cracked Core","NeowsBlessing","Bag of Marbles","Unceasing Top","Lantern","Nuclear Battery","Singing Bowl","Mango","Red Mask","White Beast Statue","Toxic Egg 2"],"potions_floor_usage":[24,30,31,33,35,46,50,50],"damage_taken":[{"damage":0.0,"enemies":"2 Louse","floor":1.0,"turns":1.0},{"damage":0.0,"enemies":"Cultist","floor":3.0,"turns":1.0},{"damage":0.0,"enemies":"3 Sentries","floor":6.0,"turns":1.0},{"damage":13.0,"enemies":"Small Slimes","floor":7.0,"turns":6.0},{"damage":22.0,"enemies":"2 Fungi Beasts","floor":12.0,"turns":3.0},{"damage":17.0,"enemies":"Hexaghost","floor":16.0,"turns":7.0},{"damage":30.0,"enemies":"2 Thieves","floor":18.0,"turns":4.0},{"damage":28.0,"enemies":"Spheric Guardian","floor":19.0,"turns":4.0},{"damage":19,"enemies":"Snake Plant","floor":21,"turns":3},{"damage":20,"enemies":"Centurion and Healer","floor":24,"turns":8},{"damage":5,"enemies":"Gremlin Leader","floor":30,"turns":4},{"damage":7,"enemies":"Masked Bandits","floor":31,"turns":2},{"damage":80,"enemies":"Automaton","floor":33,"turns":11},{"damage":60,"enemies":"3 Darklings","floor":35,"turns":5},{"damage":1,"enemies":"3 Shapes","floor":38,"turns":4},{"damage":9,"enemies":"Maw","floor":44,"turns":4},{"damage":18,"enemies":"Spire Growth","floor":46,"turns":3},{"damage":7,"enemies":"4 Shapes","floor":48,"turns":6},{"damage":109,"enemies":"Awakened One","floor":50,"turns":5}],"seed_played":"3603862065535339083","potions_obtained":[{"floor":3.0,"key":"Dexterity Potion"},{"floor":6.0,"key":"Dexterity Potion"},{"floor":16.0,"key":"Swift Potion"},{"floor":18.0,"key":"FocusPotion"},{"floor":21,"key":"FocusPotion"},{"floor":31,"key":"Fire Potion"},{"floor":33,"key":"Swift Potion"},{"floor":35,"key":"Ancient Potion"},{"floor":38,"key":"Dexterity Potion"},{"floor":46,"key":"EssenceOfSteel"}],"is_trial":false,"path_per_floor":["M","?","M","?","?","E","M","R","T","R","$","M","$","?","R","B",null,"M","M","?","M","?","R","M","R","T","?","$","R","E","?","R","B",null,"M","?","?","M","?","R","?","?","T","M","$","M","R","M","R","B"],"character_chosen":"DEFECT","items_purchased":["White Noise","Hello World","Loop","PowerPotion","Defragment","AttackPotion","Static Discharge","Redo+1","Bandage Up+1","Cold Snap"],"campfire_rested":6,"item_purchase_floors":[11,11,13,13,28,28,45,45,45,45],"current_hp_per_floor":[64,64,64,53,53,60,54,54,54,71,71,56,56,56,71,68,70,54,40,40,28,42,63,50,71,71,71,71,71,87,82,82,16,71,18,36,38,39,39,66,66,66,66,64,64,68,95,95,95,0],"gold":73,"neow_bonus":"THREE_ENEMY_KILL","is_prod":false,"is_daily":false,"chose_seed":false,"campfire_upgraded":4,"win_rate":0,"timestamp":1551863517,"path_taken":["M","?","?","?","?","E","M","R","T","R","$","M","$","?","R","BOSS","M","M","?","M","?","R","M","R","T","?","$","R","E","?","R","BOSS","M","?","?","M","?","R","?","?","T","M","$","M","R","M","R","BOSS"],"build_version":"2019-01-23","purchased_purges":1,"victory":false,"max_hp_per_floor":[71,71,71,71,71,71,71,71,71,71,71,71,71,71,71,71,71,71,71,71,71,71,71,71,71,71,71,71,71,87,89,89,89,89,89,89,91,93,93,93,93,93,93,93,93,95,95,95,95,95],"card_choices":[{"not_picked":["Coolheaded","Double Energy"],"picked":"Capacitor","floor":1.0},{"not_picked":["Ball Lightning","Turbo"],"picked":"Self Repair","floor":3.0},{"not_picked":["Stack","Coolheaded"],"picked":"Fission","floor":6.0},{"not_picked":["Conserve Battery","Streamline"],"picked":"Cold Snap","floor":7.0},{"not_picked":["Steam Power","Turbo"],"picked":"Storm","floor":12.0},{"not_picked":["Fission","Thunder Strike"],"picked":"Amplify","floor":16.0},{"not_picked":["Coolheaded+1","Barrage+1"],"picked":"FTL","floor":18.0},{"not_picked":["Cold Snap","Leap+1"],"picked":"Force Field","floor":19.0},{"not_picked":["Auto Shields","Stack"],"picked":"Redo","floor":21},{"not_picked":["All For One","Go for the Eyes"],"picked":"Loop","floor":24},{"not_picked":["Beam Cell","Hyperbeam","Steam"],"picked":"Singing Bowl","floor":30},{"not_picked":["Compile Driver","Beam Cell+1","Turbo"],"picked":"Singing Bowl","floor":31},{"not_picked":["Reboot","Thunder Strike"],"picked":"Core Surge","floor":33},{"not_picked":["Darkness","Tempest"],"picked":"Heatsinks","floor":35},{"not_picked":["Forethought","Blind","Flash of Steel"],"picked":"Singing Bowl","floor":37},{"not_picked":["Streamline","Go for the Eyes","Barrage"],"picked":"Singing Bowl","floor":38},{"not_picked":["Leap+1","Sunder"],"picked":"Redo+1","floor":44},{"not_picked":["Auto Shields+1","Go for the Eyes","Sweeping Beam+1"],"picked":"Singing Bowl","floor":46},{"not_picked":["Coolheaded+1","Ball Lightning"],"picked":"Darkness+1","floor":48}],"player_experience":1040772,"relics_obtained":[{"floor":6.0,"key":"Unceasing Top"},{"floor":9.0,"key":"Lantern"},{"floor":26,"key":"Singing Bowl"},{"floor":30,"key":"Mango"},{"floor":31,"key":"Red Mask"},{"floor":43,"key":"Toxic Egg 2"}],"event_choices":[{"damage_healed":0.0,"max_hp_gain":0.0,"max_hp_loss":0.0,"gold_gain":0.0,"event_name":"Wheel of Change","player_choice":"Cursed","floor":2.0,"gold_loss":0.0,"damage_taken":0.0,"cards_obtained":["Decay"]},{"damage_healed":0.0,"max_hp_gain":0.0,"max_hp_loss":0.0,"gold_gain":0.0,"event_name":"Scrap Ooze","player_choice":"Success","floor":4.0,"gold_loss":0.0,"damage_taken":11.0,"relics_obtained":["Bag of Marbles"]},{"damage_healed":0.0,"max_hp_gain":0.0,"max_hp_loss":0.0,"gold_gain":150.0,"event_name":"Liars Game","player_choice":"AGREE","floor":5.0,"gold_loss":0.0,"damage_taken":0.0,"cards_obtained":["Doubt"]},{"damage_healed":0.0,"max_hp_gain":0.0,"max_hp_loss":0.0,"gold_gain":0.0,"event_name":"Golden Idol","player_choice":"Ignored","floor":14.0,"gold_loss":0.0,"damage_taken":0.0},{"damage_healed":0.0,"max_hp_gain":0.0,"max_hp_loss":0.0,"gold_gain":0.0,"event_name":"Vampires","player_choice":"Ignored","floor":20.0,"gold_loss":0.0,"damage_taken":0.0},{"damage_healed":14,"gold_gain":0,"player_choice":"Heal","damage_taken":0,"max_hp_gain":0,"max_hp_loss":0,"event_name":"The Library","floor":22,"gold_loss":0},{"cards_removed":["Doubt"],"damage_healed":0,"gold_gain":0,"player_choice":"Elegance","damage_taken":0,"max_hp_gain":0,"max_hp_loss":0,"event_name":"Back to Basics","floor":27,"gold_loss":0},{"damage_healed":0,"gold_gain":0,"player_choice":"Fought Bandits","damage_taken":0,"max_hp_gain":0,"max_hp_loss":0,"event_name":"Masked Bandits","floor":31,"gold_loss":0},{"damage_healed":18,"gold_gain":0,"player_choice":"Writhe","damage_taken":0,"max_hp_gain":0,"max_hp_loss":0,"event_name":"Winding Halls","floor":36,"gold_loss":0,"cards_obtained":["Writhe"]},{"damage_healed":0,"gold_gain":0,"player_choice":"Memory 1","damage_taken":0,"max_hp_gain":0,"max_hp_loss":0,"event_name":"SensoryStone","floor":37,"gold_loss":0},{"damage_healed":0,"gold_gain":0,"player_choice":"Ignored","damage_taken":0,"max_hp_gain":0,"max_hp_loss":0,"event_name":"Mysterious Sphere","floor":39,"gold_loss":0},{"cards_removed":["Strike_B"],"damage_healed":0,"gold_gain":0,"player_choice":"Removed Attack","damage_taken":0,"max_hp_gain":0,"max_hp_loss":0,"event_name":"Falling","floor":41,"gold_loss":0},{"cards_removed":["Writhe"],"damage_healed":0,"gold_gain":0,"player_choice":"Purged","damage_taken":0,"max_hp_gain":0,"max_hp_loss":0,"event_name":"Purifier","floor":42,"gold_loss":0}],"is_beta":false,"boss_relics":[{"not_picked":["Cursed Key","Inserter"],"picked":"Nuclear Battery"},{"not_picked":["Velvet Choker","Pandora\u0027s Box"],"picked":"White Beast Statue"}],"items_purged_floors":[11],"is_endless":false,"potions_floor_spawned":[3,6,7,16,18,21,31,33,35,38,44,46,48],"killed_by":"Awakened One","ascension_level":16}