{"gold_per_floor":[119,138,55,55,55,89,102,102,102,117,42,42,74,85,85,157,157,173,98,23,23,42,42,54,54,54,69,85,85,95,109,109,186,186,198,198,198,217,136,147,166,180,230,230],"floor_reached":44,"playtime":1396,"items_purged":["Pain"],"score":898,"play_id":"bfc7616b-b5a3-4f35-8bda-aa4d4372085f","local_time":"20190216214650","is_ascension_mode":true,"campfire_choices":[{"floor":8,"key":"DIG"},{"floor":15,"key":"DIG"},{"floor":23,"key":"DIG"},{"floor":25,"key":"DIG"},{"floor":29,"key":"REST"},{"floor":32,"key":"REST"}],"neow_cost":"NONE","seed_source_timestamp":214684104325300,"circlet_count":0,"master_deck":["AscendersBane","Strike_B","Strike_B","Strike_B","Strike_B","Defend_B","Defend_B","Defend_B","Zap","Dualcast","Coolheaded","Melter+1","Self Repair","Glacier","Ball Lightning","Blizzard","Echo Form","Leap+1","Coolheaded+1"],"relics":["Cracked Core","NeowsBlessing","Shovel","Orichalcum","Ginger","WarpedTongs","Omamori","DataDisk","Calling Bell","Anchor","Kunai","Nunchaku","Bottled Tornado","Happy Flower","Mercury Hourglass","Inserter","Juzu Bracelet"],"potions_floor_usage":[16,24,24,33,41],"damage_taken":[{"damage":0,"enemies":"2 Louse","floor":1,"turns":1},{"damage":0,"enemies":"Cultist","floor":2,"turns":1},{"damage":0,"enemies":"3 Sentries","floor":6,"turns":1},{"damage":12,"enemies":"Jaw Worm","floor":7,"turns":4},{"damage":7,"enemies":"Looter","floor":10,"turns":3},{"damage":15,"enemies":"Lagavulin","floor":13,"turns":10},{"damage":16,"enemies":"Lots of Slimes","floor":14,"turns":6},{"damage":32,"enemies":"The Guardian","floor":16,"turns":13},{"damage":17,"enemies":"Shell Parasite","floor":18,"turns":7},{"damage":0,"enemies":"Spheric Guardian","floor":22,"turns":2},{"damage":21,"enemies":"Shelled Parasite and Fungi","floor":24,"turns":5},{"damage":44,"enemies":"Chosen and Byrds","floor":27,"turns":6},{"damage":0,"enemies":"Centurion and Healer","floor":28,"turns":8},{"damage":17,"enemies":"3 Cultists","floor":30,"turns":6},{"damage":11,"enemies":"Snake Plant","floor":31,"turns":5},{"damage":33,"enemies":"Automaton","floor":33,"turns":11},{"damage":35,"enemies":"Orb Walker","floor":35,"turns":5},{"damage":0,"enemies":"3 Shapes","floor":38,"turns":6},{"damage":38,"enemies":"3 Darklings","floor":40,"turns":7},{"damage":15,"enemies":"Sphere and 2 Shapes","floor":41,"turns":9},{"damage":26,"enemies":"4 Shapes","floor":42,"turns":6},{"damage":32,"enemies":"3 Darklings","floor":44,"turns":4}],"seed_played":"8092783542368248082","potions_obtained":[{"floor":2,"key":"Weak Potion"},{"floor":7,"key":"Block Potion"},{"floor":13,"key":"Strength Potion"},{"floor":22,"key":"Regen Potion"},{"floor":24,"key":"PowerPotion"},{"floor":35,"key":"Block Potion"}],"is_trial":false,"path_per_floor":["M","M","$","?","?","E","M","R","T","M","?","?","E","M","R","B",null,"M","$","?","$","M","R","M","R","T","M","M","R","M","M","R","B",null,"M","?","$","M","$","M","M","M","T","M"],"character_chosen":"DEFECT","items_purchased":["Melter","Ancient Potion"],"campfire_rested":2,"item_purchase_floors":[3,39],"current_hp_per_floor":[64,64,64,64,64,64,59,59,59,59,59,59,51,42,42,17,58,48,48,48,48,48,48,48,48,48,14,24,45,35,34,55,29,61,33,81,81,81,81,53,58,32,32,0],"gold":230,"neow_bonus":"THREE_ENEMY_KILL","is_prod":false,"is_daily":false,"chose_seed":false,"campfire_upgraded":0,"win_rate":0,"timestamp":1550321210,"path_taken":["M","M","$","?","?","E","M","R","T","?","?","?","E","M","R","BOSS","M","?","?","$","M","R","M","R","T","M","M","R","M","?","R","BOSS","M","?","$","M","$","M","?","M","T","M"],"build_version":"2019-01-23","purchased_purges":1,"victory":false,"max_hp_per_floor":[71,71,71,71,71,71,71,71,71,71,71,71,71,71,71,71,71,71,71,71,71,71,71,71,71,71,71,71,71,71,71,71,71,71,71,81,81,81,81,81,81,81,81,81],"card_choices":[{"not_picked":["Compile Driver","Ball Lightning"],"picked":"Coolheaded","floor":1},{"not_picked":["Compile Driver","Genetic Algorithm","Rebound"],"picked":"SKIP","floor":2},{"not_picked":["Fission","Turbo"],"picked":"Self Repair","floor":6},{"not_picked":["Double Energy","Rebound","Barrage"],"picked":"SKIP","floor":7},{"not_picked":["Streamline","Stack"],"picked":"Glacier","floor":10},{"not_picked":["Fusion","Darkness","Reprogram"],"picked":"SKIP","floor":13},{"not_picked":["Compile Driver","Steam"],"picked":"Ball Lightning","floor":14},{"not_picked":["Gash","Turbo","Barrage"],"picked":"SKIP","floor":18},{"not_picked":["Hologram","Hello World"],"picked":"Blizzard","floor":22},{"not_picked":["Sweeping Beam","Rebound","Go for the Eyes"],"picked":"SKIP","floor":24},{"not_picked":["Gash","Leap+1"],"picked":"Echo Form","floor":27},{"not_picked":["Streamline","Barrage"],"picked":"Leap+1","floor":28},{"not_picked":["Streamline","Ball Lightning","Hologram"],"picked":"SKIP","floor":30},{"not_picked":["Steam+1","Conserve Battery","Heatsinks"],"picked":"SKIP","floor":31},{"not_picked":["Hyperbeam","Amplify"],"picked":"Biased Cognition","floor":33},{"not_picked":["Compile Driver","Steam"],"picked":"Coolheaded+1","floor":35},{"not_picked":["Streamline","Genetic Algorithm","Steam Power+1"],"picked":"SKIP","floor":38},{"not_picked":["Streamline","Genetic Algorithm","Steam Power+1"],"picked":"SKIP","floor":38},{"not_picked":["Steam","Beam Cell","Hologram"],"picked":"SKIP","floor":40},{"not_picked":["Undo","Redo","Beam Cell+1"],"picked":"SKIP","floor":41},{"not_picked":["Redo","Gash","Darkness"],"picked":"SKIP","floor":42}],"player_experience":101194,"relics_obtained":[{"floor":6,"key":"Shovel"},{"floor":8,"key":"Orichalcum"},{"floor":9,"key":"Ginger"},{"floor":13,"key":"Omamori"},{"floor":15,"key":"DataDisk"},{"floor":17,"key":"Anchor"},{"floor":17,"key":"Kunai"},{"floor":17,"key":"Nunchaku"},{"floor":23,"key":"Bottled Tornado"},{"floor":25,"key":"Happy Flower"},{"floor":26,"key":"Mercury Hourglass"},{"floor":43,"key":"Juzu Bracelet"}],"event_choices":[{"damage_healed":0,"gold_gain":0,"player_choice":"Ignored","damage_taken":0,"max_hp_gain":0,"max_hp_loss":0,"event_name":"Liars Game","floor":4,"gold_loss":0},{"damage_healed":0,"gold_gain":0,"player_choice":"Upgraded","damage_taken":0,"max_hp_gain":0,"max_hp_loss":0,"event_name":"Upgrade Shrine","floor":5,"gold_loss":0,"cards_upgraded":["Melter"]},{"cards_removed":["Defend_B"],"damage_healed":0,"gold_gain":0,"player_choice":"Card Removal","damage_taken":0,"max_hp_gain":0,"max_hp_loss":0,"event_name":"The Cleric","floor":11,"gold_loss":75},{"damage_healed":0,"gold_gain":0,"player_choice":"Rummage","damage_taken":0,"relics_obtained":["WarpedTongs"],"max_hp_gain":0,"max_hp_loss":0,"event_name":"Accursed Blacksmith","floor":12,"gold_loss":0,"cards_obtained":["Pain"]},{"cards_removed":["Writhe"],"damage_healed":0,"gold_gain":0,"player_choice":"Single Remove","damage_taken":0,"max_hp_gain":0,"max_hp_loss":0,"event_name":"Designer","floor":20,"gold_loss":75},{"cards_removed":["Biased Cognition"],"damage_healed":38,"gold_gain":0,"player_choice":"Offered Rare","damage_taken":0,"max_hp_gain":10,"max_hp_loss":0,"event_name":"Bonfire Elementals","floor":36,"gold_loss":0}],"is_beta":false,"boss_relics":[{"not_picked":["Orrery","Lizard Tail"],"picked":"Calling Bell"},{"not_picked":["Philosopher\u0027s Stone","Cursed Key"],"picked":"Inserter"}],"items_purged_floors":[19],"is_endless":false,"potions_floor_spawned":[2,7,10,13,14,22,24,35],"killed_by":"3 Darklings","ascension_level":20}