{"gold_per_floor":[110,126,126,201,221,221,255,255,255,95,125,125,12,12,12,86,86,106,53,53,67,67,67,78,78,78,107,107,125,125,135,135,135],"floor_reached":33,"playtime":1034,"items_purged":[],"score":542,"play_id":"d100d39c-f1af-4979-8e3f-518ef6d21966","local_time":"20190315201040","is_ascension_mode":true,"campfire_choices":[{"data":"Biased Cognition","floor":6,"key":"SMITH"},{"floor":8,"key":"REST"},{"floor":12,"key":"REST"},{"floor":15,"key":"REST"},{"data":"Turbo","floor":23,"key":"SMITH"},{"data":"Coolheaded","floor":25,"key":"SMITH"},{"data":"Coolheaded","floor":28,"key":"SMITH"},{"data":"Zap","floor":30,"key":"SMITH"},{"floor":32,"key":"REST"}],"neow_cost":"NONE","seed_source_timestamp":122032564056800,"circlet_count":0,"master_deck":["AscendersBane","Strike_B","Strike_B","Strike_B","Strike_B","Defend_B+1","Defend_B","Defend_B+1","Defend_B","Zap+1","Dualcast","Ball Lightning","Biased Cognition+1","Capacitor+1","Steam","Coolheaded+1","Self Repair+1","Echo Form+1","Hologram","Coolheaded+1","Turbo+1","Echo Form+1","Ball Lightning+1","Blizzard+1","Consume"],"relics":["Cracked Core","NeowsBlessing","Frozen Egg 2","Molten Egg 2","PreservedInsect","Lantern","Bag of Marbles","Inserter","Enchiridion","Strawberry"],"potions_floor_usage":[7,21,24,33],"damage_taken":[{"damage":0,"enemies":"Jaw Worm","floor":1,"turns":1},{"damage":0,"enemies":"Small Slimes","floor":2,"turns":1},{"damage":0,"enemies":"Cultist","floor":5,"turns":1},{"damage":24,"enemies":"3 Sentries","floor":7,"turns":6},{"damage":17,"enemies":"Lagavulin","floor":11,"turns":6},{"damage":25,"enemies":"The Guardian","floor":16,"turns":10},{"damage":2,"enemies":"Spheric Guardian","floor":18,"turns":5},{"damage":0,"enemies":"Chosen","floor":21,"turns":6},{"damage":20,"enemies":"Shelled Parasite and Fungi","floor":24,"turns":8},{"damage":17,"enemies":"Slavers","floor":27,"turns":5},{"damage":33,"enemies":"Centurion and Healer","floor":29,"turns":8},{"damage":31,"enemies":"Cultist and Chosen","floor":31,"turns":6},{"damage":27,"enemies":"Automaton","floor":33,"turns":6}],"seed_played":"7017233868570350737","potions_obtained":[{"floor":1,"key":"Weak Potion"},{"floor":2,"key":"SkillPotion"},{"floor":16,"key":"GamblersBrew"},{"floor":21,"key":"PowerPotion"}],"is_trial":false,"path_per_floor":["M","M","?","?","M","R","E","R","T","$","E","R","$","?","R","B",null,"M","$","?","M","?","R","M","R","T","E","R","M","R","M","R","B"],"character_chosen":"DEFECT","items_purchased":["PreservedInsect","Coolheaded","Self Repair+1","Coolheaded"],"campfire_rested":4,"item_purchase_floors":[10,13,13,19],"current_hp_per_floor":[64,64,43,32,32,32,8,29,29,29,12,33,33,22,43,28,60,71,71,50,60,60,60,60,60,60,70,70,47,47,16,39,12],"gold":135,"neow_bonus":"THREE_ENEMY_KILL","is_prod":false,"is_daily":false,"chose_seed":false,"campfire_upgraded":5,"win_rate":0,"timestamp":1552648240,"path_taken":["M","M","?","?","M","R","E","R","T","?","E","R","$","?","R","BOSS","M","$","?","M","?","R","?","R","T","E","R","M","R","M","R","BOSS"],"build_version":"2019-01-23","purchased_purges":0,"victory":false,"max_hp_per_floor":[71,71,71,71,71,71,71,71,71,71,71,71,71,71,71,71,71,71,71,71,71,71,71,71,71,71,78,78,78,78,78,78,78],"card_choices":[{"not_picked":["Conserve Battery","Storm","Steam"],"picked":"SKIP","floor":1},{"not_picked":["Beam Cell","Tempest"],"picked":"Ball Lightning","floor":2},{"not_picked":["Steam","Fusion"],"picked":"Biased Cognition","floor":5},{"not_picked":["Gash","Cold Snap"],"picked":"Capacitor","floor":7},{"not_picked":["Gash+1","Scrape+1"],"picked":"Steam","floor":11},{"not_picked":["Biased Cognition+1","Fission"],"picked":"Echo Form+1","floor":16},{"not_picked":["Beam Cell+1","Stack"],"picked":"Hologram","floor":18},{"not_picked":["Doom and Gloom+1","Reboot"],"picked":"Turbo","floor":21},{"not_picked":["Hologram","Compile Driver+1"],"picked":"Ball Lightning+1","floor":24},{"not_picked":["Barrage+1","Cold Snap+1"],"picked":"Blizzard+1","floor":27},{"not_picked":["Turbo","Conserve Battery","Gash+1"],"picked":"SKIP","floor":29},{"not_picked":["Turbo","Beam Cell+1"],"picked":"Consume","floor":31}],"player_experience":2294907,"relics_obtained":[{"floor":7,"key":"Frozen Egg 2"},{"floor":9,"key":"Molten Egg 2"},{"floor":11,"key":"Lantern"},{"floor":20,"key":"Enchiridion"},{"floor":27,"key":"Strawberry"}],"event_choices":[{"damage_healed":0,"gold_gain":0,"player_choice":"Entered Light","damage_taken":21,"max_hp_gain":0,"max_hp_loss":0,"event_name":"Shining Light","floor":3,"gold_loss":0,"cards_upgraded":["Defend_B","Defend_B"]},{"damage_healed":0,"gold_gain":75,"player_choice":"Gather Gold","damage_taken":11,"max_hp_gain":0,"max_hp_loss":0,"event_name":"World of Goop","floor":4,"gold_loss":0},{"damage_healed":0,"gold_gain":0,"player_choice":"Success","damage_taken":11,"relics_obtained":["Bag of Marbles"],"max_hp_gain":0,"max_hp_loss":0,"event_name":"Scrap Ooze","floor":14,"gold_loss":0},{"damage_healed":0,"gold_gain":0,"player_choice":"Obtained Book","damage_taken":21,"max_hp_gain":0,"max_hp_loss":0,"event_name":"Cursed Tome","floor":20,"gold_loss":0},{"damage_healed":0,"gold_gain":0,"player_choice":"Copied","damage_taken":0,"max_hp_gain":0,"max_hp_loss":0,"event_name":"Duplicator","floor":22,"gold_loss":0,"cards_obtained":["Echo Form"]}],"is_beta":false,"boss_relics":[{"not_picked":["Runic Dome","FrozenCore"],"picked":"Inserter"}],"items_purged_floors":[],"is_endless":false,"potions_floor_spawned":[1,2,16,21],"killed_by":"Automaton","ascension_level":20}