{"gold_per_floor":[109,109,109,122,122,122,151,151,151,151,151,183,183,208,208,282,282,298,298,312,227,95,95,155,155,182,198,198,226,226,59,59,59],"floor_reached":33,"playtime":1530,"items_purged":[],"score":690,"play_id":"8c0ccb9c-0d41-441a-bb4c-0a04d0ed48cc","local_time":"20190212125942","is_ascension_mode":true,"campfire_choices":[{"data":"Beam Cell","floor":6,"key":"SMITH"},{"data":"Zap","floor":8,"key":"SMITH"},{"data":"Sunder","floor":13,"key":"SMITH"},{"floor":15,"key":"REST"},{"data":"Sunder","floor":23,"key":"SMITH"},{"floor":25,"key":"REST"},{"data":"Buffer","floor":28,"key":"SMITH"},{"data":"Biased Cognition","floor":32,"key":"SMITH"}],"neow_cost":"NONE","seed_source_timestamp":8332111757000,"circlet_count":0,"master_deck":["AscendersBane","Zap+1","Dualcast+1","Melter","Beam Cell+1","Cold Snap","Sunder+1","Reinforced Body+1","Biased Cognition+1","Sunder+1","Genetic Algorithm+1","Double Energy+1","Buffer+1","Reinforced Body+1","Recycle+1","Go for the Eyes","Coolheaded+1","Ghostly+1","Ghostly+1","Ghostly+1","BootSequence+1","Self Repair","Reboot+1","Beam Cell+1","Conserve Battery+1","Ball Lightning","Undo+1"],"relics":["Cracked Core","NeowsBlessing","Boot","WingedGreaves","Matryoshka","Toxic Egg 2","Strawberry","Pandora\u0027s Box","War Paint","Tiny Chest","Juzu Bracelet","Omamori","Meat on the Bone"],"potions_floor_usage":[16,33,33],"damage_taken":[{"damage":0,"enemies":"Small Slimes","floor":1,"turns":1},{"damage":0,"enemies":"Cultist","floor":4,"turns":1},{"damage":0,"enemies":"3 Sentries","floor":7,"turns":1},{"damage":23,"enemies":"Lagavulin","floor":12,"turns":5},{"damage":22,"enemies":"3 Sentries","floor":14,"turns":7},{"damage":13,"enemies":"The Guardian","floor":16,"turns":13},{"damage":20,"enemies":"3 Byrds","floor":18,"turns":5},{"damage":3,"enemies":"Shell Parasite","floor":20,"turns":5},{"damage":35,"enemies":"Slavers","floor":24,"turns":11},{"damage":0,"enemies":"Centurion and Healer","floor":27,"turns":7},{"damage":0,"enemies":"Book of Stabbing","floor":29,"turns":4},{"damage":0,"enemies":"Champ","floor":33,"turns":14}],"seed_played":"-2539054819900452711","potions_obtained":[{"floor":4,"key":"Weak Potion"},{"floor":12,"key":"Ancient Potion"}],"is_trial":false,"path_per_floor":["M","?","$","M","?","R","E","R","T","?","?","E","R","E","R","B",null,"M","?","M","?","$","R","E","R","T","M","R","E","?","$","R","B"],"character_chosen":"DEFECT","items_purchased":["Self Repair","Energy Potion","Conserve Battery+1","Ball Lightning","Undo+1"],"campfire_rested":2,"item_purchase_floors":[22,22,31,31,31],"current_hp_per_floor":[64,64,64,64,64,64,64,64,64,57,57,34,34,19,42,29,66,46,39,36,36,36,36,8,19,19,26,26,26,17,17,17,17],"gold":59,"neow_bonus":"THREE_ENEMY_KILL","is_prod":false,"is_daily":false,"chose_seed":false,"campfire_upgraded":6,"win_rate":0,"timestamp":1549943982,"path_taken":["M","?","$","?","?","R","E","R","T","?","?","E","R","E","R","BOSS","M","?","M","?","$","R","E","R","T","M","R","E","?","?","R","BOSS"],"build_version":"2019-01-23","purchased_purges":0,"victory":false,"max_hp_per_floor":[71,71,71,71,71,71,71,71,71,71,71,71,71,78,78,78,78,78,39,39,39,39,39,39,39,39,39,39,39,44,44,44,44],"card_choices":[{"not_picked":["Barrage","Heatsinks","Rebound"],"picked":"SKIP","floor":1},{"not_picked":["Skim","Leap"],"picked":"Beam Cell","floor":4},{"not_picked":["Hologram","Chill"],"picked":"Cold Snap","floor":7},{"not_picked":["Skim","Ball Lightning","Go for the Eyes"],"picked":"SKIP","floor":12},{"not_picked":["Streamline","Stack+1"],"picked":"Reinforced Body+1","floor":14},{"not_picked":["Multi-Cast+1","Fission+1"],"picked":"Biased Cognition","floor":16},{"not_picked":["Stack+1","Loop+1"],"picked":"Coolheaded+1","floor":18},{"not_picked":["Rip and Tear","Stack+1"],"picked":"BootSequence+1","floor":20},{"not_picked":["Multi-Cast+1","Conserve Battery+1"],"picked":"Reboot+1","floor":24},{"not_picked":["Reprogram+1","Sunder"],"picked":"Beam Cell+1","floor":27},{"not_picked":["Go for the Eyes+1","Hello World","Compile Driver"],"picked":"SKIP","floor":29}],"player_experience":1525548,"relics_obtained":[{"floor":7,"key":"WingedGreaves"},{"floor":9,"key":"Matryoshka"},{"floor":12,"key":"Toxic Egg 2"},{"floor":14,"key":"Strawberry"},{"floor":24,"key":"Tiny Chest"},{"floor":26,"key":"Juzu Bracelet"},{"floor":26,"key":"Omamori"},{"floor":29,"key":"Meat on the Bone"}],"event_choices":[{"damage_healed":0,"gold_gain":0,"cards_transformed":["Strike_B"],"player_choice":"Transformed","damage_taken":0,"max_hp_gain":0,"max_hp_loss":0,"event_name":"Transmorgrifier","floor":2,"gold_loss":0,"cards_obtained":["Melter"]},{"damage_healed":0,"gold_gain":0,"player_choice":"Box","damage_taken":0,"relics_obtained":["Boot"],"max_hp_gain":0,"max_hp_loss":0,"event_name":"Big Fish","floor":5,"gold_loss":0,"cards_obtained":["Regret"]},{"cards_removed":["Regret"],"damage_healed":0,"gold_gain":0,"player_choice":"Card Removal","damage_taken":7,"max_hp_gain":0,"max_hp_loss":0,"event_name":"Golden Wing","floor":10,"gold_loss":0},{"damage_healed":0,"gold_gain":0,"player_choice":"1 cards matched","damage_taken":0,"max_hp_gain":0,"max_hp_loss":0,"event_name":"Match and Keep!","floor":11,"gold_loss":0,"cards_obtained":["Sunder"]},{"damage_healed":0,"gold_gain":0,"player_choice":"Became a Ghost","damage_taken":0,"max_hp_gain":0,"max_hp_loss":39,"event_name":"Ghosts","floor":19,"gold_loss":0,"cards_obtained":["Ghostly","Ghostly","Ghostly"]},{"damage_healed":0,"gold_gain":0,"player_choice":"Obtained Relic","damage_taken":0,"relics_obtained":["War Paint"],"max_hp_gain":0,"max_hp_loss":0,"event_name":"Addict","floor":21,"gold_loss":85},{"damage_healed":0,"gold_gain":0,"player_choice":"Shed Blood","damage_taken":14,"max_hp_gain":5,"max_hp_loss":0,"event_name":"Forgotten Altar","floor":30,"gold_loss":0}],"is_beta":false,"boss_relics":[{"not_picked":["Nuclear Battery","Velvet Choker"],"picked":"Pandora\u0027s Box"}],"items_purged_floors":[],"is_endless":false,"potions_floor_spawned":[4,12,27,29],"killed_by":"Champ","ascension_level":20}