{"gold_per_floor":[132,132,132,165,5,112,112,223,223,223,304,411,411,411,411,642,642,684,684,684,736,736,736,736,769,769,298,392,392,317,431,431,672,672,721,760,1093,1393,1393,1495,1570,1570,1570,1660,1660,1218,1314,293,293,293,293,293,293,30,105,105],"floor_reached":56,"playtime":2307,"items_purged":[],"score":2663,"play_id":"469ecefe-20bc-467d-9929-9c0292be144f","local_time":"20190415194433","daily_mods":["Hoarder","Flight","Elite Swarm","Midas"],"is_ascension_mode":true,"campfire_choices":[{"floor":7.0,"key":"REST"},{"floor":10.0,"key":"REST"},{"floor":13.0,"key":"REST"},{"floor":15.0,"key":"REST"},{"floor":23.0,"key":"REST"},{"floor":32.0,"key":"DIG"},{"floor":42.0,"key":"RECALL"},{"floor":49.0,"key":"DIG"},{"floor":53.0,"key":"DIG"}],"neow_cost":"","seed_source_timestamp":285968252512700,"circlet_count":0,"master_deck":["AscendersBane","Strike_R","Strike_R","Strike_R+1","Strike_R","Defend_R","Defend_R","Defend_R","Bash","Spot Weakness","Spot Weakness","Spot Weakness","True Grit","True Grit","True Grit+1","Feed","Feed","Feed","Reaper","Reaper","Reaper","Offering","Offering","Offering","Fiend Fire","Fiend Fire","Immolate","Immolate","Immolate","Perfected Strike","Perfected Strike","Perfected Strike","Pommel Strike","Pommel Strike","Impervious+1","Impervious+1","Impervious+1","Dark Embrace+1","Dark Embrace+1","Dark Embrace+1","Pommel Strike","Pommel Strike","Pommel Strike","Bloodletting+1","Bloodletting+1","Bloodletting+1","Offering+1","Offering+1","Offering+1","Limit Break+1","Limit Break+1","Limit Break+1","Sentinel+1","Sentinel+1","Sentinel+1","Seeing Red+1","Seeing Red+1","Seeing Red+1","Impervious+1","Impervious+1","Impervious+1","Barricade+1","Barricade+1","Barricade+1","Double Tap+1","Double Tap+1","Double Tap+1","Shrug It Off+1","Shrug It Off+1","Shrug It Off+1","Twin Strike","Twin Strike","Twin Strike","Double Tap+1","Double Tap+1","Double Tap+1","True Grit+1","True Grit+1","True Grit+1","Offering+1","Offering+1","Offering+1","Impervious+1","Impervious+1","Impervious+1"],"special_seed":0,"relics":["Burning Blood","Frozen Egg 2","Bronze Scales","Regal Pillow","Thread and Needle","Champion Belt","Shovel","Paper Frog","Sozu","Ginger","Juzu Bracelet","Toxic Egg 2","Centennial Puzzle","Potion Belt","Letter Opener","Snecko Eye","Prayer Wheel","Magic Flower","Unceasing Top","Peace Pipe","Mango","Strawberry","FossilizedHelix","Self Forming Clay","Brimstone","Ornamental Fan","Mummified Hand","Mercury Hourglass"],"potions_floor_usage":[],"damage_taken":[{"damage":7.0,"enemies":"Cultist","floor":1.0,"turns":4.0},{"damage":9.0,"enemies":"Jaw Worm","floor":4.0,"turns":4.0},{"damage":48.0,"enemies":"Gremlin Nob","floor":6.0,"turns":5.0},{"damage":49.0,"enemies":"3 Sentries","floor":8.0,"turns":13.0},{"damage":65.0,"enemies":"Gremlin Nob","floor":11.0,"turns":5.0},{"damage":43.0,"enemies":"Lagavulin","floor":12.0,"turns":8.0},{"damage":71.0,"enemies":"The Guardian","floor":16.0,"turns":12.0},{"damage":29.0,"enemies":"Shell Parasite","floor":18.0,"turns":2.0},{"damage":6.0,"enemies":"2 Thieves","floor":21.0,"turns":1.0},{"damage":36.0,"enemies":"Colosseum Slavers","floor":22.0,"turns":3.0},{"damage":20.0,"enemies":"Snake Plant","floor":25.0,"turns":3.0},{"damage":6.0,"enemies":"Gremlin Leader","floor":28.0,"turns":5.0},{"damage":15.0,"enemies":"Slavers","floor":31.0,"turns":3.0},{"damage":33.0,"enemies":"Automaton","floor":33.0,"turns":4.0},{"damage":29.0,"enemies":"3 Darklings","floor":35.0,"turns":2.0},{"damage":42.0,"enemies":"3 Shapes","floor":36.0,"turns":3.0},{"damage":15.0,"enemies":"Mind Bloom Boss Battle","floor":38.0,"turns":5.0},{"damage":33.0,"enemies":"Reptomancer","floor":40.0,"turns":2.0},{"damage":26.0,"enemies":"Nemesis","floor":41.0,"turns":5.0},{"damage":39.0,"enemies":"Giant Head","floor":44.0,"turns":6.0},{"damage":9.0,"enemies":"Reptomancer","floor":47.0,"turns":2.0},{"damage":63.0,"enemies":"Donu and Deca","floor":50.0,"turns":4.0},{"damage":78.0,"enemies":"Time Eater","floor":51.0,"turns":7.0},{"damage":59.0,"enemies":"Shield and Spear","floor":55.0,"turns":6.0},{"damage":158,"enemies":"The Heart","floor":56,"turns":5}],"seed_played":"-6955804484949801558","potions_obtained":[{"floor":1.0,"key":"Weak Potion"},{"floor":6.0,"key":"EssenceOfSteel"},{"floor":8.0,"key":"Dexterity Potion"}],"is_trial":true,"path_per_floor":["M","?","T","M","$","E","R","E","T","R","E","E","R","?","R","B",null,"M","?","$","M","?","R","T","M","T","$","E","?","?","E","R","B",null,"M","M","?","?","?","E","E","R","T","E","?","$","E","$","R","B","B",null,"R","$","E","B"],"character_chosen":"IRONCLAD","items_purchased":["Bronze Scales","Toxic Egg 2","Pommel Strike","Impervious+1","Mango","Shrug It Off+1","Twin Strike","FossilizedHelix","True Grit+1","Offering+1","Self Forming Clay","Brimstone","Mummified Hand"],"campfire_rested":5,"item_purchase_floors":[5,27,27,27,46,46,46,48,48,48,48,48,54],"current_hp_per_floor":[67,67,67,64,64,22,57,23,23,61,26,14,53,29,68,20,65,42,42,42,42,18,58,58,48,48,48,60,60,60,63,63,59,79,75,51,51,75,75,89,72,72,72,89,89,103,110,110,110,74,113,113,113,113,113,28],"gold":105,"neow_bonus":"","is_prod":false,"is_daily":false,"chose_seed":false,"campfire_upgraded":0,"win_rate":0,"timestamp":1555325073,"path_taken":["M","?","?","?","$","E","R","E","T","R","E","E","R","?","R","BOSS","M","?","$","?","?","R","?","M","T","$","E","?","?","E","R","BOSS","M","M","?","?","?","E","E","R","T","E","?","$","E","$","R","BOSS","BOSS","R","$","E","BOSS"],"build_version":"2019-01-23","purchased_purges":0,"victory":false,"max_hp_per_floor":[75,68,68,68,68,68,68,77,77,77,77,80,80,80,80,80,80,80,80,80,80,86,86,86,86,86,86,86,86,86,86,86,86,86,86,86,86,89,89,89,89,89,89,89,89,103,110,110,110,113,113,113,113,113,113,113],"card_choices":[{"not_picked":["Armaments","Sword Boomerang"],"picked":"Spot Weakness","floor":1.0},{"not_picked":["Rage","Flex"],"picked":"True Grit","floor":4.0},{"not_picked":["Double Tap","Barricade+1"],"picked":"Feed","floor":6.0},{"not_picked":["Berserk+1","Double Tap"],"picked":"Reaper","floor":8.0},{"not_picked":["Fiend Fire","Brutality+1"],"picked":"Offering","floor":11.0},{"not_picked":["Feed","Double Tap"],"picked":"Fiend Fire","floor":12.0},{"not_picked":["Juggernaut+1","Brutality+1"],"picked":"Immolate","floor":16.0},{"not_picked":["Thunderclap","Havoc","True Grit"],"picked":"SKIP","floor":18.0},{"not_picked":["Iron Wave","Rage","Carnage"],"picked":"SKIP","floor":21.0},{"not_picked":["Hemokinesis","Heavy Blade+1"],"picked":"Perfected Strike","floor":25.0},{"not_picked":["Double Tap+1","Immolate"],"picked":"Dark Embrace+1","floor":28.0},{"not_picked":["Brutality+1","Reaper"],"picked":"Offering+1","floor":31.0},{"not_picked":["Barricade+1","Juggernaut+1"],"picked":"Limit Break+1","floor":33.0},{"not_picked":["Anger","Power Through+1"],"picked":"Sentinel+1","floor":35.0},{"not_picked":["Infernal Blade+1","Havoc+1"],"picked":"Seeing Red+1","floor":36.0},{"not_picked":["Fiend Fire","Juggernaut+1"],"picked":"Impervious+1","floor":40.0},{"not_picked":["Limit Break+1","Immolate"],"picked":"Barricade+1","floor":41.0},{"not_picked":["Immolate","Fiend Fire"],"picked":"Double Tap+1","floor":44.0},{"not_picked":["Juggernaut+1","Fiend Fire"],"picked":"Double Tap+1","floor":47.0},{"not_picked":["Demon Form+1","Fiend Fire"],"picked":"Impervious+1","floor":55.0}],"player_experience":3159858,"relics_obtained":[{"floor":3.0,"key":"Frozen Egg 2"},{"floor":6.0,"key":"Regal Pillow"},{"floor":8.0,"key":"Thread and Needle"},{"floor":9.0,"key":"Champion Belt"},{"floor":11.0,"key":"Shovel"},{"floor":12.0,"key":"Paper Frog"},{"floor":24.0,"key":"Ginger"},{"floor":26.0,"key":"Juzu Bracelet"},{"floor":28.0,"key":"Centennial Puzzle"},{"floor":31.0,"key":"Potion Belt"},{"floor":32.0,"key":"Letter Opener"},{"floor":38.0,"key":"Prayer Wheel"},{"floor":40.0,"key":"Magic Flower"},{"floor":41.0,"key":"Unceasing Top"},{"floor":44.0,"key":"Peace Pipe"},{"floor":47.0,"key":"Strawberry"},{"floor":49.0,"key":"Ornamental Fan"},{"floor":55.0,"key":"Mercury Hourglass"}],"event_choices":[{"damage_healed":0.0,"max_hp_gain":0.0,"max_hp_loss":7.0,"gold_gain":0.0,"event_name":"Golden Idol","player_choice":"Lose Max HP","floor":2.0,"gold_loss":0.0,"damage_taken":0.0,"relics_obtained":["Golden Idol"]},{"damage_healed":0.0,"max_hp_gain":0.0,"max_hp_loss":0.0,"gold_gain":0.0,"event_name":"Shining Light","player_choice":"Entered Light","floor":14.0,"gold_loss":0.0,"damage_taken":24.0,"cards_upgraded":["Strike_R","True Grit"]},{"cards_removed":["Strike_R"],"damage_healed":0.0,"max_hp_gain":0.0,"max_hp_loss":0.0,"gold_gain":0.0,"event_name":"Wheel of Change","player_choice":"Card Removal","floor":19.0,"gold_loss":0.0,"damage_taken":0.0},{"damage_healed":0.0,"max_hp_gain":0.0,"max_hp_loss":0.0,"gold_gain":0.0,"event_name":"Colosseum","player_choice":"Fight","floor":22.0,"gold_loss":0.0,"damage_taken":0.0},{"damage_healed":0.0,"max_hp_gain":0.0,"max_hp_loss":0.0,"gold_gain":0.0,"event_name":"Colosseum","player_choice":"Fled From Nobs","floor":22.0,"gold_loss":0.0,"damage_taken":0.0},{"damage_healed":0.0,"max_hp_gain":0.0,"max_hp_loss":0.0,"gold_gain":0.0,"event_name":"The Mausoleum","player_choice":"Ignored","floor":29.0,"gold_loss":0.0,"damage_taken":0.0},{"damage_healed":0.0,"max_hp_gain":0.0,"max_hp_loss":0.0,"gold_gain":0.0,"cards_transformed":["Fiend Fire","Defend_R"],"event_name":"Designer","player_choice":"Transformed Cards","floor":30.0,"gold_loss":75.0,"damage_taken":0.0,"cards_obtained":["Pommel Strike","Bloodletting"]},{"damage_healed":0.0,"max_hp_gain":0.0,"max_hp_loss":0.0,"gold_gain":333.0,"event_name":"The Moai Head","player_choice":"Gave Idol","floor":37.0,"relics_lost":["Golden Idol"],"gold_loss":0.0,"damage_taken":0.0},{"damage_healed":0.0,"max_hp_gain":0.0,"max_hp_loss":0.0,"gold_gain":0.0,"event_name":"MindBloom","player_choice":"Fight","floor":38.0,"gold_loss":0.0,"damage_taken":0.0},{"damage_healed":0.0,"max_hp_gain":0.0,"max_hp_loss":0.0,"gold_gain":0.0,"event_name":"SecretPortal","player_choice":"Ignored","floor":39.0,"gold_loss":0.0,"damage_taken":0.0},{"cards_removed":["Pommel Strike"],"damage_healed":0.0,"max_hp_gain":0.0,"max_hp_loss":0.0,"gold_gain":0.0,"event_name":"Falling","player_choice":"Removed Attack","floor":45.0,"gold_loss":0.0,"damage_taken":0.0}],"is_beta":false,"boss_relics":[{"not_picked":["Runic Pyramid","Orrery"],"picked":"Sozu"},{"not_picked":["Cursed Key","Lizard Tail"],"picked":"Snecko Eye"}],"items_purged_floors":[],"is_endless":false,"potions_floor_spawned":[1,6,8,21,31,35,40,55],"killed_by":"The Heart","ascension_level":20}