{"gold_per_floor":[119,9,23,23,40,70,70,70,116,154,86,99,99,114,114,114],"floor_reached":16,"playtime":407,"items_purged":[],"score":220,"play_id":"5ab18098-5c17-4dd6-8271-179b8ad0571e","local_time":"20190210203635","is_ascension_mode":true,"campfire_choices":[{"data":"Zap","floor":7,"key":"SMITH"},{"floor":15,"key":"REST"}],"neow_cost":"NONE","seed_source_timestamp":440761890618200,"circlet_count":0,"master_deck":["AscendersBane","Strike_B","Strike_B","Strike_B","Defend_B","Defend_B","Defend_B","Zap+1","Dualcast","Beam Cell","Self Repair","Gash","Consume","Capacitor"],"relics":["Cracked Core","Potion Belt","Strawberry","Golden Idol","Centennial Puzzle","Bottled Tornado"],"potions_floor_usage":[10,14,16,16],"damage_taken":[{"damage":2,"enemies":"Jaw Worm","floor":1,"turns":3},{"damage":1,"enemies":"Cultist","floor":3,"turns":3},{"damage":0,"enemies":"Small Slimes","floor":5,"turns":2},{"damage":40,"enemies":"Lagavulin","floor":6,"turns":5},{"damage":39,"enemies":"Gremlin Nob","floor":10,"turns":4},{"damage":7,"enemies":"2 Fungi Beasts","floor":12,"turns":4},{"damage":0,"enemies":"Lots of Slimes","floor":14,"turns":2},{"damage":25,"enemies":"The Guardian","floor":16,"turns":6}],"seed_played":"-6220646562439589657","potions_obtained":[{"floor":6,"key":"Block Potion"},{"floor":14,"key":"Strength Potion"}],"is_trial":false,"path_per_floor":["M","$","M","?","M","E","R","?","T","E","?","M","?","M","R","B"],"character_chosen":"DEFECT","items_purchased":["PowerPotion","Explosive Potion"],"campfire_rested":1,"item_purchase_floors":[2,2],"current_hp_per_floor":[62,62,61,61,68,42,42,42,42,10,10,10,3,10,31,6],"gold":114,"neow_bonus":"RANDOM_COMMON_RELIC","is_prod":false,"is_daily":false,"chose_seed":false,"campfire_upgraded":1,"win_rate":0,"timestamp":1549798595,"path_taken":["M","$","M","?","?","E","R","?","T","E","?","M","?","M","R","BOSS"],"build_version":"2019-01-23","purchased_purges":0,"victory":false,"max_hp_per_floor":[71,71,71,71,71,78,78,71,71,71,71,71,71,71,71,71],"card_choices":[{"not_picked":["Stack","Recycle"],"picked":"Beam Cell","floor":1},{"not_picked":["Auto Shields","Conserve Battery"],"picked":"Self Repair","floor":3},{"not_picked":["Compile Driver","Skim","Barrage"],"picked":"SKIP","floor":5},{"not_picked":["Aggregate","Storm"],"picked":"Gash","floor":6},{"not_picked":["Ball Lightning","Seek"],"picked":"Consume","floor":10},{"not_picked":["Stack","Steam","Ball Lightning"],"picked":"SKIP","floor":12},{"not_picked":["Leap","Ball Lightning"],"picked":"Capacitor","floor":14}],"player_experience":1500229,"relics_obtained":[{"floor":6,"key":"Strawberry"},{"floor":9,"key":"Centennial Puzzle"},{"floor":10,"key":"Bottled Tornado"}],"event_choices":[{"cards_removed":["Defend_B"],"damage_healed":0,"gold_gain":0,"player_choice":"Offered Basic","damage_taken":0,"max_hp_gain":0,"max_hp_loss":0,"event_name":"Bonfire Elementals","floor":4,"gold_loss":0},{"damage_healed":0,"gold_gain":0,"player_choice":"Lose Max HP","damage_taken":0,"relics_obtained":["Golden Idol"],"max_hp_gain":0,"max_hp_loss":7,"event_name":"Golden Idol","floor":8,"gold_loss":0},{"damage_healed":0,"gold_gain":0,"player_choice":"Left Gold","damage_taken":0,"max_hp_gain":0,"max_hp_loss":0,"event_name":"World of Goop","floor":11,"gold_loss":68},{"cards_removed":["Strike_B"],"damage_healed":0,"gold_gain":0,"player_choice":"Card Removal","damage_taken":7,"max_hp_gain":0,"max_hp_loss":0,"event_name":"Golden Wing","floor":13,"gold_loss":0}],"is_beta":false,"boss_relics":[],"items_purged_floors":[],"is_endless":false,"potions_floor_spawned":[6,14],"killed_by":"The Guardian","ascension_level":20}