{"gold_per_floor":[216,216,229,248,258,291,291,14,14,34,45,45,45,56,56,152,152,169,240,254,254,265,265,225,225,225,225,28,28,28,44,44,44],"floor_reached":33,"playtime":1442,"items_purged":["Defend_R"],"score":396,"play_id":"9fb0d1bd-b062-4f01-85b4-537334bfc6b4","local_time":"20180720213831","is_ascension_mode":true,"campfire_choices":[{"floor":7,"key":"REST"},{"data":"Iron Wave","floor":13,"key":"SMITH"},{"data":"Iron Wave","floor":15,"key":"SMITH"},{"floor":23,"key":"REST"},{"floor":25,"key":"REST"},{"data":"Clash","floor":27,"key":"SMITH"},{"data":"Clash","floor":29,"key":"SMITH"},{"floor":32,"key":"REST"}],"neow_cost":"NONE","seed_source_timestamp":1299064387588541,"circlet_count":0,"master_deck":["Strike_R","Strike_R","Strike_R","Strike_R","Defend_R","Defend_R","Defend_R","Bash","AscendersBane","Clash+1","Iron Wave+1","Clash+1","Iron Wave+1","Anger","Flex","Anger","Clash","Anger","Clash"],"relics":["Burning Blood","Potion Belt","Kunai","Lizard Tail","Paper Frog","NlothsMask","Orichalcum"],"potions_floor_usage":[4,5,6,6,6,10,11,11,16,16,16,22,22,31,31,31,31],"damage_taken":[{"damage":14,"enemies":"2 Louse","floor":1,"turns":3},{"damage":1,"enemies":"Cultist","floor":3,"turns":4},{"damage":9,"enemies":"Jaw Worm","floor":4,"turns":3},{"damage":4,"enemies":"Red Slaver","floor":5,"turns":3},{"damage":20,"enemies":"Lagavulin","floor":6,"turns":5},{"damage":2,"enemies":"3 Louse","floor":10,"turns":2},{"damage":0,"enemies":"Gremlin Gang","floor":11,"turns":3},{"damage":2,"enemies":"Red Slaver","floor":14,"turns":2},{"damage":50,"enemies":"The Guardian","floor":16,"turns":10},{"damage":3,"enemies":"Spheric Guardian","floor":18,"turns":3},{"damage":23,"enemies":"Shell Parasite","floor":20,"turns":6},{"damage":26,"enemies":"Centurion and Healer","floor":22,"turns":3},{"damage":49,"enemies":"Snecko","floor":31,"turns":6},{"damage":141,"enemies":"Collector","floor":33,"turns":13}],"seed_played":"9132922487549797516","potions_obtained":[{"floor":1,"key":"Poison Potion"},{"floor":2,"key":"LiquidBronze"},{"floor":2,"key":"SkillPotion"},{"floor":5,"key":"EntropicBrew"},{"floor":11,"key":"FearPotion"},{"floor":14,"key":"Explosive Potion"},{"floor":20,"key":"Energy Potion"},{"floor":24,"key":"SkillPotion"},{"floor":24,"key":"Poison Potion"},{"floor":24,"key":"Fruit Juice"}],"is_trial":false,"path_per_floor":["M","?","M","M","M","E","R","$","T","M","M","?","R","M","R","B",null,"M","T","M","?","M","R","?","R","T","R","$","R","$","M","R"],"character_chosen":"IRONCLAD","items_purchased":["AttackPotion","Regen Potion","LiquidBronze","Orichalcum","PowerPotion"],"campfire_rested":4,"item_purchase_floors":[8,8,8,28,28],"current_hp_per_floor":[64,64,69,66,68,54,78,78,78,80,80,80,80,80,80,51,73,76,76,59,59,39,63,63,80,80,80,80,80,80,42,67,0],"gold":44,"neow_bonus":"HUNDRED_GOLD","is_prod":false,"is_daily":false,"chose_seed":false,"campfire_upgraded":4,"win_rate":0,"timestamp":1532111911,"path_taken":["M","?","?","M","M","E","R","$","T","M","M","?","R","?","R","BOSS","M","?","M","?","M","R","?","R","T","R","$","R","?","?","R","BOSS"],"build_version":"2018-07-19v2","purchased_purges":1,"victory":false,"max_hp_per_floor":[80,80,80,80,80,80,80,80,80,80,80,80,80,80,80,80,80,80,80,80,80,80,80,80,80,80,80,80,80,80,85,85,85],"card_choices":[{"not_picked":["Pummel","Rupture"],"picked":"Clash","floor":1},{"not_picked":["Intimidate","Clothesline","Warcry"],"picked":"SKIP","floor":3},{"not_picked":["Headbutt","Rupture"],"picked":"Iron Wave","floor":4},{"not_picked":["Wild Strike","Thunderclap"],"picked":"Clash","floor":5},{"not_picked":["Anger","Seeing Red"],"picked":"Iron Wave","floor":6},{"not_picked":["Flex","Shockwave"],"picked":"Anger","floor":10},{"not_picked":["Perfected Strike","Pommel Strike"],"picked":"Flex","floor":11},{"not_picked":["Armaments","Shrug It Off","Uppercut"],"picked":"SKIP","floor":14},{"not_picked":["Twin Strike","Battle Trance+1","Body Slam"],"picked":"SKIP","floor":18},{"not_picked":["Iron Wave","Shockwave"],"picked":"Clash","floor":20},{"not_picked":["Feed","Intimidate"],"picked":"Anger","floor":22},{"not_picked":["Wild Strike","Cleave+1"],"picked":"Clash","floor":31}],"player_experience":593249,"relics_obtained":[{"floor":6,"key":"Potion Belt"},{"floor":9,"key":"Kunai"},{"floor":19,"key":"Paper Frog"}],"event_choices":[{"event_name":"The Lab","player_choice":"Got Potions","floor":2,"damage_taken":0},{"event_name":"Transmorgrifier","player_choice":"Transform","floor":12,"damage_taken":0},{"event_name":"FaceTrader","player_choice":"Trade","floor":21,"damage_taken":0},{"event_name":"The Woman in Blue","player_choice":"Bought 3 Potions","floor":24,"damage_taken":0}],"is_beta":false,"boss_relics":[{"not_picked":["Mark of Pain","Velvet Choker"],"picked":"Lizard Tail"}],"items_purged_floors":[8],"is_endless":false,"potions_floor_spawned":[1,5,11,14,20],"killed_by":"Collector","ascension_level":10}