{"gold_per_floor":[112,112,112,29,40,40,54,54,54,84,84,84,100,135,135,212,212,229,144,155,155,80,80,80,95,119,119,5,5,21,36,36,36],"floor_reached":33,"playtime":1202,"items_purged":["Strike_B"],"score":556,"play_id":"cc25e71f-4e4c-4003-9d31-078ed4222db2","local_time":"20190304165827","is_ascension_mode":true,"campfire_choices":[{"data":"Barrage","floor":6,"key":"SMITH"},{"data":"Zap","floor":8,"key":"SMITH"},{"data":"Coolheaded","floor":15,"key":"SMITH"},{"data":"Electrodynamics","floor":23,"key":"SMITH"},{"data":"Dualcast","floor":29,"key":"SMITH"},{"floor":32,"key":"REST"}],"neow_cost":"NONE","seed_source_timestamp":232774852064500,"circlet_count":0,"master_deck":["AscendersBane","Strike_B+1","Strike_B","Strike_B+1","Defend_B+1","Defend_B+1","Defend_B+1","Zap+1","Dualcast+1","Coolheaded+1","Barrage+1","Conserve Battery","Self Repair","Cold Snap","Coolheaded+1","Conserve Battery","Electrodynamics+1","Melter+1","FTL","Glacier","Hello World","Darkness","Loop"],"relics":["FrozenCore","NeowsBlessing","Gambling Chip","Shuriken","Whetstone","Potion Belt","Symbiotic Virus","War Paint","Pen Nib","Sundial"],"potions_floor_usage":[10,24,33],"damage_taken":[{"damage":0,"enemies":"2 Louse","floor":1,"turns":1},{"damage":0,"enemies":"Small Slimes","floor":5,"turns":1},{"damage":0,"enemies":"Cultist","floor":7,"turns":1},{"damage":0,"enemies":"3 Sentries","floor":10,"turns":5},{"damage":0,"enemies":"Large Slime","floor":13,"turns":5},{"damage":2,"enemies":"Gremlin Nob","floor":14,"turns":3},{"damage":3,"enemies":"The Guardian","floor":16,"turns":16},{"damage":4,"enemies":"3 Byrds","floor":18,"turns":4},{"damage":19,"enemies":"Shell Parasite","floor":20,"turns":5},{"damage":31,"enemies":"Colosseum Slavers","floor":24,"turns":4},{"damage":14,"enemies":"Snecko","floor":25,"turns":4},{"damage":12,"enemies":"Snake Plant","floor":30,"turns":5},{"damage":15,"enemies":"Centurion and Healer","floor":31,"turns":4},{"damage":17,"enemies":"Automaton","floor":33,"turns":6}],"seed_played":"8251842148909108979","potions_obtained":[{"floor":5,"key":"Weak Potion"},{"floor":13,"key":"SpeedPotion"},{"floor":14,"key":"Weak Potion"},{"floor":20,"key":"Regen Potion"},{"floor":25,"key":"AttackPotion"}],"is_trial":false,"path_per_floor":["M","?","?","$","M","R","M","R","T","E","?","?","M","E","R","B",null,"M","?","M","?","?","R","?","M","T","T","$","R","M","M","R","B"],"character_chosen":"DEFECT","items_purchased":["Barrage","PowerPotion","Hello World"],"campfire_rested":1,"item_purchase_floors":[4,4,28],"current_hp_per_floor":[64,59,38,38,38,38,38,38,38,38,61,61,68,71,71,71,71,67,67,55,55,55,55,43,36,36,36,36,36,31,23,44,27],"gold":36,"neow_bonus":"THREE_ENEMY_KILL","is_prod":false,"is_daily":false,"chose_seed":false,"campfire_upgraded":5,"win_rate":0,"timestamp":1551686307,"path_taken":["M","?","?","$","M","R","M","R","T","E","?","?","?","E","R","BOSS","M","?","M","?","?","R","?","M","T","?","$","R","?","M","R","BOSS"],"build_version":"2019-01-23","purchased_purges":1,"victory":false,"max_hp_per_floor":[71,71,71,71,71,71,71,71,71,71,71,71,71,71,71,71,71,71,71,71,71,71,71,71,71,71,71,71,71,71,71,71,71],"card_choices":[{"not_picked":["Leap","Hologram"],"picked":"Coolheaded","floor":1},{"not_picked":["Scrape","Aggregate"],"picked":"Conserve Battery","floor":5},{"not_picked":["Streamline","Sweeping Beam"],"picked":"Self Repair","floor":7},{"not_picked":["Compile Driver","Melter"],"picked":"Cold Snap","floor":10},{"not_picked":["Compile Driver","FTL"],"picked":"Coolheaded","floor":13},{"not_picked":["Steam Power","Static Discharge"],"picked":"Conserve Battery","floor":14},{"not_picked":["Hyperbeam","Thunder Strike"],"picked":"Electrodynamics","floor":16},{"not_picked":["Aggregate","Barrage"],"picked":"Melter+1","floor":18},{"not_picked":["Beam Cell","Skim"],"picked":"FTL","floor":20},{"not_picked":["Rip and Tear","Streamline+1"],"picked":"Glacier","floor":25},{"not_picked":["Go for the Eyes","Barrage"],"picked":"Darkness","floor":30},{"not_picked":["Reinforced Body","Conserve Battery"],"picked":"Loop","floor":31}],"player_experience":2003555,"relics_obtained":[{"floor":9,"key":"Shuriken"},{"floor":10,"key":"Whetstone"},{"floor":14,"key":"Potion Belt"},{"floor":26,"key":"Pen Nib"},{"floor":27,"key":"Sundial"}],"event_choices":[{"damage_healed":0,"gold_gain":0,"player_choice":"Success","damage_taken":5,"relics_obtained":["Gambling Chip"],"max_hp_gain":0,"max_hp_loss":0,"event_name":"Scrap Ooze","floor":2,"gold_loss":0},{"damage_healed":0,"gold_gain":0,"player_choice":"Entered Light","damage_taken":21,"max_hp_gain":0,"max_hp_loss":0,"event_name":"Shining Light","floor":3,"gold_loss":0,"cards_upgraded":["Defend_B","Defend_B"]},{"damage_healed":23,"gold_gain":0,"player_choice":"Banana","damage_taken":0,"max_hp_gain":0,"max_hp_loss":0,"event_name":"Big Fish","floor":11,"gold_loss":0},{"cards_removed":["Defend_B"],"damage_healed":0,"gold_gain":0,"player_choice":"Offered Basic","damage_taken":0,"max_hp_gain":0,"max_hp_loss":0,"event_name":"Bonfire Elementals","floor":12,"gold_loss":0},{"damage_healed":0,"gold_gain":0,"player_choice":"Obtained Relic","damage_taken":0,"relics_obtained":["Symbiotic Virus"],"max_hp_gain":0,"max_hp_loss":0,"event_name":"Addict","floor":19,"gold_loss":85},{"damage_healed":0,"gold_gain":0,"player_choice":"Opened","damage_taken":0,"relics_obtained":["War Paint"],"max_hp_gain":0,"max_hp_loss":0,"event_name":"The Mausoleum","floor":21,"gold_loss":0,"cards_obtained":["Writhe"]},{"cards_removed":["Writhe"],"damage_healed":0,"gold_gain":0,"player_choice":"Gave Gold","damage_taken":0,"max_hp_gain":0,"max_hp_loss":0,"event_name":"Beggar","floor":22,"gold_loss":75},{"damage_healed":0,"gold_gain":0,"player_choice":"Fight","damage_taken":0,"max_hp_gain":0,"max_hp_loss":0,"event_name":"Colosseum","floor":24,"gold_loss":0},{"damage_healed":0,"gold_gain":0,"player_choice":"Fled From Nobs","damage_taken":0,"max_hp_gain":0,"max_hp_loss":0,"event_name":"Colosseum","floor":24,"gold_loss":0}],"is_beta":false,"boss_relics":[{"not_picked":["Eternal Feather","Runic Pyramid"],"picked":"FrozenCore"}],"items_purged_floors":[28],"is_endless":false,"potions_floor_spawned":[5,13,14,20,24,25,30],"killed_by":"Automaton","ascension_level":20}