{"path_per_floor":["M","?","M","M","$","R","?","M","T","M","M","R","M","M","R","B",null,"M","?","$","M","M","E","M"],"character_chosen":"IRONCLAD","items_purchased":["Anchor","Blood for Blood","Mummified Hand","Shrug It Off"],"gold_per_floor":[369,369,392,413,102,102,168,186,213,231,244,244,269,282,282,412,412,431,431,169,185,200,241,254],"floor_reached":25,"campfire_rested":0,"playtime":2990,"current_hp_per_floor":[58,58,72,72,72,72,72,56,56,59,71,71,67,72,72,36,63,55,55,55,49,35,32,12],"items_purged":["Injury"],"gold":254,"score":274,"play_id":"3be6a6b6-2732-41c0-848d-e036553e20e2","local_time":"20180305203701","is_prod":false,"is_daily":false,"is_ascension_mode":true,"campfire_upgraded":3,"timestamp":1520275021,"path_taken":["M","?","?","M","$","R","?","M","T","M","M","R","M","M","R","BOSS","M","?","$","M","?","E","M","M"],"build_version":"2018-03-01-PROD1","purchased_purges":1,"victory":false,"master_deck":["Strike_R","Strike_R","Strike_R","Strike_R","Defend_R","Defend_R","Defend_R","Defend_R","Bash","Flame Barrier+1","Inflame","Clash","Blood for Blood+1","Perfected Strike","Metallicize+1","Entrench","Feed","Sentinel","Shrug It Off","Feel No Pain","Armaments","Armaments"],"max_hp_per_floor":[72,72,72,72,72,72,72,72,72,72,72,72,72,72,72,72,72,72,72,72,72,72,75,78],"relics":["Burning Blood","Golden Idol","Anchor","Oddly Smooth Stone","Black Star","Mummified Hand","Shuriken","Self Forming Clay"],"card_choices":[{"not_picked":["Iron Wave","Pommel Strike"],"picked":"Flame Barrier"},{"not_picked":["Thunderclap","Iron Wave"],"picked":"Inflame"},{"not_picked":["Sever Soul","Feel No Pain"],"picked":"Clash"},{"not_picked":["Iron Wave","Warcry"],"picked":"Perfected Strike"},{"not_picked":["Heavy Blade","Thunderclap"],"picked":"Metallicize"},{"not_picked":["Thunderclap","Anger"],"picked":"Entrench"},{"not_picked":["Limit Break","Exhume"],"picked":"Feed"},{"not_picked":["Pommel Strike","Sword Boomerang"],"picked":"Sentinel"},{"not_picked":["Reckless Charge","Twin Strike"],"picked":"Feel No Pain"},{"not_picked":["Searing Blow","Warcry"],"picked":"Armaments"},{"not_picked":["Cleave","Perfected Strike"],"picked":"Armaments"}],"player_experience":244897,"potions_floor_usage":[3,11,22,22,22,23,24,25],"damage_taken":[{"damage":20,"enemies":"Small Slimes","floor":1,"turns":3},{"damage":1,"enemies":"Cultist","floor":3,"turns":4},{"damage":6,"enemies":"2 Louse","floor":4,"turns":4},{"damage":22,"enemies":"Exordium Thugs","floor":8,"turns":5},{"damage":3,"enemies":"Red Slaver","floor":10,"turns":3},{"damage":0,"enemies":"2 Fungi Beasts","floor":11,"turns":3},{"damage":10,"enemies":"Exordium Thugs","floor":13,"turns":4},{"damage":0,"enemies":"Looter","floor":14,"turns":3},{"damage":42,"enemies":"The Guardian","floor":16,"turns":12},{"damage":14,"enemies":"Chosen","floor":18,"turns":6},{"damage":12,"enemies":"Shell Parasite","floor":21,"turns":12},{"damage":20,"enemies":"Centurion and Healer","floor":22,"turns":5},{"damage":12,"enemies":"Slavers","floor":23,"turns":8},{"damage":29,"enemies":"3 Cultists","floor":24,"turns":7},{"damage":32,"enemies":"Cultist and Chosen","floor":25,"turns":11}],"event_choices":[{"event_name":"Golden Idol","player_choice":"Take Wound","floor":2,"damage_taken":0},{"event_name":"Golden Wing","player_choice":"Gained Gold","floor":7,"damage_taken":0},{"event_name":"Purifier","player_choice":"One Purge","floor":19,"damage_taken":0}],"boss_relics":[{"not_picked":["Question Card","Velvet Choker"],"picked":"Black Star"}],"potions_floor_spawned":[1,10,13,16,18,22,23,24],"seed_played":"-6095544554317012806","killed_by":"Cultist and Chosen","ascension_level":5,"is_trial":false}