{"gold_per_floor":[186,186,221,246,277,277,178,178,206,236,266,266,34,34,61,89,89],"floor_reached":17,"playtime":618,"items_purged":["Strike_R","Strike_R"],"score":530,"play_id":"f1025500-0612-4c83-9236-3f3d73b0d513","local_time":"20190404213305","daily_mods":["Uncertain Future"],"is_ascension_mode":true,"campfire_choices":[{"data":"Fiend Fire","floor":2,"key":"SMITH"},{"data":"Immolate","floor":8,"key":"SMITH"},{"data":"Body Slam","floor":14,"key":"SMITH"}],"neow_cost":"","seed_source_timestamp":0,"circlet_count":0,"master_deck":["AscendersBane","Strike_R","Strike_R","Strike_R","Defend_R","Defend_R","Defend_R","Defend_R","Bash","Fiend Fire+1","Master of Strategy","Shrug It Off","Battle Trance","Impervious","Exhume","Immolate+1","Rampage","Second Wind","Body Slam+1","Entrench","Rage","Armaments"],"relics":["Burning Blood","Black Star","Sling","PreservedInsect","Bag of Preparation","Chemical X","Oddly Smooth Stone","Shuriken","Letter Opener","Du-Vu Doll","Potion Belt","Mercury Hourglass","Orrery","Mummified Hand","Omamori","Unceasing Top","Orichalcum","Ginger","Ancient Tea Set","Runic Dome","Pear","Red Skull","Anchor","Self Forming Clay"],"potions_floor_usage":[10,11,17],"damage_taken":[{"damage":0,"enemies":"Lagavulin","floor":3,"turns":2},{"damage":0,"enemies":"Gremlin Nob","floor":4,"turns":1},{"damage":15,"enemies":"3 Sentries","floor":5,"turns":6},{"damage":5,"enemies":"Book of Stabbing","floor":9,"turns":2},{"damage":0,"enemies":"Gremlin Leader","floor":10,"turns":2},{"damage":13,"enemies":"Slavers","floor":11,"turns":2},{"damage":0,"enemies":"Reptomancer","floor":15,"turns":3},{"damage":41,"enemies":"Nemesis","floor":16,"turns":7},{"damage":59,"enemies":"Giant Head","floor":17,"turns":7}],"seed_played":"336796169049608775","potions_obtained":[{"floor":4,"key":"Block Potion"},{"floor":10,"key":"LiquidBronze"},{"floor":11,"key":"LiquidBronze"},{"floor":16,"key":"Weak Potion"}],"is_trial":true,"path_per_floor":["$","R","E","E","E","T","$","R","E","E","E","T","$","R","E","E","E"],"character_chosen":"IRONCLAD","items_purchased":["Bag of Preparation","Fiend Fire","Chemical X","Master of Strategy","Shrug It Off","Fire Potion","Rampage","Rage","Fire Potion"],"campfire_rested":0,"item_purchase_floors":[1,1,1,1,1,7,7,13,13],"current_hp_per_floor":[68,68,74,75,66,66,66,66,67,73,66,66,66,66,82,47,0],"gold":89,"neow_bonus":"","is_prod":false,"is_daily":false,"chose_seed":false,"campfire_upgraded":3,"win_rate":0,"timestamp":1554381185,"path_taken":["$","R","E","E","E","T","$","R","E","E","E","T","$","R","E","E","E"],"build_version":"2019-01-23","purchased_purges":2,"victory":false,"max_hp_per_floor":[75,75,75,75,75,75,75,75,75,75,75,75,75,75,85,85,85],"card_choices":[{"not_picked":["Inflame","Evolve"],"picked":"Battle Trance","floor":3},{"not_picked":["Rage","Clothesline","Havoc"],"picked":"SKIP","floor":4},{"not_picked":["Anger","Pommel Strike"],"picked":"Impervious","floor":5},{"not_picked":["Cleave","Rage"],"picked":"Exhume","floor":6},{"not_picked":["Havoc","Flex"],"picked":"Immolate","floor":6},{"not_picked":["True Grit","Havoc"],"picked":"Second Wind","floor":9},{"not_picked":["True Grit","Warcry"],"picked":"Body Slam","floor":10},{"not_picked":["Headbutt","Impervious"],"picked":"Entrench","floor":11},{"not_picked":["Dropkick","Warcry","Metallicize"],"picked":"SKIP","floor":15},{"not_picked":["Inflame","Burning Pact"],"picked":"Armaments","floor":16}],"player_experience":2876290,"relics_obtained":[{"floor":3,"key":"Oddly Smooth Stone"},{"floor":3,"key":"Shuriken"},{"floor":4,"key":"Letter Opener"},{"floor":4,"key":"Du-Vu Doll"},{"floor":5,"key":"Potion Belt"},{"floor":5,"key":"Mercury Hourglass"},{"floor":9,"key":"Mummified Hand"},{"floor":9,"key":"Omamori"},{"floor":10,"key":"Unceasing Top"},{"floor":10,"key":"Orichalcum"},{"floor":11,"key":"Ginger"},{"floor":11,"key":"Ancient Tea Set"},{"floor":15,"key":"Pear"},{"floor":15,"key":"Red Skull"},{"floor":16,"key":"Anchor"},{"floor":16,"key":"Self Forming Clay"}],"event_choices":[],"is_beta":false,"boss_relics":[{"not_picked":["Eternal Feather","Lizard Tail"],"picked":"Orrery"},{"not_picked":["Runic Pyramid","Tiny House"],"picked":"Runic Dome"}],"items_purged_floors":[1,13],"is_endless":false,"potions_floor_spawned":[4,10,11,16],"killed_by":"Giant Head","ascension_level":20}