{"gold_per_floor":[111,22,33,33,46,46,78,78,78,94,106,135,135,147,147,147],"floor_reached":16,"playtime":408,"items_purged":[],"score":224,"play_id":"d0d4777b-5d67-4c33-95fd-4e8e5ef226b1","local_time":"20190206113944","is_ascension_mode":true,"campfire_choices":[{"data":"Streamline","floor":6,"key":"SMITH"},{"data":"Sunder","floor":13,"key":"SMITH"},{"floor":15,"key":"REST"}],"neow_cost":"NONE","seed_source_timestamp":62950817897900,"circlet_count":0,"master_deck":["AscendersBane","Strike_B","Strike_B","Strike_B","Defend_B","Defend_B","Defend_B","Zap","Dualcast","Bandage Up","Streamline+1","Sunder+1","Capacitor","Defragment","Self Repair"],"relics":["Cracked Core","NeowsBlessing","Question Card","Juzu Bracelet","Vajra"],"potions_floor_usage":[7,10,14],"damage_taken":[{"damage":0,"enemies":"Cultist","floor":1,"turns":1},{"damage":0,"enemies":"Small Slimes","floor":3,"turns":1},{"damage":0,"enemies":"2 Louse","floor":5,"turns":1},{"damage":8,"enemies":"Gremlin Nob","floor":7,"turns":3},{"damage":13,"enemies":"Gremlin Gang","floor":10,"turns":3},{"damage":6,"enemies":"Looter","floor":11,"turns":2},{"damage":35,"enemies":"Lagavulin","floor":12,"turns":5},{"damage":8,"enemies":"Red Slaver","floor":14,"turns":3},{"damage":18,"enemies":"Slime Boss","floor":16,"turns":6}],"seed_played":"-5385009686957243533","potions_obtained":[{"floor":1,"key":"Block Potion"},{"floor":5,"key":"AttackPotion"},{"floor":11,"key":"Swift Potion"},{"floor":14,"key":"SpeedPotion"}],"is_trial":false,"path_per_floor":["M","$","M","?","M","R","E","?","T","M","M","E","R","M","R","B"],"character_chosen":"DEFECT","items_purchased":["Bandage Up"],"campfire_rested":1,"item_purchase_floors":[2],"current_hp_per_floor":[64,64,64,64,68,68,63,56,56,47,41,10,10,6,27,13],"gold":147,"neow_bonus":"THREE_ENEMY_KILL","is_prod":false,"is_daily":false,"chose_seed":false,"campfire_upgraded":2,"win_rate":0,"timestamp":1549420784,"path_taken":["M","$","M","?","?","R","E","?","T","M","M","E","R","M","R","BOSS"],"build_version":"2019-01-23","purchased_purges":0,"victory":false,"max_hp_per_floor":[71,71,71,71,71,71,71,71,71,71,71,71,71,71,71,71],"card_choices":[{"not_picked":["Go for the Eyes","Sweeping Beam","Doom and Gloom"],"picked":"SKIP","floor":1},{"not_picked":["Leap","Go for the Eyes"],"picked":"Streamline","floor":3},{"not_picked":["Stack","Reprogram","Undo"],"picked":"SKIP","floor":5},{"not_picked":["Recycle","Turbo"],"picked":"Sunder","floor":7},{"not_picked":["Stack","Storm","Compile Driver"],"picked":"Capacitor","floor":10},{"not_picked":["Barrage","Storm","Static Discharge"],"picked":"Defragment","floor":11},{"not_picked":["Heatsinks","Go for the Eyes","Rip and Tear","Sunder"],"picked":"SKIP","floor":12},{"not_picked":["All For One","Redo","Compile Driver"],"picked":"Self Repair","floor":14}],"player_experience":1398167,"relics_obtained":[{"floor":7,"key":"Question Card"},{"floor":9,"key":"Juzu Bracelet"},{"floor":12,"key":"Vajra"}],"event_choices":[{"cards_removed":["Defend_B"],"damage_healed":0,"gold_gain":0,"player_choice":"Purged","damage_taken":0,"max_hp_gain":0,"max_hp_loss":0,"event_name":"Purifier","floor":4,"gold_loss":0},{"cards_removed":["Strike_B"],"damage_healed":0,"gold_gain":0,"player_choice":"Card Removal","damage_taken":7,"max_hp_gain":0,"max_hp_loss":0,"event_name":"Golden Wing","floor":8,"gold_loss":0}],"is_beta":false,"boss_relics":[],"items_purged_floors":[],"is_endless":false,"potions_floor_spawned":[1,5,11,14],"killed_by":"Slime Boss","ascension_level":20}