{"path_per_floor":["M","$","M","M","M","E","M","R","T","R","?","E","R","M","R","B",null,"M","$","M","$","M","R","E","M","T","R","M","E","R","?","R","B",null,"M","?","M","?","$","E","M","$","T","R","E","M","E","?","R","B"],"character_chosen":"DEFECT","items_purchased":["Defragment","Leap+1","Glacier+1","Storm+1","Glacier+1"],"gold_per_floor":[119,9,22,37,55,84,104,104,104,104,104,138,138,148,148,246,246,264,164,178,3,19,19,53,72,72,72,91,116,116,31,31,131,131,146,195,205,205,128,158,178,40,40,40,72,84,109,109,109,109],"floor_reached":51,"campfire_rested":6,"playtime":3004,"item_purchase_floors":[2,21,39,42,42],"current_hp_per_floor":[68,68,68,68,61,52,51,51,51,51,51,56,56,53,53,48,76,54,54,48,48,48,73,52,52,52,77,77,77,85,85,85,82,84,80,80,80,80,80,44,45,45,45,70,72,72,74,68,93,93],"items_purged":["Stack+1","Strike_B","Strike_B"],"gold":109,"score":1254,"play_id":"5ba13688-0778-46ec-ac01-412e299eb7e1","local_time":"20180620124236","is_prod":false,"is_daily":false,"chose_seed":false,"is_ascension_mode":true,"campfire_upgraded":4,"win_rate":0,"timestamp":1529469756,"campfire_choices":[{"data":"Defragment","floor":8,"key":"SMITH"},{"data":"Blizzard","floor":10,"key":"SMITH"},{"data":"Loop","floor":13,"key":"SMITH"},{"data":"Zap","floor":15,"key":"SMITH"},{"floor":23,"key":"REST"},{"floor":27,"key":"REST"},{"floor":30,"key":"REST"},{"floor":32,"key":"REST"},{"floor":44,"key":"REST"},{"floor":49,"key":"REST"}],"path_taken":["M","$","M","?","M","E","M","R","T","R","?","E","R","?","R","BOSS","M","$","M","$","M","R","E","M","T","R","M","E","R","?","R","BOSS","M","?","M","?","$","E","M","$","T","R","E","M","E","?","R","BOSS"],"build_version":"2018-06-19","seed_source_timestamp":2073199437881234,"purchased_purges":3,"circlet_count":0,"victory":true,"master_deck":["Defend_B","Defend_B","Defend_B","Zap+1","Dualcast","FTL+1","Glacier+1","Streamline+1","Defragment+1","Loop+1","Hologram+1","Tempest+1","Electrodynamics+1","BootSequence+1","Skim+1","Leap+1","Coolheaded+1","Reinforced Body+1","Tempest+1","Loop+1","Amplify+1","Creative AI+1","Glacier+1","Storm+1","Glacier+1","White Noise+1","Madness+1"],"max_hp_per_floor":[75,75,75,75,75,75,75,75,75,75,75,85,85,85,85,85,85,85,85,85,85,85,85,85,85,85,85,85,85,85,85,85,85,85,85,85,85,85,85,85,85,85,85,85,87,87,89,93,93,93],"relics":["Astrolabe","Toxic Egg 2","Frozen Egg 2","Pear","Fusion Hammer","Toolbox","Art of War","Mummified Hand","Happy Flower","Busted Crown","Incense Burner","Meat on the Bone","Juzu Bracelet","Singing Bowl","Calipers"],"card_choices":[{"not_picked":["Chaos","Coolheaded"],"picked":"Streamline","floor":1},{"not_picked":["Turbo","Rebound"],"picked":"Loop","floor":3},{"not_picked":["Gash","Streamline"],"picked":"Blizzard","floor":4},{"not_picked":["Leap","Double Energy","Conserve Battery"],"picked":"SKIP","floor":5},{"not_picked":["Auto Shields","Steam","Gash"],"picked":"SKIP","floor":6},{"not_picked":["Gash","BootSequence+1"],"picked":"Hologram+1","floor":7},{"not_picked":["Cold Snap","Barrage"],"picked":"Tempest+1","floor":12},{"not_picked":["Hologram+1","Gash","Beam Cell"],"picked":"SKIP","floor":14},{"not_picked":["Amplify+1","All For One"],"picked":"Electrodynamics+1","floor":16},{"not_picked":["Compile Driver","Tempest+1"],"picked":"BootSequence+1","floor":18},{"not_picked":["Hologram+1","Sweeping Beam+1"],"picked":"Skim+1","floor":20},{"not_picked":["Cold Snap","Seek+1"],"picked":"Coolheaded+1","floor":22},{"not_picked":["Turbo+1","Coolheaded+1"],"picked":"Reinforced Body+1","floor":24},{"not_picked":["Steam+1","Loop+1"],"picked":"Tempest+1","floor":25},{"not_picked":["Redo+1","Leap+1"],"picked":"Loop+1","floor":28},{"not_picked":["Redo+1","Leap+1"],"picked":"Amplify+1","floor":29},{"not_picked":["Amplify+1","Electrodynamics+1"],"picked":"Creative AI+1","floor":33},{"not_picked":["Hello World+1"],"picked":"SKIP","floor":35},{"not_picked":["Turbo+1"],"picked":"SKIP","floor":37},{"not_picked":["Cold Snap"],"picked":"SKIP","floor":40},{"not_picked":["Gash+1"],"picked":"SKIP","floor":41},{"not_picked":["Streamline"],"picked":"Singing Bowl","floor":45},{"not_picked":[],"picked":"White Noise+1","floor":46},{"not_picked":["Hologram+1"],"picked":"Singing Bowl","floor":47},{"not_picked":["Mind Blast"],"picked":"Singing Bowl","floor":48},{"not_picked":["Dramatic Entrance"],"picked":"Singing Bowl","floor":48},{"not_picked":[],"picked":"Madness+1","floor":48}],"player_experience":427640,"potions_floor_usage":[6,7,16,20,24,33,50,50],"damage_taken":[{"damage":0,"enemies":"Cultist","floor":1,"turns":4},{"damage":0,"enemies":"Jaw Worm","floor":3,"turns":5},{"damage":0,"enemies":"2 Louse","floor":4,"turns":4},{"damage":7,"enemies":"Exordium Wildlife","floor":5,"turns":5},{"damage":9,"enemies":"Lagavulin","floor":6,"turns":9},{"damage":1,"enemies":"Looter","floor":7,"turns":4},{"damage":5,"enemies":"3 Sentries","floor":12,"turns":7},{"damage":3,"enemies":"Blue Slaver","floor":14,"turns":4},{"damage":5,"enemies":"The Guardian","floor":16,"turns":9},{"damage":22,"enemies":"2 Thieves","floor":18,"turns":2},{"damage":6,"enemies":"Spheric Guardian","floor":20,"turns":3},{"damage":0,"enemies":"Snecko","floor":22,"turns":4},{"damage":21,"enemies":"Slavers","floor":24,"turns":2},{"damage":0,"enemies":"Snake Plant","floor":25,"turns":4},{"damage":0,"enemies":"3 Cultists","floor":28,"turns":2},{"damage":0,"enemies":"Book of Stabbing","floor":29,"turns":5},{"damage":3,"enemies":"Champ","floor":33,"turns":11},{"damage":4,"enemies":"3 Darklings","floor":35,"turns":3},{"damage":0,"floor":36,"turns":3},{"damage":0,"enemies":"Orb Walker","floor":37,"turns":3},{"damage":36,"enemies":"2 Orb Walkers","floor":40,"turns":4},{"damage":11,"enemies":"3 Darklings","floor":41,"turns":3},{"damage":0,"enemies":"Nemesis","floor":45,"turns":5},{"damage":0,"enemies":"4 Shapes","floor":46,"turns":2},{"damage":0,"enemies":"Giant Head","floor":47,"turns":7},{"damage":0,"enemies":"Awakened One","floor":50,"turns":7}],"relics_obtained":[{"floor":6,"key":"Toxic Egg 2"},{"floor":9,"key":"Frozen Egg 2"},{"floor":12,"key":"Pear"},{"floor":24,"key":"Toolbox"},{"floor":26,"key":"Art of War"},{"floor":29,"key":"Mummified Hand"},{"floor":36,"key":"Incense Burner"},{"floor":40,"key":"Meat on the Bone"},{"floor":43,"key":"Juzu Bracelet"},{"floor":45,"key":"Singing Bowl"},{"floor":47,"key":"Calipers"}],"event_choices":[{"event_name":"Accursed Blacksmith","player_choice":"Forge","floor":11,"damage_taken":0},{"event_name":"Addict","player_choice":"Obtained Relic","floor":31,"damage_taken":0},{"event_name":"Mysterious Sphere","player_choice":"Fight","floor":36,"damage_taken":0},{"event_name":"Falling","player_choice":"Removed Attack","floor":38,"damage_taken":0},{"event_name":"SensoryStone","player_choice":"Memory 3","floor":48,"damage_taken":0}],"boss_relics":[{"not_picked":["Philosopher\u0027s Stone","Snecko Eye"],"picked":"Fusion Hammer"},{"not_picked":["Pandora\u0027s Box","Velvet Choker"],"picked":"Busted Crown"}],"items_purged_floors":[2,19,21],"is_endless":false,"potions_floor_spawned":[1,5,7,14,18,22,36,41,45,47],"seed_played":"-3259850352901299834","ascension_level":8,"potions_obtained":[{"floor":1,"key":"AttackPotion"},{"floor":5,"key":"EntropicBrew"},{"floor":14,"key":"Regen Potion"},{"floor":18,"key":"Energy Potion"},{"floor":22,"key":"AttackPotion"},{"floor":36,"key":"Explosive Potion"},{"floor":41,"key":"Dexterity Potion"},{"floor":45,"key":"FocusPotion"}],"is_trial":false}