{"gold_per_floor":[111,131,101,112,37,37,37,37,61,77,103,103,17,31,31,104,104,122,122,142,155,24,59,73,73,73,73,73,105,105,105,105,182,182,182],"floor_reached":35,"playtime":1520,"items_purged":["Strike_R"],"score":786,"play_id":"cafdbd59-5761-41ed-afb9-664408deaa07","local_time":"20190311123247","is_ascension_mode":true,"campfire_choices":[{"data":"Searing Blow","floor":6,"key":"SMITH"},{"data":"Searing Blow+1","floor":8,"key":"SMITH"},{"data":"Armaments","floor":12,"key":"SMITH"},{"data":"Shockwave","floor":15,"key":"SMITH"},{"data":"Armaments","floor":25,"key":"SMITH"},{"floor":27,"key":"REST"},{"data":"Barricade","floor":30,"key":"SMITH"},{"data":"Searing Blow+2","floor":32,"key":"SMITH"}],"neow_cost":"NONE","seed_source_timestamp":179996859857000,"circlet_count":0,"master_deck":["AscendersBane","Strike_R","Defend_R","Defend_R+1","Defend_R+1","Defend_R","Bash","Searing Blow+3","Second Wind","Shockwave+1","Armaments+1","Evolve","Entrench","Barricade+1","Sever Soul","Pommel Strike","Headbutt","Armaments+1","Disarm","Ghostly","Ghostly","Ghostly","Entrench","Immolate+1","Disarm"],"relics":["Burning Blood","NeowsBlessing","Red Skull","Lantern","Busted Crown","War Paint","Molten Egg 2","Orrery"],"potions_floor_usage":[11,11,16,20,23,29,33],"damage_taken":[{"damage":0,"enemies":"Jaw Worm","floor":1,"turns":1},{"damage":0,"enemies":"Cultist","floor":2,"turns":1},{"damage":0,"enemies":"2 Louse","floor":4,"turns":1},{"damage":46,"enemies":"Exordium Thugs","floor":10,"turns":10},{"damage":29,"enemies":"3 Sentries","floor":11,"turns":8},{"damage":1,"enemies":"Red Slaver","floor":14,"turns":3},{"damage":17,"enemies":"Hexaghost","floor":16,"turns":9},{"damage":1,"enemies":"Spheric Guardian","floor":18,"turns":14},{"damage":9,"enemies":"3 Byrds","floor":20,"turns":4},{"damage":20,"enemies":"Centurion and Healer","floor":21,"turns":7},{"damage":35,"enemies":"Book of Stabbing","floor":23,"turns":5},{"damage":14,"enemies":"Snake Plant","floor":24,"turns":6},{"damage":26,"enemies":"Gremlin Leader","floor":29,"turns":13},{"damage":18,"enemies":"Champ","floor":33,"turns":17},{"damage":0,"enemies":"3 Shapes","floor":35,"turns":2}],"seed_played":"-1353919552075205726","potions_obtained":[{"floor":2,"key":"Block Potion"},{"floor":3,"key":"Explosive Potion"},{"floor":3,"key":"Regen Potion"},{"floor":14,"key":"Block Potion"},{"floor":16,"key":"LiquidBronze"},{"floor":20,"key":"Poison Potion"},{"floor":29,"key":"Regen Potion"},{"floor":33,"key":"PowerPotion"}],"is_trial":false,"path_per_floor":["M","M","?","M","?","R","$","R","T","M","E","R","$","M","R","B",null,"M","?","M","M","$","E","M","R","T","R","?","E","R","?","R","B",null,"M"],"character_chosen":"IRONCLAD","items_purchased":["Evolve","FearPotion"],"campfire_rested":1,"item_purchase_floors":[13,22],"current_hp_per_floor":[74,75,75,75,75,75,75,75,75,35,27,27,27,32,32,21,62,67,67,64,50,50,21,13,13,13,35,35,15,15,15,15,18,32,32],"gold":182,"neow_bonus":"THREE_ENEMY_KILL","is_prod":false,"is_daily":false,"chose_seed":false,"campfire_upgraded":7,"win_rate":0,"timestamp":1552275167,"path_taken":["M","M","?","?","?","R","?","R","T","?","E","R","$","M","R","BOSS","M","?","M","M","$","E","M","R","T","R","?","E","R","?","R","BOSS","M"],"build_version":"2019-01-23","purchased_purges":1,"victory":false,"max_hp_per_floor":[75,75,75,75,75,75,75,75,75,75,75,75,75,75,75,75,75,75,75,75,75,75,75,75,75,75,75,37,37,37,37,37,37,37,37],"card_choices":[{"not_picked":["Iron Wave","Dual Wield"],"picked":"Searing Blow","floor":1},{"not_picked":["Heavy Blade","Entrench"],"picked":"Second Wind","floor":2},{"not_picked":["Flex","Body Slam","Sword Boomerang"],"picked":"SKIP","floor":4},{"not_picked":["Hemokinesis","Body Slam"],"picked":"Shockwave","floor":10},{"not_picked":["Reckless Charge","Twin Strike"],"picked":"Armaments","floor":11},{"not_picked":["Fiend Fire","Battle Trance"],"picked":"Entrench","floor":14},{"not_picked":["Double Tap","Offering"],"picked":"Barricade","floor":16},{"not_picked":["Dropkick+1"],"picked":"SKIP","floor":18},{"not_picked":[],"picked":"Headbutt","floor":20},{"not_picked":[],"picked":"Armaments","floor":21},{"not_picked":[],"picked":"Disarm","floor":23},{"not_picked":["Fire Breathing"],"picked":"SKIP","floor":24},{"not_picked":["Intimidate"],"picked":"SKIP","floor":29},{"not_picked":[],"picked":"Immolate+1","floor":33},{"not_picked":[],"picked":"Disarm","floor":34}],"player_experience":2171956,"relics_obtained":[{"floor":9,"key":"Red Skull"},{"floor":11,"key":"Lantern"},{"floor":23,"key":"War Paint"},{"floor":29,"key":"Molten Egg 2"}],"event_choices":[{"damage_healed":0,"gold_gain":0,"player_choice":"Bought 2 Potions","damage_taken":0,"max_hp_gain":0,"max_hp_loss":0,"event_name":"The Woman in Blue","floor":3,"gold_loss":0},{"cards_removed":["Strike_R"],"damage_healed":0,"gold_gain":0,"player_choice":"Card Removal","damage_taken":0,"max_hp_gain":0,"max_hp_loss":0,"event_name":"The Cleric","floor":5,"gold_loss":75},{"damage_healed":0,"gold_gain":0,"cards_transformed":["Strike_R","Strike_R"],"player_choice":"Became Test Subject","damage_taken":0,"max_hp_gain":0,"max_hp_loss":0,"event_name":"Drug Dealer","floor":19,"gold_loss":0,"cards_obtained":["Sever Soul","Pommel Strike"]},{"damage_healed":0,"gold_gain":0,"player_choice":"Became a Ghost","damage_taken":0,"max_hp_gain":0,"max_hp_loss":38,"event_name":"Ghosts","floor":28,"gold_loss":0,"cards_obtained":["Ghostly","Ghostly","Ghostly"]},{"damage_healed":0,"gold_gain":0,"player_choice":"Read","damage_taken":0,"max_hp_gain":0,"max_hp_loss":0,"event_name":"The Library","floor":31,"gold_loss":0,"cards_obtained":["Entrench"]}],"is_beta":false,"boss_relics":[{"not_picked":["Fusion Hammer","Black Blood"],"picked":"Busted Crown"},{"not_picked":["Runic Dome","Black Star"],"picked":"Orrery"}],"items_purged_floors":[22],"is_endless":false,"potions_floor_spawned":[2,4,14,16,20,29,33],"killed_by":"3 Shapes","ascension_level":20}