{"gold_per_floor":[11,23,23,23,35,63,63,13,13,25,25,100,126,126,126,126],"floor_reached":16,"playtime":297,"items_purged":[],"score":119,"play_id":"10dd3145-bd41-46a7-9519-b5c96e8a6bfa","local_time":"20190203102520","is_ascension_mode":true,"campfire_choices":[{"floor":11,"key":"REST"},{"data":"Bash","floor":15,"key":"SMITH"}],"neow_cost":"NO_GOLD","seed_source_timestamp":92461462948400,"circlet_count":0,"master_deck":["Strike_R","Strike_R","Strike_R","Strike_R","Defend_R","Defend_R","Defend_R","Defend_R","Bash+1","Good Instincts","Blind","Cleave","Sword Boomerang","Thunderclap","True Grit"],"relics":["Burning Blood","Darkstone Periapt","Gremlin Horn","Mummified Hand","Incense Burner","Bird Faced Urn"],"potions_floor_usage":[10,13],"damage_taken":[{"damage":0,"enemies":"Small Slimes","floor":1,"turns":5},{"damage":2,"enemies":"Cultist","floor":2,"turns":5},{"damage":12,"enemies":"Jaw Worm","floor":5,"turns":2},{"damage":34,"enemies":"3 Sentries","floor":6,"turns":8},{"damage":24,"enemies":"Exordium Thugs","floor":10,"turns":6},{"damage":22,"enemies":"Gremlin Nob","floor":13,"turns":4},{"damage":1,"enemies":"Hexaghost","floor":16,"turns":4}],"seed_played":"-4193066255747431333","potions_obtained":[{"floor":2,"key":"Weak Potion"},{"floor":13,"key":"Ancient Potion"}],"is_trial":false,"path_per_floor":["M","M","?","$","M","E","?","$","T","M","R","?","E","T","R","B"],"character_chosen":"IRONCLAD","items_purchased":["FearPotion"],"campfire_rested":1,"item_purchase_floors":[8],"current_hp_per_floor":[80,80,80,80,74,46,28,28,28,10,34,23,7,7,7,6],"gold":126,"neow_bonus":"RANDOM_COLORLESS_2","is_prod":false,"is_daily":false,"chose_seed":false,"campfire_upgraded":1,"win_rate":0,"timestamp":1549157120,"path_taken":["M","M","?","$","?","E","?","?","T","M","R","?","E","?","R","BOSS"],"build_version":"2019-01-23","purchased_purges":0,"victory":false,"max_hp_per_floor":[80,80,80,80,80,80,80,80,80,80,80,80,80,80,80,80],"card_choices":[{"not_picked":["Twin Strike","Thunderclap","Clothesline"],"picked":"SKIP","floor":1},{"not_picked":["Shrug It Off","Blood for Blood"],"picked":"Cleave","floor":2},{"not_picked":["Sword Boomerang","Shockwave","Dark Embrace"],"picked":"SKIP","floor":5},{"not_picked":["Pommel Strike","Body Slam","Cleave"],"picked":"SKIP","floor":6},{"not_picked":["Iron Wave","Bloodletting"],"picked":"Thunderclap","floor":10},{"not_picked":["Twin Strike","Heavy Blade"],"picked":"True Grit","floor":13}],"player_experience":4794,"relics_obtained":[{"floor":6,"key":"Darkstone Periapt"},{"floor":9,"key":"Mummified Hand"},{"floor":13,"key":"Incense Burner"},{"floor":14,"key":"Bird Faced Urn"}],"event_choices":[{"damage_healed":0,"gold_gain":0,"cards_transformed":["Strike_R"],"player_choice":"Transformed","damage_taken":0,"max_hp_gain":0,"max_hp_loss":0,"event_name":"Transmorgrifier","floor":3,"gold_loss":0,"cards_obtained":["Sword Boomerang"]},{"damage_healed":0,"gold_gain":0,"player_choice":"Success","damage_taken":18,"relics_obtained":["Gremlin Horn"],"max_hp_gain":0,"max_hp_loss":0,"event_name":"Scrap Ooze","floor":7,"gold_loss":0},{"damage_healed":0,"gold_gain":75,"player_choice":"Gather Gold","damage_taken":11,"max_hp_gain":0,"max_hp_loss":0,"event_name":"World of Goop","floor":12,"gold_loss":0}],"is_beta":false,"boss_relics":[],"items_purged_floors":[],"is_endless":false,"potions_floor_spawned":[2,13],"killed_by":"Hexaghost","ascension_level":2}