{"gold_per_floor":[117,77,93,44,67,67,92,102,102,102,118,151,151,164,164,262,262,279,279,279,297,396,396,423,423,423,454,466,23,23,35,35,35],"floor_reached":33,"playtime":859,"items_purged":[],"score":584,"play_id":"f45a72a7-e697-4d1b-aaca-ebd3aee8cede","local_time":"20190203154702","is_ascension_mode":true,"campfire_choices":[{"data":"Whirlwind","floor":6,"key":"SMITH"},{"data":"Whirlwind","floor":10,"key":"SMITH"},{"data":"Feed","floor":13,"key":"SMITH"},{"data":"Bash","floor":15,"key":"SMITH"},{"data":"Barricade","floor":23,"key":"SMITH"},{"floor":30,"key":"DIG"},{"floor":32,"key":"DIG"}],"neow_cost":"NONE","seed_source_timestamp":111199912249200,"circlet_count":0,"master_deck":["Defend_R","Defend_R","Defend_R","Defend_R","Bash+1","Whirlwind+1","Whirlwind+1","Battle Trance","Feed+1","Barricade+1","Barricade+1","Sword Boomerang+1","Rampage+1","Bite+1","Bite","Bite","Bite","Bite","Armaments+1","Body Slam+1","Ghostly","Ghostly","Ghostly","Ghostly","Ghostly","Disarm+1","Shrug It Off","Seeing Red"],"relics":["Burning Blood","NeowsBlessing","Red Skull","Potion Belt","Paper Frog","FossilizedHelix","Astrolabe","Mercury Hourglass","Whetstone","Dream Catcher","Shovel","Blood Vial","Self Forming Clay","Singing Bowl"],"potions_floor_usage":[3,21,21,24,24,27],"damage_taken":[{"damage":0,"enemies":"Jaw Worm","floor":1,"turns":1},{"damage":0,"enemies":"Cultist","floor":3,"turns":1},{"damage":0,"enemies":"Lagavulin","floor":7,"turns":1},{"damage":7,"enemies":"2 Louse","floor":8,"turns":2},{"damage":7,"enemies":"Looter","floor":11,"turns":4},{"damage":20,"enemies":"Gremlin Nob","floor":12,"turns":4},{"damage":15,"enemies":"Exordium Thugs","floor":14,"turns":4},{"damage":0,"enemies":"Slime Boss","floor":16,"turns":6},{"damage":6,"enemies":"3 Byrds","floor":18,"turns":4},{"damage":0,"enemies":"Shell Parasite","floor":21,"turns":2},{"damage":43,"enemies":"Slavers","floor":24,"turns":4},{"damage":19,"enemies":"Book of Stabbing","floor":27,"turns":6},{"damage":1,"enemies":"Snecko","floor":28,"turns":7},{"damage":10,"enemies":"Snake Plant","floor":31,"turns":7},{"damage":48,"enemies":"Automaton","floor":33,"turns":6}],"seed_played":"-4010809758555474050","potions_obtained":[{"floor":2,"key":"SpeedPotion"},{"floor":2,"key":"Ancient Potion"},{"floor":2,"key":"Fruit Juice"},{"floor":3,"key":"Fire Potion"},{"floor":7,"key":"LiquidBronze"},{"floor":12,"key":"Regen Potion"},{"floor":14,"key":"FearPotion"},{"floor":21,"key":"Strength Potion"}],"is_trial":false,"path_per_floor":["M","?","M","$","T","R","E","M","T","R","M","E","R","M","R","B",null,"M","?","?","M","?","R","E","?","T","E","M","$","R","M","R","B"],"character_chosen":"IRONCLAD","items_purchased":["AttackPotion","Shovel","Blood Vial"],"campfire_rested":0,"item_purchase_floors":[4,29,29],"current_hp_per_floor":[78,78,85,85,85,85,85,84,84,84,83,69,69,64,64,70,84,88,65,65,65,65,65,32,32,32,23,32,32,32,30,30,0],"gold":35,"neow_bonus":"THREE_ENEMY_KILL","is_prod":false,"is_daily":false,"chose_seed":false,"campfire_upgraded":5,"win_rate":0,"timestamp":1549176422,"path_taken":["M","?","?","?","?","R","E","?","T","R","M","E","R","?","R","BOSS","M","?","?","?","?","R","E","?","T","E","M","$","R","M","R","BOSS"],"build_version":"2019-01-23","purchased_purges":0,"victory":false,"max_hp_per_floor":[80,80,85,85,85,85,85,85,85,85,85,85,85,89,89,89,89,93,65,65,65,65,65,65,32,32,32,32,32,32,32,32,32],"card_choices":[{"not_picked":["Body Slam","Shockwave","Pommel Strike"],"picked":"SKIP","floor":1},{"not_picked":["Anger","Seeing Red"],"picked":"Whirlwind","floor":3},{"not_picked":["Hemokinesis","Double Tap"],"picked":"Whirlwind","floor":7},{"not_picked":["Pommel Strike","Havoc","Wild Strike"],"picked":"SKIP","floor":8},{"not_picked":["Carnage","Anger"],"picked":"Battle Trance","floor":11},{"not_picked":["Body Slam","Flame Barrier"],"picked":"Feed","floor":12},{"not_picked":["Headbutt","Anger","Iron Wave"],"picked":"SKIP","floor":14},{"not_picked":["Double Tap","Fiend Fire"],"picked":"Barricade","floor":16},{"not_picked":["Bloodletting","Armaments","Heavy Blade+1"],"picked":"SKIP","floor":18},{"not_picked":["Flex","Twin Strike"],"picked":"Armaments+1","floor":21},{"not_picked":["Dual Wield+1","Seeing Red"],"picked":"Body Slam","floor":24},{"not_picked":["Offering","Havoc"],"picked":"Disarm+1","floor":27},{"not_picked":["Pummel+1","Warcry"],"picked":"Shrug It Off","floor":28},{"not_picked":["Anger+1","Pommel Strike"],"picked":"Seeing Red","floor":31}],"player_experience":23205,"relics_obtained":[{"floor":5,"key":"Red Skull"},{"floor":7,"key":"Potion Belt"},{"floor":9,"key":"Paper Frog"},{"floor":12,"key":"FossilizedHelix"},{"floor":24,"key":"Mercury Hourglass"},{"floor":26,"key":"Whetstone"},{"floor":27,"key":"Dream Catcher"},{"floor":30,"key":"Self Forming Clay"},{"floor":32,"key":"Singing Bowl"}],"event_choices":[{"damage_healed":0,"gold_gain":0,"player_choice":"Bought 3 Potions","damage_taken":0,"max_hp_gain":0,"max_hp_loss":0,"event_name":"The Woman in Blue","floor":2,"gold_loss":0},{"damage_healed":0,"gold_gain":0,"player_choice":"Became a vampire","damage_taken":0,"max_hp_gain":0,"max_hp_loss":28,"event_name":"Vampires","floor":19,"gold_loss":0,"cards_obtained":["Bite","Bite","Bite","Bite","Bite"]},{"damage_healed":0,"gold_gain":0,"player_choice":"0 cards matched","damage_taken":0,"max_hp_gain":0,"max_hp_loss":0,"event_name":"Match and Keep!","floor":20,"gold_loss":0,"cards_obtained":[]},{"damage_healed":0,"gold_gain":99,"player_choice":"Stole From Cult","damage_taken":0,"max_hp_gain":0,"max_hp_loss":0,"event_name":"Nest","floor":22,"gold_loss":0},{"damage_healed":0,"gold_gain":0,"player_choice":"Became a Ghost","damage_taken":0,"max_hp_gain":0,"max_hp_loss":33,"event_name":"Ghosts","floor":25,"gold_loss":0,"cards_obtained":["Ghostly","Ghostly","Ghostly","Ghostly","Ghostly"]}],"is_beta":false,"boss_relics":[{"not_picked":["Orrery","Runic Cube"],"picked":"Astrolabe"}],"items_purged_floors":[],"is_endless":false,"potions_floor_spawned":[3,7,12,14,18,21],"killed_by":"Automaton","ascension_level":9}