{"gold_per_floor":[109,109,34,47,64,97,97,115,165,187,202,202,202,237,237,311,311,330,330,348,360,360,360,379,396,396,396,396,414,447,509,521,609,621,650,395,395,410,410,410,462,462,462,462,462,497,514,297,297,297,297,297,297,17,42,42],"floor_reached":57,"playtime":2120,"items_purged":["Strike_R","Sever Soul","Iron Wave"],"score":3091,"play_id":"9821fc8e-55cd-4c7c-82e0-090e7652f67c","local_time":"20190325150422","is_ascension_mode":true,"campfire_choices":[{"data":"Barricade","floor":7,"key":"SMITH"},{"data":"Body Slam","floor":13,"key":"SMITH"},{"data":"Corruption","floor":15,"key":"SMITH"},{"data":"Impervious","floor":23,"key":"SMITH"},{"data":"Feel No Pain","floor":28,"key":"SMITH"},{"data":"Flame Barrier","floor":32,"key":"SMITH"},{"data":"Armaments","floor":40,"key":"SMITH"},{"data":"Second Wind","floor":42,"key":"SMITH"},{"floor":49,"key":"RECALL"},{"data":"Dual Wield","floor":53,"key":"SMITH"}],"neow_cost":"NONE","seed_source_timestamp":70724910765000,"circlet_count":0,"master_deck":["AscendersBane","Defend_R","Defend_R","Defend_R","Defend_R","Shrug It Off","Corruption+1","Evolve","Barricade+1","Body Slam+1","Shockwave","Shockwave","Exhume","Impervious+1","Warcry","Feel No Pain+1","Flame Barrier+1","Power Through","Second Wind+1","Armaments+1","Body Slam","Flame Barrier","Exhume","True Grit+1","Dual Wield+1","Armaments"],"relics":["Burning Blood","Mercury Hourglass","Bag of Preparation","Ancient Tea Set","Odd Mushroom","Smiling Mask","Runic Dome","MawBank","Orrery","Prayer Wheel","Paper Frog","Gambling Chip","Bronze Scales","Medical Kit","Bottled Lightning"],"potions_floor_usage":[6,10,30,56,56],"damage_taken":[{"damage":4,"enemies":"Small Slimes","floor":1,"turns":4},{"damage":0,"enemies":"Cultist","floor":4,"turns":4},{"damage":9,"enemies":"2 Louse","floor":5,"turns":3},{"damage":28,"enemies":"Gremlin Nob","floor":6,"turns":4},{"damage":19,"enemies":"Blue Slaver","floor":8,"turns":5},{"damage":17,"enemies":"The Mushroom Lair","floor":10,"turns":5},{"damage":2,"enemies":"Red Slaver","floor":11,"turns":5},{"damage":2,"enemies":"Lagavulin","floor":14,"turns":7},{"damage":0,"enemies":"Slime Boss","floor":16,"turns":8},{"damage":5,"enemies":"Shell Parasite","floor":18,"turns":5},{"damage":0,"enemies":"3 Byrds","floor":20,"turns":5},{"damage":10,"enemies":"Centurion and Healer","floor":21,"turns":5},{"damage":13,"enemies":"Cultist and Chosen","floor":24,"turns":5},{"damage":3,"enemies":"Snake Plant","floor":25,"turns":4},{"damage":0,"enemies":"Centurion and Healer","floor":29,"turns":6},{"damage":10,"enemies":"Book of Stabbing","floor":30,"turns":5},{"damage":0,"enemies":"Collector","floor":33,"turns":7},{"damage":11,"enemies":"Orb Walker","floor":35,"turns":5},{"damage":26,"enemies":"3 Darklings","floor":38,"turns":7},{"damage":9,"enemies":"2 Orb Walkers","floor":41,"turns":6},{"damage":0,"enemies":"Giant Head","floor":46,"turns":7},{"damage":8,"enemies":"Sphere and 2 Shapes","floor":47,"turns":6},{"damage":10,"enemies":"Awakened One","floor":50,"turns":6},{"damage":0,"enemies":"Donu and Deca","floor":51,"turns":5},{"damage":56,"enemies":"Shield and Spear","floor":55,"turns":5},{"damage":4,"enemies":"The Heart","floor":56,"turns":8}],"seed_played":"-5052140880820355588","potions_obtained":[{"floor":1,"key":"Strength Potion"},{"floor":6,"key":"GamblersBrew"},{"floor":8,"key":"Strength Potion"},{"floor":16,"key":"Block Potion"},{"floor":20,"key":"LiquidBronze"},{"floor":30,"key":"Weak Potion"},{"floor":46,"key":"SkillPotion"}],"is_trial":false,"path_per_floor":["M","?","$","M","M","E","R","M","T","?","M","?","R","E","R","B",null,"M","?","M","M","?","R","M","M","T","?","R","M","E","?","R","B",null,"M","$","?","M","?","R","?","R","T","?","?","E","M","$","R","B","B",null,"R","$","E","B",null],"character_chosen":"IRONCLAD","items_purchased":["Exhume","Swift Potion","Bronze Scales","Armaments","Medical Kit"],"campfire_rested":0,"item_purchase_floors":[36,36,48,48,54],"current_hp_per_floor":[70,70,70,75,72,50,50,37,37,26,30,30,30,34,34,40,66,67,67,73,69,69,69,62,65,65,65,65,71,67,67,67,73,75,75,75,75,65,65,65,62,62,62,62,62,68,66,66,66,62,68,70,70,70,20,22],"gold":42,"neow_bonus":"ONE_RANDOM_RARE_CARD","is_prod":false,"is_daily":false,"chose_seed":false,"campfire_upgraded":9,"win_rate":0,"timestamp":1553493862,"path_taken":["M","?","$","M","M","E","R","?","T","?","M","?","R","E","R","BOSS","M","?","M","?","?","R","M","M","T","?","R","M","E","?","R","BOSS","M","$","?","?","?","R","?","R","T","?","?","E","M","$","R","BOSS","BOSS","R","$","E","BOSS"],"build_version":"2019-01-23","purchased_purges":3,"victory":true,"max_hp_per_floor":[75,75,75,75,75,75,75,75,75,75,75,75,75,75,75,75,75,75,75,75,75,75,75,75,75,75,75,75,75,75,75,75,75,75,75,75,75,75,75,75,75,75,75,71,71,71,71,71,71,71,71,71,71,71,71,71],"card_choices":[{"not_picked":["Combust","Dual Wield"],"picked":"Shrug It Off","floor":1},{"not_picked":["Shrug It Off","Sentinel"],"picked":"Corruption","floor":4},{"not_picked":["Armaments","Warcry"],"picked":"Evolve","floor":5},{"not_picked":["Iron Wave","Armaments"],"picked":"Barricade","floor":6},{"not_picked":["Thunderclap","Wild Strike","Blood for Blood"],"picked":"SKIP","floor":8},{"not_picked":["Anger","Warcry"],"picked":"Body Slam","floor":10},{"not_picked":["Battle Trance","Rage"],"picked":"Shockwave","floor":11},{"not_picked":["Perfected Strike","Heavy Blade"],"picked":"Exhume","floor":14},{"not_picked":["Reaper","Dark Embrace"],"picked":"Impervious","floor":16},{"not_picked":["Thunderclap","Inflame","Twin Strike"],"picked":"SKIP","floor":18},{"not_picked":["Pommel Strike+1","Fire Breathing"],"picked":"Feel No Pain","floor":20},{"not_picked":["Iron Wave","Sword Boomerang","Searing Blow"],"picked":"SKIP","floor":21},{"not_picked":["Perfected Strike","Inflame","Fiend Fire"],"picked":"SKIP","floor":24},{"not_picked":["Hemokinesis","Flex","Body Slam"],"picked":"SKIP","floor":25},{"not_picked":["Twin Strike","Thunderclap"],"picked":"Flame Barrier","floor":29},{"not_picked":["Pommel Strike+1","Berserk","Twin Strike"],"picked":"SKIP","floor":30},{"not_picked":["Fiend Fire","Immolate"],"picked":"Reaper","floor":33},{"not_picked":["Searing Blow+1","Heavy Blade"],"picked":"Power Through","floor":34},{"not_picked":["Bloodletting+1","Inflame"],"picked":"Second Wind","floor":34},{"not_picked":["Pummel","Second Wind"],"picked":"Armaments","floor":34},{"not_picked":["Inflame+1","Twin Strike"],"picked":"Body Slam","floor":34},{"not_picked":["Rupture","Havoc"],"picked":"Flame Barrier","floor":35},{"not_picked":["Pommel Strike","Searing Blow","Headbutt+1"],"picked":"SKIP","floor":38},{"not_picked":["Flex","Cleave"],"picked":"True Grit+1","floor":41},{"not_picked":["Seeing Red","Spot Weakness+1"],"picked":"Dual Wield","floor":46},{"not_picked":["Perfected Strike+1","Cleave","Headbutt"],"picked":"SKIP","floor":47},{"not_picked":["Double Tap","Thunderclap","Clothesline+1"],"picked":"SKIP","floor":47},{"not_picked":["Pommel Strike","Bloodletting+1","Reckless Charge+1"],"picked":"SKIP","floor":55}],"player_experience":2563036,"relics_obtained":[{"floor":6,"key":"Bag of Preparation"},{"floor":9,"key":"Ancient Tea Set"},{"floor":10,"key":"Odd Mushroom"},{"floor":14,"key":"Smiling Mask"},{"floor":30,"key":"MawBank"},{"floor":41,"key":"Prayer Wheel"},{"floor":43,"key":"Paper Frog"},{"floor":46,"key":"Gambling Chip"},{"floor":55,"key":"Bottled Lightning"}],"event_choices":[{"cards_removed":["Limit Break"],"damage_healed":0,"gold_gain":0,"player_choice":"Gave Card","damage_taken":0,"relics_obtained":["Mercury Hourglass"],"max_hp_gain":0,"max_hp_loss":0,"event_name":"WeMeetAgain","floor":2,"gold_loss":0},{"damage_healed":0,"gold_gain":0,"player_choice":"Fought Mushrooms","damage_taken":0,"max_hp_gain":0,"max_hp_loss":0,"event_name":"Mushrooms","floor":10,"gold_loss":0},{"damage_healed":0,"gold_gain":0,"cards_transformed":["Strike_R"],"player_choice":"Change","damage_taken":0,"max_hp_gain":0,"max_hp_loss":0,"event_name":"Living Wall","floor":12,"gold_loss":0,"cards_obtained":["Shockwave"]},{"damage_healed":0,"gold_gain":0,"cards_transformed":["Strike_R"],"player_choice":"Transformed","damage_taken":0,"max_hp_gain":0,"max_hp_loss":0,"event_name":"Transmorgrifier","floor":19,"gold_loss":0,"cards_obtained":["Warcry"]},{"damage_healed":0,"gold_gain":0,"cards_transformed":["Strike_R","Strike_R"],"player_choice":"Became Test Subject","damage_taken":0,"max_hp_gain":0,"max_hp_loss":0,"event_name":"Drug Dealer","floor":22,"gold_loss":0,"cards_obtained":["Iron Wave","Sever Soul"]},{"damage_healed":0,"gold_gain":0,"player_choice":"Ignored","damage_taken":0,"max_hp_gain":0,"max_hp_loss":0,"event_name":"The Mausoleum","floor":27,"gold_loss":0},{"damage_healed":0,"gold_gain":50,"player_choice":"Pray","damage_taken":0,"max_hp_gain":0,"max_hp_loss":0,"event_name":"Golden Shrine","floor":31,"gold_loss":0},{"damage_healed":0,"gold_gain":0,"cards_transformed":["Bash"],"player_choice":"Transformed","damage_taken":0,"max_hp_gain":0,"max_hp_loss":0,"event_name":"Transmorgrifier","floor":37,"gold_loss":0,"cards_obtained":["Blood for Blood"]},{"cards_removed":["Reaper"],"damage_healed":0,"gold_gain":0,"player_choice":"Removed Attack","damage_taken":0,"max_hp_gain":0,"max_hp_loss":0,"event_name":"Falling","floor":39,"gold_loss":0},{"damage_healed":0,"gold_gain":0,"player_choice":"Fight","damage_taken":0,"max_hp_gain":0,"max_hp_loss":0,"event_name":"Mysterious Sphere","floor":41,"gold_loss":0},{"damage_healed":0,"gold_gain":0,"player_choice":"Max HP","damage_taken":0,"max_hp_gain":0,"max_hp_loss":4,"event_name":"Winding Halls","floor":44,"gold_loss":0},{"cards_removed":["Blood for Blood"],"damage_healed":0,"gold_gain":0,"player_choice":"Purged","damage_taken":0,"max_hp_gain":0,"max_hp_loss":0,"event_name":"Purifier","floor":45,"gold_loss":0}],"is_beta":false,"boss_relics":[{"not_picked":["Black Star","Mark of Pain"],"picked":"Runic Dome"},{"not_picked":["Fusion Hammer","Astrolabe"],"picked":"Orrery"}],"items_purged_floors":[3,36,54],"is_endless":false,"potions_floor_spawned":[1,6,8,16,20,21,24,25,30,41,46,55],"ascension_level":20}