{"gold_per_floor":[112,43,43,43,43,74,74,74,121,132,163,163,193,2,2,103,103,121,121,21,36,51,86,86,111,111,123],"floor_reached":27,"playtime":794,"items_purged":["Pain","Defend_R"],"score":441,"play_id":"a5f15e7e-a3a9-4666-ae38-b7882230072d","local_time":"20190203141916","is_ascension_mode":true,"campfire_choices":[{"data":"Entrench","floor":7,"key":"SMITH"},{"data":"Feel No Pain","floor":12,"key":"SMITH"},{"data":"Whirlwind","floor":15,"key":"SMITH"},{"floor":24,"key":"REST"}],"neow_cost":"NONE","seed_source_timestamp":105999483388800,"circlet_count":0,"master_deck":["Strike_R","Strike_R+1","Strike_R+1","Defend_R","Defend_R","Defend_R","Bash+1","Feel No Pain+1","Entrench+1","Second Wind","Impervious","Whirlwind+1","Reaper","Shrug It Off","Feel No Pain","Shrug It Off","Whirlwind","Impervious"],"relics":["Burning Blood","NeowsBlessing","Matryoshka","Whetstone","WarpedTongs","Potion Belt","Regal Pillow","Ancient Tea Set","Bottled Tornado","Philosopher\u0027s Stone","Vajra","Blue Candle","MawBank","Mummified Hand"],"potions_floor_usage":[13,23,23,25],"damage_taken":[{"damage":0,"enemies":"Small Slimes","floor":1,"turns":1},{"damage":0,"enemies":"Lagavulin","floor":6,"turns":1},{"damage":1,"enemies":"2 Louse","floor":10,"turns":2},{"damage":21,"enemies":"3 Sentries","floor":11,"turns":9},{"damage":25,"enemies":"Gremlin Nob","floor":13,"turns":4},{"damage":43,"enemies":"The Guardian","floor":16,"turns":15},{"damage":16,"enemies":"Chosen","floor":18,"turns":6},{"damage":29,"enemies":"Shell Parasite","floor":21,"turns":9},{"damage":4,"enemies":"Cultist and Chosen","floor":22,"turns":10},{"damage":49,"enemies":"Book of Stabbing","floor":23,"turns":8},{"damage":0,"enemies":"Slavers","floor":25,"turns":1},{"damage":30,"enemies":"Book of Stabbing","floor":27,"turns":6}],"seed_played":"3668971136928830156","potions_obtained":[{"floor":1,"key":"Weak Potion"},{"floor":11,"key":"SkillPotion"},{"floor":18,"key":"Explosive Potion"},{"floor":25,"key":"Dexterity Potion"}],"is_trial":false,"path_per_floor":["M","$","?","?","?","E","R","?","T","M","E","R","E","$","R","B",null,"M","?","$","M","M","E","R","E","T","E"],"character_chosen":"IRONCLAD","items_purchased":["Feel No Pain","Whirlwind","Energy Potion"],"campfire_rested":1,"item_purchase_floors":[2,14,14],"current_hp_per_floor":[78,78,78,71,71,77,77,77,77,80,65,65,46,46,46,9,62,58,58,58,35,45,9,48,54,54,33],"gold":123,"neow_bonus":"THREE_ENEMY_KILL","is_prod":false,"is_daily":false,"chose_seed":false,"campfire_upgraded":3,"win_rate":0,"timestamp":1549171156,"path_taken":["M","$","?","?","?","E","R","?","T","?","E","R","E","?","R","BOSS","M","?","$","M","M","E","R","E","T","E"],"build_version":"2019-01-23","purchased_purges":2,"victory":false,"max_hp_per_floor":[80,80,80,80,80,80,80,80,80,80,80,80,80,80,80,80,80,80,80,80,80,80,80,80,80,80,80],"card_choices":[{"not_picked":["Blood for Blood","Perfected Strike","True Grit"],"picked":"SKIP","floor":1},{"not_picked":["Clothesline","Twin Strike"],"picked":"Entrench","floor":6},{"not_picked":["Havoc","Warcry","Heavy Blade"],"picked":"SKIP","floor":10},{"not_picked":["Feel No Pain","Iron Wave"],"picked":"Second Wind","floor":11},{"not_picked":["Combust","True Grit"],"picked":"Impervious","floor":13},{"not_picked":["Brutality","Demon Form"],"picked":"Reaper","floor":16},{"not_picked":["Pommel Strike","Clothesline"],"picked":"Shrug It Off","floor":18},{"not_picked":["Clash+1","Warcry","Anger+1"],"picked":"SKIP","floor":21},{"not_picked":["Rage","Pummel"],"picked":"Whirlwind","floor":22},{"not_picked":["Ghostly Armor","Anger"],"picked":"Impervious","floor":23},{"not_picked":["Shrug It Off","Headbutt","Twin Strike+1"],"picked":"SKIP","floor":25}],"player_experience":18139,"relics_obtained":[{"floor":6,"key":"Whetstone"},{"floor":9,"key":"Potion Belt"},{"floor":9,"key":"Regal Pillow"},{"floor":11,"key":"Ancient Tea Set"},{"floor":13,"key":"Bottled Tornado"},{"floor":23,"key":"Vajra"},{"floor":25,"key":"Blue Candle"},{"floor":26,"key":"MawBank"},{"floor":26,"key":"Mummified Hand"}],"event_choices":[{"damage_healed":0,"gold_gain":0,"player_choice":"Grow","damage_taken":0,"max_hp_gain":0,"max_hp_loss":0,"event_name":"Living Wall","floor":3,"gold_loss":0,"cards_upgraded":["Bash"]},{"damage_healed":0,"gold_gain":0,"player_choice":"Success","damage_taken":7,"relics_obtained":["Matryoshka"],"max_hp_gain":0,"max_hp_loss":0,"event_name":"Scrap Ooze","floor":4,"gold_loss":0},{"damage_healed":0,"gold_gain":0,"player_choice":"Leave","damage_taken":0,"max_hp_gain":0,"max_hp_loss":0,"event_name":"The Cleric","floor":5,"gold_loss":0},{"damage_healed":0,"gold_gain":0,"player_choice":"Rummage","damage_taken":0,"relics_obtained":["WarpedTongs"],"max_hp_gain":0,"max_hp_loss":0,"event_name":"Accursed Blacksmith","floor":8,"gold_loss":0,"cards_obtained":["Pain"]},{"damage_healed":0,"gold_gain":0,"cards_transformed":["Strike_R","Strike_R"],"player_choice":"Became Test Subject","damage_taken":0,"max_hp_gain":0,"max_hp_loss":0,"event_name":"Drug Dealer","floor":19,"gold_loss":0,"cards_obtained":["Feel No Pain","Shrug It Off"]}],"is_beta":false,"boss_relics":[{"not_picked":["Velvet Choker","Snecko Eye"],"picked":"Philosopher\u0027s Stone"}],"items_purged_floors":[14,20],"is_endless":false,"potions_floor_spawned":[1,11,18,25],"killed_by":"Book of Stabbing","ascension_level":8}