{"gold_per_floor":[112,112,112,14,14,14,29,73,122,155,174,208,173,213,213,307,307,322,247,262,187,31,66,66,97,97,130,144,160,160],"floor_reached":30,"playtime":1105,"items_purged":["Parasite"],"score":728,"play_id":"a790792c-221f-4159-bc80-7b1d0e068824","local_time":"20190312220117","is_ascension_mode":true,"campfire_choices":[{"data":"Defragment","floor":6,"key":"SMITH"},{"data":"Zap","floor":15,"key":"SMITH"},{"data":"Capacitor","floor":24,"key":"SMITH"}],"neow_cost":"NONE","seed_source_timestamp":300921943211600,"circlet_count":0,"master_deck":["AscendersBane","Strike_B","Strike_B","Strike_B","Strike_B","Defend_B","Defend_B","Defend_B","Zap+1","Dualcast","Beam Cell","Defragment+1","Cold Snap","Coolheaded","Core Surge","Chill","Gash","White Noise","Electrodynamics","Cold Snap","Capacitor+1","Self Repair","Blizzard"],"relics":["Cracked Core","NeowsBlessing","Golden Idol","Thread and Needle","Shuriken","Art of War","Darkstone Periapt","Bag of Marbles","Nunchaku","Calling Bell","Omamori","Singing Bowl","FossilizedHelix","Regal Pillow","Blue Candle","Mercury Hourglass","Pen Nib"],"potions_floor_usage":[10,23,23,25,27],"damage_taken":[{"damage":0,"enemies":"Jaw Worm","floor":1,"turns":1},{"damage":0,"enemies":"2 Louse","floor":7,"turns":1},{"damage":0,"enemies":"3 Sentries","floor":8,"turns":1},{"damage":2,"enemies":"Gremlin Nob","floor":10,"turns":3},{"damage":0,"enemies":"Small Slimes","floor":11,"turns":3},{"damage":0,"enemies":"Lagavulin","floor":12,"turns":6},{"damage":6,"enemies":"3 Sentries","floor":14,"turns":8},{"damage":3,"enemies":"The Guardian","floor":16,"turns":12},{"damage":3,"enemies":"Shell Parasite","floor":18,"turns":5},{"damage":0,"enemies":"Chosen","floor":20,"turns":5},{"damage":6,"enemies":"Gremlin Leader","floor":23,"turns":5},{"damage":49,"enemies":"Slavers","floor":25,"turns":5},{"damage":31,"enemies":"Gremlin Leader","floor":27,"turns":6},{"damage":11,"enemies":"Snake Plant","floor":28,"turns":5},{"damage":16,"enemies":"Shelled Parasite and Fungi","floor":29,"turns":7},{"damage":22,"enemies":"Book of Stabbing","floor":30,"turns":4}],"seed_played":"-2703295279925313792","potions_obtained":[{"floor":1,"key":"SteroidPotion"},{"floor":11,"key":"LiquidBronze"},{"floor":14,"key":"AttackPotion"},{"floor":16,"key":"EntropicBrew"},{"floor":25,"key":"AttackPotion"}],"is_trial":false,"path_per_floor":["M","?","?","$","?","R","M","E","T","E","M","E","?","E","R","B",null,"M","?","M","?","$","E","R","E","T","E","M","M","E"],"character_chosen":"DEFECT","items_purchased":["Defragment","Cold Snap","Self Repair"],"campfire_rested":0,"item_purchase_floors":[4,4,22],"current_hp_per_floor":[64,64,29,29,22,22,22,22,22,20,20,20,36,30,30,27,73,70,70,70,70,70,73,73,45,45,21,19,19,0],"gold":160,"neow_bonus":"THREE_ENEMY_KILL","is_prod":false,"is_daily":false,"chose_seed":false,"campfire_upgraded":3,"win_rate":0,"timestamp":1552395677,"path_taken":["M","?","?","?","?","R","?","E","T","E","M","E","?","E","R","BOSS","M","?","?","?","?","E","R","E","T","E","?","?","E"],"build_version":"2019-01-23","purchased_purges":1,"victory":false,"max_hp_per_floor":[71,64,64,64,64,64,64,64,64,64,64,64,64,64,64,64,82,82,82,82,82,79,81,81,83,83,83,85,87,87],"card_choices":[{"not_picked":["Lockon","Heatsinks"],"picked":"Beam Cell","floor":1},{"not_picked":["Ball Lightning","Streamline"],"picked":"Coolheaded","floor":7},{"not_picked":["Sunder","Hyperbeam"],"picked":"Core Surge","floor":8},{"not_picked":["Sweeping Beam","Leap"],"picked":"Chill","floor":10},{"not_picked":["Leap","Coolheaded","Compile Driver"],"picked":"SKIP","floor":11},{"not_picked":["Thunder Strike","Conserve Battery"],"picked":"Gash","floor":12},{"not_picked":["Static Discharge","Beam Cell"],"picked":"White Noise","floor":14},{"not_picked":["Echo Form","Hyperbeam"],"picked":"Electrodynamics","floor":16},{"not_picked":["Rebound","Hologram"],"picked":"Cold Snap","floor":18},{"not_picked":["Force Field","Sweeping Beam"],"picked":"Capacitor","floor":20},{"not_picked":["Double Energy","Compile Driver","Redo"],"picked":"Singing Bowl","floor":23},{"not_picked":["FTL","Hologram","Lockon"],"picked":"Singing Bowl","floor":25},{"not_picked":["Force Field","Undo+1"],"picked":"Blizzard","floor":27},{"not_picked":["Steam","Stack","Redo"],"picked":"Singing Bowl","floor":28},{"not_picked":["Go for the Eyes+1","Stack","Compile Driver"],"picked":"Singing Bowl","floor":29}],"player_experience":2213738,"relics_obtained":[{"floor":8,"key":"Shuriken"},{"floor":9,"key":"Art of War"},{"floor":10,"key":"Darkstone Periapt"},{"floor":12,"key":"Bag of Marbles"},{"floor":14,"key":"Nunchaku"},{"floor":17,"key":"Omamori"},{"floor":17,"key":"Singing Bowl"},{"floor":17,"key":"FossilizedHelix"},{"floor":23,"key":"Regal Pillow"},{"floor":25,"key":"Blue Candle"},{"floor":26,"key":"Mercury Hourglass"},{"floor":27,"key":"Pen Nib"}],"event_choices":[{"damage_healed":0,"gold_gain":0,"player_choice":"Lose Max HP","damage_taken":0,"relics_obtained":["Golden Idol"],"max_hp_gain":0,"max_hp_loss":7,"event_name":"Golden Idol","floor":2,"gold_loss":0},{"damage_healed":0,"gold_gain":0,"player_choice":"Success","damage_taken":35,"relics_obtained":["Thread and Needle"],"max_hp_gain":0,"max_hp_loss":0,"event_name":"Scrap Ooze","floor":3,"gold_loss":0},{"cards_removed":["Defend_B"],"damage_healed":0,"gold_gain":0,"player_choice":"Card Removal","damage_taken":7,"max_hp_gain":0,"max_hp_loss":0,"event_name":"Golden Wing","floor":5,"gold_loss":0},{"damage_healed":16,"gold_gain":0,"player_choice":"Healed","damage_taken":0,"max_hp_gain":0,"max_hp_loss":0,"event_name":"The Cleric","floor":13,"gold_loss":35},{"cards_removed":["Shame"],"damage_healed":0,"gold_gain":0,"player_choice":"Single Remove","damage_taken":0,"max_hp_gain":0,"max_hp_loss":0,"event_name":"Designer","floor":19,"gold_loss":75},{"cards_removed":["Injury"],"damage_healed":0,"gold_gain":0,"player_choice":"Gave Gold","damage_taken":0,"max_hp_gain":0,"max_hp_loss":0,"event_name":"Beggar","floor":21,"gold_loss":75}],"is_beta":false,"boss_relics":[{"not_picked":["White Beast Statue","Black Star"],"picked":"Calling Bell"}],"items_purged_floors":[22],"is_endless":false,"potions_floor_spawned":[1,11,14,16,18,20,25],"killed_by":"Book of Stabbing","ascension_level":20}