{"gold_per_floor":[117,42,56,56,56,56,74,100,100,135,135,152,168,93,93,170,170,190,190,208,208,219,219,219],"floor_reached":24,"playtime":698,"items_purged":["Strike_R"],"score":512,"play_id":"92a83d04-dbbe-4166-a906-e4523ca03624","local_time":"20190424130407","is_ascension_mode":true,"campfire_choices":[{"data":"Bash","floor":6,"key":"SMITH"},{"data":"True Grit","floor":11,"key":"SMITH"},{"data":"Evolve","floor":15,"key":"SMITH"},{"data":"Carnage","floor":23,"key":"SMITH"}],"neow_cost":"TEN_PERCENT_HP_LOSS","seed_source_timestamp":177067407657600,"circlet_count":0,"master_deck":["AscendersBane","Defend_R","Defend_R","Defend_R","Bash+1","Carnage+1","Evolve+1","Offering","True Grit+1","Double Tap","Impervious","Ghostly Armor","Carnage+1"],"relics":["Burning Blood","Mango","Pocketwatch","Gambling Chip","Runic Dome"],"potions_floor_usage":[16,24],"damage_taken":[{"damage":1,"enemies":"2 Louse","floor":1,"turns":4},{"damage":1,"enemies":"Cultist","floor":3,"turns":3},{"damage":2,"enemies":"Jaw Worm","floor":7,"turns":3},{"damage":30,"enemies":"Lagavulin","floor":8,"turns":4},{"damage":38,"enemies":"Gremlin Nob","floor":10,"turns":4},{"damage":6,"enemies":"Large Slime","floor":12,"turns":2},{"damage":12,"enemies":"Gremlin Gang","floor":13,"turns":5},{"damage":6,"enemies":"Slime Boss","floor":16,"turns":3},{"damage":17,"enemies":"3 Byrds","floor":18,"turns":6},{"damage":8,"enemies":"Shell Parasite","floor":20,"turns":3},{"damage":21,"enemies":"Chosen and Byrds","floor":22,"turns":4},{"damage":51,"enemies":"Gremlin Leader","floor":24,"turns":4}],"seed_played":"2368218435350909807","potions_obtained":[{"floor":10,"key":"Strength Potion"},{"floor":12,"key":"Regen Potion"}],"is_trial":false,"path_per_floor":["M","$","M","?","?","R","M","E","T","E","R","M","M","?","R","B",null,"M","?","M","?","M","R","E"],"character_chosen":"IRONCLAD","items_purchased":[],"campfire_rested":0,"item_purchase_floors":[],"current_hp_per_floor":[68,68,68,61,61,61,65,55,55,23,23,23,17,17,17,22,67,56,56,54,54,39,39,0],"gold":219,"neow_bonus":"REMOVE_TWO","is_prod":false,"is_daily":false,"chose_seed":false,"campfire_upgraded":4,"win_rate":0,"timestamp":1556078647,"path_taken":["M","$","M","?","?","R","?","E","T","E","R","M","M","?","R","BOSS","M","?","?","?","M","R","E"],"build_version":"2019-01-23","purchased_purges":1,"victory":false,"max_hp_per_floor":[68,68,68,68,68,68,68,82,82,82,82,82,82,82,82,82,82,82,82,82,82,82,82,82],"card_choices":[{"not_picked":["Clothesline","Twin Strike"],"picked":"Carnage","floor":1},{"not_picked":["Warcry","Cleave","Anger"],"picked":"SKIP","floor":3},{"not_picked":["Warcry","Spot Weakness"],"picked":"Evolve","floor":7},{"not_picked":["Dark Embrace","Searing Blow"],"picked":"Offering","floor":8},{"not_picked":["Twin Strike","Heavy Blade"],"picked":"True Grit","floor":10},{"not_picked":["Body Slam","Searing Blow","Cleave"],"picked":"SKIP","floor":12},{"not_picked":["Sentinel","True Grit"],"picked":"Double Tap","floor":13},{"not_picked":["Exhume","Bludgeon"],"picked":"Impervious","floor":16},{"not_picked":["Rupture","Anger","Thunderclap"],"picked":"SKIP","floor":18},{"not_picked":["Pommel Strike","Hemokinesis","Twin Strike"],"picked":"SKIP","floor":20},{"not_picked":["Hemokinesis","Twin Strike"],"picked":"Pommel Strike","floor":20},{"not_picked":["Anger","Rage+1","Heavy Blade"],"picked":"SKIP","floor":22}],"player_experience":3333340,"relics_obtained":[{"floor":8,"key":"Mango"},{"floor":9,"key":"Pocketwatch"},{"floor":10,"key":"Gambling Chip"}],"event_choices":[{"cards_removed":["Strike_R"],"damage_healed":0,"gold_gain":0,"player_choice":"Card Removal","damage_taken":7,"max_hp_gain":0,"max_hp_loss":0,"event_name":"Golden Wing","floor":4,"gold_loss":0},{"damage_healed":0,"gold_gain":0,"player_choice":"Forge","damage_taken":0,"max_hp_gain":0,"max_hp_loss":0,"event_name":"Accursed Blacksmith","floor":5,"gold_loss":0,"cards_upgraded":["Carnage"]},{"cards_removed":["Strike_R"],"damage_healed":0,"gold_gain":0,"player_choice":"Card Removal","damage_taken":0,"max_hp_gain":0,"max_hp_loss":0,"event_name":"The Cleric","floor":14,"gold_loss":75},{"damage_healed":0,"gold_gain":0,"player_choice":"Ignored","damage_taken":0,"max_hp_gain":0,"max_hp_loss":0,"event_name":"N\u0027loth","floor":19,"gold_loss":0},{"damage_healed":0,"gold_gain":0,"cards_transformed":["Defend_R","Pommel Strike"],"player_choice":"Became Test Subject","damage_taken":0,"max_hp_gain":0,"max_hp_loss":0,"event_name":"Drug Dealer","floor":21,"gold_loss":0,"cards_obtained":["Ghostly Armor","Carnage"]}],"is_beta":false,"boss_relics":[{"not_picked":["Black Star","Fusion Hammer"],"picked":"Runic Dome"}],"items_purged_floors":[2],"is_endless":false,"potions_floor_spawned":[10,12],"killed_by":"Gremlin Leader","ascension_level":20}