{"gold_per_floor":[11,27,27,27,27,27,55,55,79,93,113,123,133,152,152,255,255,242,257,257,257,172,184,196],"floor_reached":24,"playtime":1622,"items_purged":[],"score":198,"play_id":"c1545cfe-7014-4e74-baec-0dbc0ad3f1e4","local_time":"20190123190219","is_ascension_mode":false,"campfire_choices":[{"data":"Rainbow","floor":6,"key":"SMITH"},{"floor":8,"key":"REST"},{"floor":15,"key":"REST"},{"floor":23,"key":"REST"}],"neow_cost":"NO_GOLD","seed_source_timestamp":255444400721680,"circlet_count":0,"master_deck":["Strike_B","Strike_B","Strike_B","Strike_B","Defend_B","Defend_B","Defend_B","Defend_B","Zap","Dualcast","Rainbow+1","Cold Snap","Steam","Ball Lightning","Ball Lightning","Compile Driver","Creative AI+1","Fission"],"relics":["Cracked Core","Frozen Egg 2","Black Star","MutagenicStrength","MawBank"],"potions_floor_usage":[13,19],"damage_taken":[{"damage":0,"enemies":"Cultist","floor":1,"turns":3},{"damage":0,"enemies":"2 Louse","floor":2,"turns":3},{"damage":12,"enemies":"Gremlin Nob","floor":7,"turns":4},{"damage":7,"enemies":"Jaw Worm","floor":10,"turns":3},{"damage":3,"enemies":"Lots of Slimes","floor":11,"turns":4},{"damage":8,"enemies":"Exordium Wildlife","floor":12,"turns":3},{"damage":0,"enemies":"Gremlin Gang","floor":13,"turns":1},{"damage":8,"enemies":"Exordium Thugs","floor":14,"turns":3},{"damage":42,"enemies":"Hexaghost","floor":16,"turns":10},{"damage":28,"enemies":"2 Thieves","floor":18,"turns":4},{"damage":17,"enemies":"Shell Parasite","floor":19,"turns":7},{"damage":0,"enemies":"Snecko","floor":24,"turns":1}],"seed_played":"-851848228562282076","potions_obtained":[{"floor":10,"key":"FearPotion"},{"floor":12,"key":"PowerPotion"},{"floor":13,"key":"Weak Potion"},{"floor":14,"key":"FairyPotion"}],"is_trial":false,"path_per_floor":["M","M","?","?","?","R","E","R","T","M","M","M","M","M","R","B",null,"M","M","$","?","?","R","M"],"character_chosen":"DEFECT","items_purchased":[],"campfire_rested":3,"item_purchase_floors":[],"current_hp_per_floor":[75,75,75,80,80,80,68,80,80,73,70,62,62,54,78,36,80,52,35,35,35,35,59,59],"gold":196,"neow_bonus":"THREE_RARE_CARDS","is_prod":false,"is_daily":false,"chose_seed":false,"campfire_upgraded":1,"win_rate":0,"timestamp":1548262939,"path_taken":["M","M","?","?","?","R","E","R","T","M","M","M","M","M","R","BOSS","M","M","$","?","?","R","M"],"build_version":"2019-01-17v2","purchased_purges":0,"victory":false,"max_hp_per_floor":[75,75,75,80,80,80,80,80,80,80,80,80,80,80,80,80,80,80,80,80,80,80,80,80],"card_choices":[{"not_picked":["Hyperbeam","Buffer"],"picked":"Rainbow","floor":0},{"not_picked":["Gash","Compile Driver"],"picked":"Cold Snap","floor":1},{"not_picked":["Aggregate","Recycle","Genetic Algorithm"],"picked":"SKIP","floor":2},{"not_picked":["Beam Cell","Streamline"],"picked":"Steam","floor":7},{"not_picked":["Hologram","Redo"],"picked":"Ball Lightning","floor":10},{"not_picked":["Skim","Reboot"],"picked":"Ball Lightning","floor":11},{"not_picked":["Sweeping Beam","Coolheaded"],"picked":"Compile Driver","floor":12},{"not_picked":["Streamline","Go for the Eyes"],"picked":"Creative AI+1","floor":13},{"not_picked":["Beam Cell","Scrape","Leap"],"picked":"SKIP","floor":14},{"not_picked":["Core Surge","Seek"],"picked":"Fission","floor":16},{"not_picked":["Stack","Streamline","Conserve Battery"],"picked":"SKIP","floor":18},{"not_picked":["Gash","Genetic Algorithm","Coolheaded"],"picked":"SKIP","floor":19}],"player_experience":918817,"relics_obtained":[{"floor":7,"key":"Frozen Egg 2"}],"event_choices":[{"damage_healed":0,"gold_gain":0,"player_choice":"Ignored","damage_taken":0,"max_hp_gain":0,"max_hp_loss":0,"event_name":"Shining Light","floor":3,"gold_loss":0},{"damage_healed":0,"gold_gain":0,"player_choice":"Donut","damage_taken":0,"max_hp_gain":5,"max_hp_loss":0,"event_name":"Big Fish","floor":4,"gold_loss":0},{"damage_healed":0,"gold_gain":0,"player_choice":"Ignored","damage_taken":0,"max_hp_gain":0,"max_hp_loss":0,"event_name":"Golden Wing","floor":5,"gold_loss":0},{"damage_healed":0,"gold_gain":0,"player_choice":"Inject Mutagens","damage_taken":0,"relics_obtained":["MutagenicStrength"],"max_hp_gain":0,"max_hp_loss":0,"event_name":"Drug Dealer","floor":21,"gold_loss":0},{"damage_healed":0,"gold_gain":0,"player_choice":"Obtained Relic","damage_taken":0,"relics_obtained":["MawBank"],"max_hp_gain":0,"max_hp_loss":0,"event_name":"Addict","floor":22,"gold_loss":85}],"is_beta":false,"boss_relics":[{"not_picked":["Calling Bell","Velvet Choker"],"picked":"Black Star"}],"items_purged_floors":[],"is_endless":false,"potions_floor_spawned":[10,12,13,14,18],"killed_by":"Snecko","ascension_level":0}