{"gold_per_floor":[117,117,42,42,54,80,80,80,80,90,100,100,100,127,139,151],"floor_reached":16,"playtime":727,"items_purged":["Defend_R"],"score":108,"play_id":"4099e4bc-98ff-4e04-ba8c-bb56d71933f8","local_time":"20180815095249","is_ascension_mode":false,"campfire_choices":[{"floor":7,"key":"REST"},{"data":"Anger","floor":13,"key":"SMITH"},{"floor":15,"key":"REST"}],"neow_cost":"CURSE","seed_source_timestamp":2039662655595532,"circlet_count":0,"master_deck":["Strike_R","Strike_R","Strike_R","Strike_R","Strike_R","Defend_R","Defend_R","Defend_R","Bash","Anger+1"],"relics":["Burning Blood","Ice Cream","Bag of Preparation","Nunchaku","Darkstone Periapt","MawBank"],"potions_floor_usage":[14,14],"damage_taken":[{"damage":5,"enemies":"Small Slimes","floor":1,"turns":5},{"damage":6,"enemies":"2 Louse","floor":5,"turns":3},{"damage":28,"enemies":"Gremlin Nob","floor":6,"turns":4},{"damage":1,"enemies":"Jaw Worm","floor":10,"turns":3},{"damage":4,"enemies":"Exordium Wildlife","floor":11,"turns":4},{"damage":22,"enemies":"Lagavulin","floor":14,"turns":5},{"damage":82,"enemies":"The Guardian","floor":16,"turns":9}],"seed_played":"3210959373514238092","potions_obtained":[{"floor":1,"key":"Dexterity Potion"},{"floor":10,"key":"LiquidBronze"},{"floor":14,"key":"Explosive Potion"}],"is_trial":false,"path_per_floor":["M","?","$","?","M","E","R","$","T","M","M","T","R","E","R"],"character_chosen":"IRONCLAD","items_purchased":[],"campfire_rested":2,"item_purchase_floors":[],"current_hp_per_floor":[80,73,73,73,73,51,75,75,75,80,80,80,80,64,80,0],"gold":151,"neow_bonus":"ONE_RARE_RELIC","is_prod":false,"is_daily":false,"chose_seed":false,"campfire_upgraded":1,"win_rate":0,"timestamp":1534315969,"path_taken":["M","?","$","?","?","E","R","$","T","M","M","?","R","E","R","BOSS"],"build_version":"2018-08-09","purchased_purges":1,"victory":false,"max_hp_per_floor":[80,80,80,80,80,80,80,80,80,80,80,80,80,80,80,80],"card_choices":[{"not_picked":["Body Slam","Iron Wave","Sword Boomerang"],"picked":"SKIP","floor":1},{"not_picked":["Pommel Strike","Disarm"],"picked":"Anger","floor":5},{"not_picked":["Pommel Strike","Intimidate","Seeing Red"],"picked":"SKIP","floor":6},{"not_picked":["Headbutt","Corruption","Warcry"],"picked":"SKIP","floor":10},{"not_picked":["Headbutt","Bloodletting","Clothesline"],"picked":"SKIP","floor":11},{"not_picked":["Reaper","Sever Soul","Rupture"],"picked":"SKIP","floor":14}],"player_experience":647895,"relics_obtained":[{"floor":6,"key":"Bag of Preparation"},{"floor":9,"key":"Nunchaku"},{"floor":12,"key":"Darkstone Periapt"},{"floor":14,"key":"MawBank"}],"event_choices":[{"event_name":"Golden Wing","player_choice":"Card Removal","floor":2,"damage_taken":0},{"event_name":"Liars Game","player_choice":"disagreed","floor":4,"damage_taken":0}],"is_beta":false,"boss_relics":[],"items_purged_floors":[3],"is_endless":false,"potions_floor_spawned":[1,10,14],"killed_by":"The Guardian","ascension_level":0}