{"gold_per_floor":[114,114,125,125,26,57,57,90,139,174,174,191,226,74,74,145,145,160,80,100,100,26,57,57,57],"floor_reached":25,"playtime":880,"items_purged":["Strike_R","Strike_R"],"score":540,"play_id":"3676d195-e71d-46af-b575-e9d6b4d2d8ff","local_time":"20190422182753","is_ascension_mode":true,"campfire_choices":[{"data":"Fiend Fire","floor":7,"key":"SMITH"},{"data":"Evolve","floor":15,"key":"SMITH"},{"data":"Whirlwind","floor":24,"key":"SMITH"}],"neow_cost":"NONE","seed_source_timestamp":23509053457300,"circlet_count":0,"master_deck":["AscendersBane","Strike_R","Strike_R","Defend_R","Defend_R","Defend_R","Defend_R","Bash","Pommel Strike","Flame Barrier","Evolve+1","Fiend Fire+1","Whirlwind+1","Feed","Ghostly Armor","Second Wind","Spot Weakness","Immolate","Burning Pact+1","Finesse"],"relics":["Burning Blood","NeowsBlessing","Oddly Smooth Stone","Pen Nib","The Courier","Anchor","Ginger","Blue Candle","Cursed Key","Bottled Tornado"],"potions_floor_usage":[10,13,16,23,25],"damage_taken":[{"damage":0,"enemies":"2 Louse","floor":1,"turns":1},{"damage":0,"enemies":"Small Slimes","floor":3,"turns":1},{"damage":0,"enemies":"3 Sentries","floor":6,"turns":2},{"damage":8,"enemies":"Gremlin Nob","floor":8,"turns":3},{"damage":8,"enemies":"Lagavulin","floor":10,"turns":5},{"damage":2,"enemies":"Jaw Worm","floor":12,"turns":2},{"damage":5,"enemies":"3 Sentries","floor":13,"turns":8},{"damage":45,"enemies":"Hexaghost","floor":16,"turns":9},{"damage":0,"enemies":"3 Byrds","floor":18,"turns":6},{"damage":27,"enemies":"Shell Parasite","floor":20,"turns":7},{"damage":2,"enemies":"Gremlin Leader","floor":23,"turns":6},{"damage":69,"enemies":"Book of Stabbing","floor":25,"turns":5}],"seed_played":"-6816448495494091319","potions_obtained":[{"floor":6,"key":"Strength Potion"},{"floor":12,"key":"Ancient Potion"},{"floor":13,"key":"Weak Potion"},{"floor":16,"key":"LiquidBronze"},{"floor":18,"key":"Energy Potion"}],"is_trial":false,"path_per_floor":["M","?","M","?","$","E","R","E","T","E","?","M","E","$","R","B",null,"M","$","M","?","$","E","R","E"],"character_chosen":"IRONCLAD","items_purchased":["Evolve","SteroidPotion","Second Wind","Spot Weakness","Finesse"],"campfire_rested":0,"item_purchase_floors":[5,5,14,14,22],"current_hp_per_floor":[74,67,73,55,55,61,61,59,59,57,57,64,68,68,68,29,68,77,77,59,59,59,63,63,0],"gold":57,"neow_bonus":"THREE_ENEMY_KILL","is_prod":false,"is_daily":false,"chose_seed":false,"campfire_upgraded":3,"win_rate":0,"timestamp":1555925273,"path_taken":["M","?","M","?","$","E","R","E","T","E","?","M","E","?","R","BOSS","M","$","M","?","?","E","R","E"],"build_version":"2019-01-23","purchased_purges":2,"victory":false,"max_hp_per_floor":[75,75,75,75,75,75,75,75,75,75,75,78,81,81,81,81,81,84,84,87,87,87,87,87,87],"card_choices":[{"not_picked":["Armaments","Warcry"],"picked":"Pommel Strike","floor":1},{"not_picked":["Wild Strike","Searing Blow"],"picked":"Flame Barrier","floor":3},{"not_picked":["Pommel Strike","Warcry"],"picked":"Fiend Fire","floor":6},{"not_picked":["Second Wind","Armaments"],"picked":"Whirlwind","floor":8},{"not_picked":["Warcry","Fire Breathing"],"picked":"Feed","floor":10},{"not_picked":["Dropkick","Entrench","Havoc"],"picked":"SKIP","floor":12},{"not_picked":["Clash","Entrench"],"picked":"Ghostly Armor","floor":13},{"not_picked":["Bludgeon","Feed"],"picked":"Immolate","floor":16},{"not_picked":["Headbutt","Sword Boomerang"],"picked":"Burning Pact+1","floor":18},{"not_picked":["Anger","Clothesline","Evolve"],"picked":"SKIP","floor":20},{"not_picked":["Whirlwind","Iron Wave","Clothesline"],"picked":"SKIP","floor":23}],"player_experience":3298316,"relics_obtained":[{"floor":6,"key":"Pen Nib"},{"floor":8,"key":"The Courier"},{"floor":9,"key":"Anchor"},{"floor":10,"key":"Ginger"},{"floor":13,"key":"Blue Candle"},{"floor":23,"key":"Bottled Tornado"}],"event_choices":[{"cards_removed":["Strike_R"],"damage_healed":0,"gold_gain":0,"player_choice":"Card Removal","damage_taken":7,"max_hp_gain":0,"max_hp_loss":0,"event_name":"Golden Wing","floor":2,"gold_loss":0},{"damage_healed":0,"gold_gain":0,"player_choice":"Success","damage_taken":18,"relics_obtained":["Oddly Smooth Stone"],"max_hp_gain":0,"max_hp_loss":0,"event_name":"Scrap Ooze","floor":4,"gold_loss":0},{"damage_healed":0,"gold_gain":0,"player_choice":"Ignored","damage_taken":0,"max_hp_gain":0,"max_hp_loss":0,"event_name":"Liars Game","floor":11,"gold_loss":0},{"damage_healed":0,"gold_gain":0,"player_choice":"Ignored","damage_taken":0,"max_hp_gain":0,"max_hp_loss":0,"event_name":"N\u0027loth","floor":21,"gold_loss":0}],"is_beta":false,"boss_relics":[{"not_picked":["Runic Pyramid","Pandora\u0027s Box"],"picked":"Cursed Key"}],"items_purged_floors":[14,19],"is_endless":false,"potions_floor_spawned":[6,8,12,13,16,18],"killed_by":"Book of Stabbing","ascension_level":20}