{"gold_per_floor":[110,110,110,110,126,158,175,175,175,204,204,223,223,242,242,343,343,354,354,370,370,370,370,295,295,320,320,350,360,389,404,404,404],"floor_reached":33,"playtime":731,"items_purged":[],"score":440,"play_id":"ec37377b-ebb1-448c-a3d1-762547967b56","local_time":"20190203170732","is_ascension_mode":true,"campfire_choices":[{"data":"Bash","floor":8,"key":"SMITH"},{"floor":11,"key":"REST"},{"data":"Bludgeon","floor":15,"key":"SMITH"},{"floor":23,"key":"REST"},{"data":"Fiend Fire","floor":25,"key":"SMITH"},{"data":"Offering","floor":27,"key":"SMITH"},{"floor":32,"key":"REST"}],"neow_cost":"PERCENT_DAMAGE","seed_source_timestamp":116156554303000,"circlet_count":0,"master_deck":["AscendersBane","Strike_R+1","Strike_R","Strike_R+1","Defend_R","Defend_R","Defend_R","Defend_R","Bash+1","Swift Strike","Cleave","Rage","Enlightenment","Bludgeon+1","Offering+1","Fiend Fire+1","Writhe","Feed","Shrug It Off+1","Disarm+1"],"relics":["Burning Blood","Sundial","StoneCalendar","Prayer Wheel","Self Forming Clay","Snecko Eye","Blood Vial","Boot","Whetstone","Ancient Tea Set"],"potions_floor_usage":[6,20,28,33,33,33],"damage_taken":[{"damage":12,"enemies":"Jaw Worm","floor":1,"turns":2},{"damage":9,"enemies":"2 Louse","floor":5,"turns":4},{"damage":16,"enemies":"Gremlin Nob","floor":6,"turns":3},{"damage":8,"enemies":"Small Slimes","floor":7,"turns":3},{"damage":16,"enemies":"Lagavulin","floor":10,"turns":7},{"damage":9,"enemies":"Gremlin Gang","floor":12,"turns":3},{"damage":1,"enemies":"Exordium Thugs","floor":14,"turns":4},{"damage":28,"enemies":"Slime Boss","floor":16,"turns":6},{"damage":12,"enemies":"2 Thieves","floor":18,"turns":3},{"damage":11,"enemies":"Shell Parasite","floor":20,"turns":3},{"damage":28,"enemies":"Colosseum Slavers","floor":22,"turns":3},{"damage":7,"enemies":"Gremlin Leader","floor":28,"turns":2},{"damage":0,"enemies":"Snake Plant","floor":29,"turns":1},{"damage":35,"enemies":"Slavers","floor":30,"turns":3},{"damage":7,"enemies":"Cultist and Chosen","floor":31,"turns":3},{"damage":92,"enemies":"Champ","floor":33,"turns":9}],"seed_played":"7264047138514065538","potions_obtained":[{"floor":1,"key":"AttackPotion"},{"floor":6,"key":"PowerPotion"},{"floor":12,"key":"Dexterity Potion"},{"floor":14,"key":"BloodPotion"},{"floor":16,"key":"Block Potion"},{"floor":28,"key":"Regen Potion"},{"floor":30,"key":"FearPotion"}],"is_trial":false,"path_per_floor":["M","?","?","$","M","E","M","R","T","E","R","M","?","M","R","B",null,"M","?","M","?","?","R","?","R","T","R","E","M","E","M","R","B"],"character_chosen":"IRONCLAD","items_purchased":[],"campfire_rested":3,"item_purchase_floors":[],"current_hp_per_floor":[45,38,35,35,32,22,20,20,20,10,34,31,31,36,36,14,64,58,58,53,53,33,57,57,57,57,57,58,66,42,46,71,0],"gold":404,"neow_bonus":"RANDOM_COLORLESS_2","is_prod":false,"is_daily":false,"chose_seed":false,"campfire_upgraded":4,"win_rate":0,"timestamp":1549181252,"path_taken":["M","?","?","$","?","E","M","R","T","E","R","M","?","?","R","BOSS","M","?","?","?","?","R","?","R","T","R","E","M","E","M","R","BOSS"],"build_version":"2019-01-23","purchased_purges":0,"victory":false,"max_hp_per_floor":[80,80,80,80,80,80,80,80,80,80,80,80,80,80,80,80,80,80,80,80,80,80,80,80,80,80,80,80,80,83,86,86,86],"card_choices":[{"not_picked":["Warcry","Sword Boomerang","Blood for Blood"],"picked":"SKIP","floor":1},{"not_picked":["Reckless Charge","Headbutt"],"picked":"Cleave","floor":5},{"not_picked":["Berserk","Twin Strike","Flex"],"picked":"SKIP","floor":6},{"not_picked":["Body Slam","Clash","Wild Strike"],"picked":"SKIP","floor":7},{"not_picked":["Pummel","Thunderclap","Headbutt"],"picked":"SKIP","floor":10},{"not_picked":["Hemokinesis","Pommel Strike"],"picked":"Rage","floor":12},{"not_picked":["Wild Strike","Spot Weakness","Rage"],"picked":"SKIP","floor":12},{"not_picked":["Body Slam","Metallicize"],"picked":"Bludgeon","floor":14},{"not_picked":["Anger","Bloodletting","Havoc"],"picked":"SKIP","floor":14},{"not_picked":["Exhume","Brutality"],"picked":"Offering","floor":16},{"not_picked":["Warcry+1","Anger+1","True Grit"],"picked":"SKIP","floor":18},{"not_picked":["Clash+1","Anger+1","Flex+1"],"picked":"SKIP","floor":18},{"not_picked":["Anger","Cleave+1"],"picked":"Fiend Fire","floor":20},{"not_picked":["Iron Wave","Bloodletting","Twin Strike"],"picked":"SKIP","floor":20},{"not_picked":["Sentinel+1","Carnage"],"picked":"Feed","floor":28},{"not_picked":["Wild Strike+1","Heavy Blade"],"picked":"Shrug It Off+1","floor":29},{"not_picked":["Blood for Blood","Shrug It Off","Headbutt"],"picked":"SKIP","floor":29},{"not_picked":["Blood for Blood","Shrug It Off","Headbutt"],"picked":"SKIP","floor":29},{"not_picked":["Sword Boomerang","Anger+1","Perfected Strike"],"picked":"SKIP","floor":30},{"not_picked":["Sword Boomerang","Anger+1","Perfected Strike"],"picked":"SKIP","floor":30},{"not_picked":["Heavy Blade+1","Fire Breathing"],"picked":"Disarm+1","floor":31},{"not_picked":["Infernal Blade","Cleave","Dual Wield"],"picked":"SKIP","floor":31}],"player_experience":28051,"relics_obtained":[{"floor":6,"key":"StoneCalendar"},{"floor":9,"key":"Prayer Wheel"},{"floor":10,"key":"Self Forming Clay"},{"floor":26,"key":"Boot"},{"floor":28,"key":"Whetstone"},{"floor":30,"key":"Ancient Tea Set"}],"event_choices":[{"cards_removed":["Strike_R"],"damage_healed":0,"gold_gain":0,"player_choice":"Card Removal","damage_taken":7,"max_hp_gain":0,"max_hp_loss":0,"event_name":"Golden Wing","floor":2,"gold_loss":0},{"damage_healed":0,"gold_gain":0,"player_choice":"Success","damage_taken":3,"relics_obtained":["Sundial"],"max_hp_gain":0,"max_hp_loss":0,"event_name":"Scrap Ooze","floor":3,"gold_loss":0},{"damage_healed":0,"gold_gain":0,"cards_transformed":["Dark Shackles"],"player_choice":"Transformed","damage_taken":0,"max_hp_gain":0,"max_hp_loss":0,"event_name":"Transmorgrifier","floor":13,"gold_loss":0,"cards_obtained":["Enlightenment"]},{"damage_healed":0,"gold_gain":0,"player_choice":"0 cards matched","damage_taken":0,"max_hp_gain":0,"max_hp_loss":0,"event_name":"Match and Keep!","floor":19,"gold_loss":0,"cards_obtained":[]},{"damage_healed":0,"gold_gain":0,"player_choice":"Opened","damage_taken":0,"relics_obtained":["Blood Vial"],"max_hp_gain":0,"max_hp_loss":0,"event_name":"The Mausoleum","floor":21,"gold_loss":0,"cards_obtained":["Writhe"]},{"damage_healed":0,"gold_gain":0,"player_choice":"Fight","damage_taken":0,"max_hp_gain":0,"max_hp_loss":0,"event_name":"Colosseum","floor":22,"gold_loss":0},{"damage_healed":0,"gold_gain":0,"player_choice":"Fled From Nobs","damage_taken":0,"max_hp_gain":0,"max_hp_loss":0,"event_name":"Colosseum","floor":22,"gold_loss":0},{"cards_removed":["Strike_R"],"damage_healed":0,"gold_gain":0,"player_choice":"Gave Gold","damage_taken":0,"max_hp_gain":0,"max_hp_loss":0,"event_name":"Beggar","floor":24,"gold_loss":75}],"is_beta":false,"boss_relics":[{"not_picked":["Runic Dome","Empty Cage"],"picked":"Snecko Eye"}],"items_purged_floors":[],"is_endless":false,"potions_floor_spawned":[1,6,12,14,16,28,30,31],"killed_by":"Champ","ascension_level":10}