{"path_per_floor":["M","?","M","?","M","R","M","R","T","E","T","$","M","M","R","B",null,"M","M","$","?","M","R","M","R","T","M","M","?","R","M","R","B",null,"M","M","?","?","?","E","R","M","T","R","M","M","$","M","R"],"character_chosen":"IRONCLAD","items_purchased":["Jack Of All Trades","Flex","Rupture","Explosive Potion","Fire Potion","Thread and Needle","Block Potion"],"gold_per_floor":[10,10,21,21,36,36,51,51,103,138,165,38,48,61,61,157,187,207,217,48,48,60,60,74,74,128,138,156,156,156,171,171,276,276,288,298,298,298,298,328,328,339,339,339,349,369,12,26,26,26],"floor_reached":50,"campfire_rested":4,"playtime":2363,"current_hp_per_floor":[75,75,76,76,79,79,70,70,70,68,68,68,69,75,75,39,75,74,72,72,72,75,75,56,81,81,66,65,85,85,83,83,29,71,71,51,51,72,72,38,63,14,24,52,40,42,42,44,72,0],"items_purged":[],"gold":26,"score":704,"play_id":"0c8abfd6-8b9c-4bea-9a62-530f73ea5f46","local_time":"20180323232028","is_prod":false,"is_daily":false,"is_ascension_mode":true,"campfire_upgraded":6,"timestamp":1521840028,"path_taken":["M","?","M","?","M","R","M","R","T","E","?","$","M","M","R","BOSS","M","M","$","?","M","R","M","R","T","M","M","?","R","M","R","BOSS","M","M","?","?","?","E","R","M","T","R","M","M","$","?","R","BOSS"],"build_version":"2018-03-22v2","purchased_purges":1,"victory":false,"master_deck":["Strike_R","Strike_R","Strike_R","Strike_R","Strike_R","Defend_R","Defend_R","Defend_R","Defend_R","Bash+1","Demon Form+1","Offering","Blood for Blood+1","Hemokinesis+1","Double Tap+1","Jack Of All Trades+1","Flex+1","Heavy Blade+1","Offering+1","Rupture+1","Flex+1","Reckless Charge+1","Rage+1","Infernal Blade+1","Limit Break+1","Rage+1","Heavy Blade+1","Writhe","Flex+1","Armaments+1"],"max_hp_per_floor":[80,80,80,80,80,80,80,80,80,80,80,80,80,80,80,80,85,85,85,85,85,85,85,85,85,85,85,85,85,85,85,85,85,85,85,85,85,85,85,85,85,85,95,95,95,95,95,95,95,95],"relics":["Black Blood","Happy Flower","Pen Nib","Toxic Egg 2","Bronze Scales","Tiny House","Vajra","Orichalcum","Pear","Thread and Needle"],"card_choices":[{"not_picked":["Double Tap","Barricade"],"picked":"Demon Form","floor":0},{"not_picked":["Wild Strike","Warcry"],"picked":"Offering","floor":1},{"not_picked":["Wild Strike","Body Slam"],"picked":"Anger","floor":3},{"not_picked":["Clothesline","Pommel Strike"],"picked":"Blood for Blood","floor":5},{"not_picked":["Cleave","Headbutt"],"picked":"Hemokinesis","floor":7},{"not_picked":["Ghostly Armor","Warcry"],"picked":"Double Tap","floor":10},{"not_picked":["Seeing Red","Cleave"],"picked":"Heavy Blade","floor":13},{"not_picked":["Feed","Berserk"],"picked":"Offering","floor":16},{"not_picked":["Heavy Blade","Ghostly Armor"],"picked":"Flex","floor":24},{"not_picked":["Entrench","Body Slam"],"picked":"Reckless Charge","floor":27},{"not_picked":["Heavy Blade","Barricade"],"picked":"Rage","floor":28},{"not_picked":["Body Slam","Second Wind"],"picked":"Infernal Blade","floor":31},{"not_picked":["Exhume","Immolate"],"picked":"Limit Break","floor":33},{"not_picked":["Sever Soul","Sword Boomerang"],"picked":"Rage","floor":35},{"not_picked":["Perfected Strike","Cleave"],"picked":"Heavy Blade","floor":36},{"not_picked":["Warcry","Disarm"],"picked":"Flex","floor":42},{"not_picked":["Havoc","Warcry"],"picked":"Armaments","floor":48}],"player_experience":320110,"potions_floor_usage":[10,16,16,22,22,24,28,33,33,40,40,40,45,46,50],"damage_taken":[{"damage":3,"enemies":"2 Louse","floor":1,"turns":3},{"damage":5,"enemies":"Cultist","floor":3,"turns":3},{"damage":3,"enemies":"Small Slimes","floor":5,"turns":4},{"damage":15,"enemies":"Blue Slaver","floor":7,"turns":3},{"damage":8,"enemies":"Gremlin Nob","floor":10,"turns":3},{"damage":5,"enemies":"3 Louse","floor":13,"turns":3},{"damage":0,"enemies":"2 Fungi Beasts","floor":14,"turns":2},{"damage":42,"enemies":"Hexaghost","floor":16,"turns":4},{"damage":7,"enemies":"Chosen","floor":18,"turns":2},{"damage":8,"enemies":"2 Thieves","floor":19,"turns":1},{"damage":3,"enemies":"Snake Plant","floor":22,"turns":2},{"damage":25,"enemies":"Snecko","floor":24,"turns":3},{"damage":21,"enemies":"Centurion and Healer","floor":27,"turns":3},{"damage":7,"enemies":"Cultist and Chosen","floor":28,"turns":3},{"damage":8,"enemies":"3 Cultists","floor":31,"turns":4},{"damage":60,"enemies":"Collector","floor":33,"turns":5},{"damage":10,"enemies":"Orb Walker","floor":35,"turns":2},{"damage":30,"enemies":"3 Darklings","floor":36,"turns":4},{"damage":44,"enemies":"2 Orb Walkers","floor":40,"turns":3},{"damage":59,"enemies":"4 Shapes","floor":42,"turns":5},{"damage":34,"enemies":"Maw","floor":45,"turns":5},{"damage":8,"enemies":"3 Darklings","floor":46,"turns":2},{"damage":8,"enemies":"Sphere and 2 Shapes","floor":48,"turns":1},{"damage":77,"enemies":"Awakened One","floor":50,"turns":5}],"event_choices":[{"event_name":"Golden Wing","player_choice":"Ignored","floor":2,"damage_taken":0},{"event_name":"Wheel of Change","player_choice":"Relic","floor":4,"damage_taken":0},{"event_name":"Vampires","player_choice":"Ignored","floor":21,"damage_taken":0},{"event_name":"The Library","player_choice":"Heal","floor":29,"damage_taken":0},{"event_name":"Winding Halls","player_choice":"Writhe","floor":38,"damage_taken":0},{"event_name":"The Lab","player_choice":"Got Potions","floor":39,"damage_taken":0}],"boss_relics":[{"not_picked":["Runic Cube","White Beast Statue"],"picked":"Tiny House"},{"not_picked":["Calling Bell","Runic Dome"],"picked":"Black Blood"}],"potions_floor_spawned":[3,5,7,24,27,28,33,42,45],"seed_played":"-5990610764004139020","killed_by":"Awakened One","ascension_level":7,"is_trial":false}