{"path_per_floor":["M","$","?","?","M","R","M","E","T","M","E","R","?","?","R"],"character_chosen":"IRONCLAD","items_purchased":["Blind"],"gold_per_floor":[111,18,193,193,217,217,242,286,310,331,370,370,370,370,370],"floor_reached":16,"campfire_rested":1,"playtime":839,"current_hp_per_floor":[78,78,78,78,77,77,80,55,55,61,67,67,34,34,58],"items_purged":[],"gold":370,"score":140,"play_id":"ca38dcec-ab34-469e-9981-dc16946491a0","local_time":"20180310183002","is_prod":false,"is_daily":false,"is_ascension_mode":true,"campfire_upgraded":2,"timestamp":1520699402,"path_taken":["M","$","?","?","M","R","M","E","T","M","E","R","?","?","R","BOSS"],"build_version":"2018-03-09","purchased_purges":0,"victory":false,"master_deck":["Strike_R","Strike_R+1","Strike_R+1","Strike_R","Strike_R","Defend_R","Defend_R","Defend_R","Defend_R","Bash","Headbutt","Blind+1","Doubt","Injury","Bludgeon","Infernal Blade+1","Seeing Red","Rupture","Whirlwind"],"max_hp_per_floor":[80,80,80,80,80,80,80,80,80,80,80,80,80,80,80],"relics":["Burning Blood","Dream Catcher","Golden Idol","Happy Flower","Anchor","Whetstone","Ornamental Fan"],"card_choices":[{"not_picked":["Seeing Red","Warcry"],"picked":"Headbutt"},{"not_picked":["Pummel","Metallicize"],"picked":"Bludgeon"},{"not_picked":["Anger","Shrug It Off"],"picked":"Infernal Blade"},{"not_picked":["Body Slam","Feel No Pain"],"picked":"Seeing Red"},{"not_picked":["Bloodletting","Blood for Blood"],"picked":"Rupture"},{"not_picked":["Uppercut","Pommel Strike"],"picked":"Whirlwind"}],"player_experience":265525,"potions_floor_usage":[11,11],"damage_taken":[{"damage":0,"enemies":"Small Slimes","floor":1,"turns":4},{"damage":7,"enemies":"Jaw Worm","floor":5,"turns":3},{"damage":0,"enemies":"Cultist","floor":7,"turns":2},{"damage":31,"enemies":"Gremlin Nob","floor":8,"turns":4},{"damage":0,"enemies":"Large Slime","floor":10,"turns":4},{"damage":4,"enemies":"3 Sentries","floor":11,"turns":4},{"damage":67,"enemies":"Slime Boss","floor":16,"turns":9}],"event_choices":[{"event_name":"Liars Game","player_choice":"agreed","floor":3,"damage_taken":0},{"event_name":"Golden Idol","player_choice":"Take Wound","floor":4,"damage_taken":0},{"event_name":"Scrap Ooze","player_choice":"success","floor":13,"damage_taken":33},{"event_name":"Dead Adventurer","player_choice":"Searched \u00270\u0027 times","floor":14,"damage_taken":0}],"boss_relics":[],"potions_floor_spawned":[5,7,8],"seed_played":"738174843192384542","killed_by":"Slime Boss","ascension_level":6,"is_trial":false}