{"path_per_floor":["M","M","?","M","M","R","M","?","T","E","M","M","$","E","R","B",null,"M","M","M","$","M","R"],"character_chosen":"IRONCLAD","items_purchased":["Weak Potion","Uppercut","Burning Pact","Infernal Blade"],"gold_per_floor":[118,131,131,143,153,153,165,188,188,214,229,247,160,190,190,290,290,305,318,329,191,210,210,210],"floor_reached":24,"campfire_rested":3,"playtime":1923,"current_hp_per_floor":[72,66,52,58,58,72,72,71,71,26,18,24,24,26,47,36,65,67,63,51,51,50,72,0],"items_purged":[],"gold":210,"score":286,"play_id":"71d7e0df-fef4-4349-9a9c-5a3247cc2a5b","local_time":"20180331181230","is_prod":false,"is_daily":false,"is_ascension_mode":true,"campfire_upgraded":0,"timestamp":1522509150,"path_taken":["M","M","?","M","M","R","M","?","T","E","M","?","$","E","R","BOSS","M","M","M","$","M","R","E"],"build_version":"2018-03-29v2","purchased_purges":0,"victory":false,"master_deck":["Bash","Fiend Fire","Warcry+1","True Grit","Sentinel","Feel No Pain","Armaments","Warcry","Feel No Pain","Infernal Blade","Pummel","Uppercut","Feed","Offering","Shrug It Off","Clothesline","Cleave","Shrug It Off","Dropkick","Rage","Clothesline","Shrug It Off","Feel No Pain","Entrench","Infernal Blade","Warcry","Burning Pact","Infernal Blade","Pummel"],"max_hp_per_floor":[72,72,72,72,72,72,72,72,72,72,72,72,72,72,72,75,75,75,75,75,75,75,75,75],"relics":["Burning Blood","Odd Mushroom","Champion Belt","Orichalcum","Bronze Scales","Pandora\u0027s Box"],"card_choices":[{"not_picked":["Brutality","Berserk"],"picked":"Fiend Fire","floor":0},{"not_picked":["Rage","Iron Wave"],"picked":"Warcry","floor":1},{"not_picked":["Thunderclap","Clash"],"picked":"True Grit","floor":2},{"not_picked":["Flex","Hemokinesis"],"picked":"Sentinel","floor":4},{"not_picked":["Headbutt","Wild Strike"],"picked":"Feel No Pain","floor":5},{"not_picked":["Anger","Demon Form"],"picked":"Armaments","floor":7},{"not_picked":["Body Slam","Shrug It Off"],"picked":"Warcry","floor":8},{"not_picked":["Perfected Strike","Dropkick"],"picked":"Feel No Pain","floor":10},{"not_picked":["Havoc","Wild Strike"],"picked":"Infernal Blade","floor":11},{"not_picked":["Sword Boomerang","Dropkick"],"picked":"Pummel","floor":12},{"not_picked":["Spot Weakness","Armaments"],"picked":"Feed","floor":14},{"not_picked":["Bludgeon","Double Tap"],"picked":"Offering","floor":16},{"not_picked":["Perfected Strike","Wild Strike"],"picked":"Entrench","floor":18},{"not_picked":["Body Slam","Combust"],"picked":"Infernal Blade","floor":19},{"not_picked":["Spot Weakness","Second Wind"],"picked":"Warcry","floor":20},{"not_picked":["Twin Strike","Thunderclap"],"picked":"Pummel","floor":22}],"player_experience":332561,"potions_floor_usage":[5,8,8,14,16,16,20,22],"damage_taken":[{"damage":1,"enemies":"Cultist","floor":1,"turns":3},{"damage":12,"enemies":"Jaw Worm","floor":2,"turns":3},{"damage":0,"enemies":"2 Louse","floor":4,"turns":3},{"damage":6,"enemies":"Looter","floor":5,"turns":3},{"damage":0,"enemies":"Large Slime","floor":7,"turns":4},{"damage":7,"enemies":"The Mushroom Lair","floor":8,"turns":5},{"damage":51,"enemies":"Lagavulin","floor":10,"turns":7},{"damage":14,"enemies":"Red Slaver","floor":11,"turns":6},{"damage":0,"enemies":"Looter","floor":12,"turns":3},{"damage":4,"enemies":"Gremlin Nob","floor":14,"turns":4},{"damage":20,"enemies":"The Guardian","floor":16,"turns":13},{"damage":4,"enemies":"Spheric Guardian","floor":18,"turns":4},{"damage":10,"enemies":"3 Byrds","floor":19,"turns":3},{"damage":18,"enemies":"Slaver and Parasite","floor":20,"turns":4},{"damage":7,"enemies":"Snecko","floor":22,"turns":4},{"damage":84,"enemies":"Gremlin Leader","floor":24,"turns":8}],"event_choices":[{"event_name":"Shining Light","player_choice":"Entered Light","floor":3,"damage_taken":0},{"event_name":"Mushrooms","player_choice":"Fought Mushrooms","floor":8,"damage_taken":0}],"boss_relics":[{"not_picked":["Black Blood","Orrery"],"picked":"Pandora\u0027s Box"}],"potions_floor_spawned":[4,5,7,11,12,18,20],"seed_played":"8481681497552646850","killed_by":"Gremlin Leader","ascension_level":7,"is_trial":false}