{"gold_per_floor":[110,110,385,403,403,436,6,6,6,6,17,17,44,60,60,139,139,154,188,204,129,144,144,170,170,170,170,170,12,31,50,50,129,129,147,47,67,84,84,84,114,128,154,189,189,189,189,189,189,189,189,189,189,18,18],"floor_reached":55,"playtime":2172,"items_purged":["Decay","Strike_B"],"score":2051,"play_id":"00c3bd53-b2cb-41b0-9afb-cb0d3429fb9f","local_time":"20190319223747","is_ascension_mode":true,"campfire_choices":[{"data":"Capacitor","floor":10.0,"key":"SMITH"},{"data":"Zap","floor":12.0,"key":"SMITH"},{"data":"Coolheaded","floor":15.0,"key":"SMITH"},{"data":"Electrodynamics","floor":23.0,"key":"SMITH"},{"floor":27.0,"key":"REST"},{"data":"Defragment","floor":32.0,"key":"SMITH"},{"data":"Blizzard","floor":40.0,"key":"SMITH"},{"data":"Chaos","floor":45.0,"key":"SMITH"},{"floor":47.0,"key":"REST"},{"floor":49.0,"key":"RECALL"},{"data":"Coolheaded","floor":53.0,"key":"SMITH"}],"neow_cost":"NONE","seed_source_timestamp":12620259107500,"circlet_count":0,"master_deck":["AscendersBane","Strike_B","Defend_B","Defend_B","Defend_B","Defend_B","Zap+1","Dualcast","Chill","Ball Lightning+1","Capacitor+1","Coolheaded+1","Melter+1","Electrodynamics+1","Blizzard+1","Defragment+1","Coolheaded+1","Coolheaded","Rainbow","Redo+1","Leap+1","Chaos+1"],"special_seed":0,"relics":["Cracked Core","NeowsBlessing","Gambling Chip","Spirit Poop","FossilizedHelix","DataDisk","Ancient Tea Set","Bird Faced Urn","Pen Nib","Nuclear Battery","Red Mask","Centennial Puzzle","Letter Opener","Inserter","Whetstone","Bag of Marbles","Oddly Smooth Stone"],"potions_floor_usage":[],"damage_taken":[{"damage":0.0,"enemies":"Jaw Worm","floor":1.0,"turns":1.0},{"damage":0.0,"enemies":"2 Louse","floor":4.0,"turns":1.0},{"damage":0.0,"enemies":"Lagavulin","floor":6.0,"turns":1.0},{"damage":0.0,"enemies":"Cultist","floor":11.0,"turns":2.0},{"damage":0.0,"enemies":"3 Sentries","floor":13.0,"turns":7.0},{"damage":0.0,"enemies":"Looter","floor":14.0,"turns":3.0},{"damage":0.0,"enemies":"Hexaghost","floor":16.0,"turns":7.0},{"damage":11.0,"enemies":"2 Thieves","floor":18.0,"turns":2.0},{"damage":6.0,"enemies":"Masked Bandits","floor":19.0,"turns":2.0},{"damage":0.0,"enemies":"Spheric Guardian","floor":20.0,"turns":1.0},{"damage":0.0,"enemies":"Centurion and Healer","floor":22.0,"turns":4.0},{"damage":57.0,"enemies":"Book of Stabbing","floor":24.0,"turns":5.0},{"damage":2.0,"enemies":"Chosen and Byrds","floor":30.0,"turns":4.0},{"damage":0.0,"enemies":"Cultist and Chosen","floor":31.0,"turns":3.0},{"damage":10.0,"enemies":"Collector","floor":33.0,"turns":11.0},{"damage":0.0,"enemies":"3 Darklings","floor":35.0,"turns":3.0},{"damage":0.0,"enemies":"Orb Walker","floor":37.0,"turns":3.0},{"damage":0.0,"enemies":"Jaw Worm Horde","floor":38.0,"turns":2.0},{"damage":17.0,"enemies":"Reptomancer","floor":41.0,"turns":6.0},{"damage":0.0,"enemies":"Sphere and 2 Shapes","floor":42.0,"turns":3.0},{"damage":43.0,"enemies":"Nemesis","floor":44.0,"turns":39.0},{"damage":36.0,"enemies":"Donu and Deca","floor":50.0,"turns":11.0},{"damage":19.0,"enemies":"Time Eater","floor":51.0,"turns":17.0},{"damage":63,"enemies":"Shield and Spear","floor":55,"turns":5}],"seed_played":"6135146086442415109","potions_obtained":[{"floor":4.0,"key":"Block Potion"},{"floor":11.0,"key":"SkillPotion"},{"floor":18.0,"key":"FearPotion"},{"floor":19.0,"key":"Fire Potion"},{"floor":24.0,"key":"SteroidPotion"},{"floor":41.0,"key":"PowerPotion"},{"floor":42.0,"key":"Dexterity Potion"}],"is_trial":false,"path_per_floor":["M","?","?","M","?","E","$","T","T","R","M","R","E","M","R","B",null,"M","?","M","?","M","R","E","$","T","R","?","$","M","M","R","B",null,"M","$","M","M","?","R","E","M","T","E","R","?","R","$","R","B","B",null,"R","$","E"],"character_chosen":"DEFECT","items_purchased":["DataDisk","Ancient Tea Set","Capacitor","Coolheaded","Defragment","LiquidBronze","LiquidBronze"],"campfire_rested":2,"item_purchase_floors":[7,7,7,7,29,54,54],"current_hp_per_floor":[64,38,38,38,38,38,38,38,38,38,38,38,40,42,42,44,64,55,53,53,53,57,57,4,4,4,25,25,25,29,35,35,31,61,65,65,71,71,71,71,54,58,58,23,23,23,44,44,44,14,1,54,54,54,0],"gold":18,"neow_bonus":"THREE_ENEMY_KILL","is_prod":false,"is_daily":false,"chose_seed":false,"campfire_upgraded":8,"win_rate":0,"timestamp":1553002667,"path_taken":["M","?","?","?","?","E","$","?","T","R","M","R","E","?","R","BOSS","M","?","M","?","M","R","E","$","T","R","?","$","M","M","R","BOSS","M","$","M","M","?","R","E","M","T","E","R","?","R","?","R","BOSS","BOSS","R","$","E"],"build_version":"2019-01-23","purchased_purges":2,"victory":false,"max_hp_per_floor":[71,71,71,71,71,71,71,71,71,71,71,71,71,71,71,71,71,71,71,71,71,71,71,71,71,71,71,71,71,71,71,71,71,71,71,71,71,71,71,71,71,71,71,71,71,71,71,71,71,71,71,71,71,71,71],"card_choices":[{"not_picked":["Conserve Battery","Hologram","Stack"],"picked":"SKIP","floor":1.0},{"not_picked":["Auto Shields","Hologram"],"picked":"Chill","floor":4.0},{"not_picked":["Blizzard","Compile Driver"],"picked":"Ball Lightning","floor":6.0},{"not_picked":["Steam Power","Meteor Strike","Stack"],"picked":"SKIP","floor":11.0},{"not_picked":["Heatsinks","Scrape"],"picked":"Melter","floor":13.0},{"not_picked":["Steam","Heatsinks","Tempest"],"picked":"SKIP","floor":14.0},{"not_picked":["Rainbow","Biased Cognition"],"picked":"Electrodynamics","floor":16.0},{"not_picked":["Compile Driver","Turbo","FTL"],"picked":"SKIP","floor":18.0},{"not_picked":["Rebound","Steam","Steam Power"],"picked":"SKIP","floor":20.0},{"not_picked":["Force Field","Compile Driver"],"picked":"Blizzard","floor":22.0},{"not_picked":["Hyperbeam","Aggregate","Steam"],"picked":"SKIP","floor":24.0},{"not_picked":["Compile Driver+1","Redo"],"picked":"Coolheaded","floor":30.0},{"not_picked":["Skim","Turbo"],"picked":"Coolheaded","floor":31.0},{"not_picked":["All For One","Multi-Cast"],"picked":"Rainbow","floor":33.0},{"not_picked":["Gash","Sunder+1"],"picked":"Redo+1","floor":35.0},{"not_picked":["Genetic Algorithm","Steam+1","Beam Cell"],"picked":"SKIP","floor":37.0},{"not_picked":["Storm","Rebound+1","Reprogram"],"picked":"SKIP","floor":38.0},{"not_picked":["Hello World","Conserve Battery"],"picked":"Leap+1","floor":41.0},{"not_picked":["Go for the Eyes","Barrage","Tempest"],"picked":"SKIP","floor":42.0},{"not_picked":["Capacitor","Rainbow"],"picked":"Chaos","floor":44.0}],"player_experience":2387996,"relics_obtained":[{"floor":6.0,"key":"FossilizedHelix"},{"floor":9.0,"key":"Bird Faced Urn"},{"floor":13.0,"key":"Pen Nib"},{"floor":19.0,"key":"Red Mask"},{"floor":24.0,"key":"Centennial Puzzle"},{"floor":26.0,"key":"Letter Opener"},{"floor":41.0,"key":"Whetstone"},{"floor":43.0,"key":"Bag of Marbles"},{"floor":44.0,"key":"Oddly Smooth Stone"}],"event_choices":[{"damage_healed":0.0,"max_hp_gain":0.0,"max_hp_loss":0.0,"gold_gain":0.0,"event_name":"Scrap Ooze","player_choice":"Success","floor":2.0,"gold_loss":0.0,"damage_taken":26.0,"relics_obtained":["Gambling Chip"]},{"damage_healed":0.0,"max_hp_gain":0.0,"max_hp_loss":0.0,"gold_gain":275.0,"event_name":"Golden Shrine","player_choice":"Desecrate","floor":3.0,"gold_loss":0.0,"damage_taken":0.0,"cards_obtained":["Regret"]},{"cards_removed":["Regret"],"damage_healed":0.0,"max_hp_gain":0.0,"max_hp_loss":0.0,"gold_gain":0.0,"event_name":"Bonfire Elementals","player_choice":"Offered Curse","floor":5.0,"gold_loss":0.0,"damage_taken":0.0,"relics_obtained":["Spirit Poop"]},{"damage_healed":0.0,"max_hp_gain":0.0,"max_hp_loss":0.0,"gold_gain":0.0,"event_name":"Masked Bandits","player_choice":"Fought Bandits","floor":19.0,"gold_loss":0.0,"damage_taken":0.0},{"cards_removed":["Strike_B"],"damage_healed":0.0,"max_hp_gain":0.0,"max_hp_loss":0.0,"gold_gain":0.0,"event_name":"Beggar","player_choice":"Gave Gold","floor":21.0,"gold_loss":75.0,"damage_taken":0.0},{"damage_healed":0.0,"max_hp_gain":0.0,"max_hp_loss":0.0,"gold_gain":0.0,"event_name":"Forgotten Altar","player_choice":"Smashed Altar","floor":28.0,"gold_loss":0.0,"damage_taken":0.0,"cards_obtained":["Decay"]},{"cards_removed":["Strike_B"],"damage_healed":0.0,"max_hp_gain":0.0,"max_hp_loss":0.0,"gold_gain":0.0,"event_name":"Falling","player_choice":"Removed Attack","floor":39.0,"gold_loss":0.0,"damage_taken":0.0},{"damage_healed":0.0,"max_hp_gain":0.0,"max_hp_loss":0.0,"gold_gain":0.0,"event_name":"Mysterious Sphere","player_choice":"Ignored","floor":46.0,"gold_loss":0.0,"damage_taken":0.0}],"is_beta":false,"boss_relics":[{"not_picked":["Tiny House","Runic Pyramid"],"picked":"Nuclear Battery"},{"not_picked":["Velvet Choker","Sozu"],"picked":"Inserter"}],"items_purged_floors":[29,36],"is_endless":false,"potions_floor_spawned":[4,11,13,18,19,24,33,41,42],"killed_by":"Shield and Spear","ascension_level":20}