{"gold_per_floor":[111,36,54,73,73,73,98,98,98,98,128,148,159,186,186,260,260,270,160,8,20,70,105,105,130,153,167,167,167],"floor_reached":29,"playtime":1255,"items_purged":["Defend_B"],"score":662,"play_id":"64449d4e-4ea1-41f9-8988-6803897d75bb","local_time":"20190224114456","is_ascension_mode":true,"campfire_choices":[{"data":"Zap","floor":6,"key":"SMITH"},{"data":"Barrage","floor":8,"key":"SMITH"},{"data":"Coolheaded","floor":10,"key":"SMITH"},{"data":"Creative AI","floor":15,"key":"SMITH"},{"floor":24,"key":"REST"}],"neow_cost":"NONE","seed_source_timestamp":344436981871600,"circlet_count":0,"master_deck":["AscendersBane","Strike_B","Strike_B+1","Strike_B","Defend_B","Defend_B+1","Zap+1","Dualcast+1","Coolheaded+1","Self Repair","Chill","Barrage+1","Creative AI+1","White Noise","Melter+1","White Noise","Core Surge","Glacier+1","Defragment+1","Consume","Consume"],"relics":["Cracked Core","NeowsBlessing","Bird Faced Urn","StoneCalendar","Dodecahedron","Bottled Lightning","Gambling Chip","Inserter","Whetstone","Blood Vial","War Paint"],"potions_floor_usage":[7,21,27,28,28],"damage_taken":[{"damage":0,"enemies":"Small Slimes","floor":1,"turns":1},{"damage":0,"enemies":"Jaw Worm","floor":3,"turns":1},{"damage":0,"enemies":"Cultist","floor":4,"turns":1},{"damage":46,"enemies":"Gremlin Nob","floor":7,"turns":5},{"damage":5,"enemies":"3 Sentries","floor":11,"turns":7},{"damage":15,"enemies":"Exordium Thugs","floor":12,"turns":6},{"damage":0,"enemies":"Large Slime","floor":13,"turns":4},{"damage":31,"enemies":"Lagavulin","floor":14,"turns":8},{"damage":0,"enemies":"Slime Boss","floor":16,"turns":7},{"damage":47,"enemies":"Shell Parasite","floor":18,"turns":7},{"damage":0,"enemies":"3 Byrds","floor":21,"turns":5},{"damage":66,"enemies":"Book of Stabbing","floor":23,"turns":7},{"damage":44,"enemies":"Slavers","floor":25,"turns":7},{"damage":23,"enemies":"3 Cultists","floor":27,"turns":7},{"damage":13,"enemies":"Colosseum Slavers","floor":28,"turns":7},{"damage":39,"enemies":"Book of Stabbing","floor":29,"turns":8}],"seed_played":"6628488783261247129","potions_obtained":[{"floor":3,"key":"Ancient Potion"},{"floor":13,"key":"Explosive Potion"},{"floor":16,"key":"SteroidPotion"},{"floor":21,"key":"EssenceOfSteel"},{"floor":25,"key":"FocusPotion"},{"floor":27,"key":"FocusPotion"}],"is_trial":false,"path_per_floor":["M","?","M","M","T","R","E","R","T","R","E","M","M","E","R","B",null,"M","?","$","M","?","E","R","E","T","M","?","E"],"character_chosen":"DEFECT","items_purchased":["Glacier"],"campfire_rested":1,"item_purchase_floors":[20],"current_hp_per_floor":[64,64,64,64,64,64,27,27,27,27,31,35,46,38,38,69,71,47,47,47,71,71,26,47,20,20,18,28,0],"gold":167,"neow_bonus":"THREE_ENEMY_KILL","is_prod":false,"is_daily":false,"chose_seed":false,"campfire_upgraded":4,"win_rate":0,"timestamp":1550976296,"path_taken":["M","?","M","M","?","R","E","R","T","R","E","M","M","E","R","BOSS","M","?","?","M","?","E","R","E","T","M","?","E"],"build_version":"2019-01-23","purchased_purges":1,"victory":false,"max_hp_per_floor":[71,71,71,71,71,71,71,71,71,71,71,71,71,71,71,71,71,71,71,71,71,71,71,71,71,71,71,71,71],"card_choices":[{"not_picked":["Barrage","Redo"],"picked":"Coolheaded","floor":1},{"not_picked":["Redo","Beam Cell"],"picked":"Self Repair","floor":3},{"not_picked":["Rebound","Recycle"],"picked":"Chill","floor":4},{"not_picked":["Conserve Battery","BootSequence"],"picked":"Barrage","floor":7},{"not_picked":["Darkness","Go for the Eyes"],"picked":"Creative AI","floor":11},{"not_picked":["Recycle","Rebound"],"picked":"White Noise","floor":12},{"not_picked":["Compile Driver","Barrage"],"picked":"Melter","floor":13},{"not_picked":["Gash","Lockon"],"picked":"White Noise","floor":14},{"not_picked":["Reboot","Hyperbeam"],"picked":"Core Surge","floor":16},{"not_picked":["FTL","Ball Lightning","Aggregate"],"picked":"SKIP","floor":18},{"not_picked":["Conserve Battery","Gash"],"picked":"Defragment+1","floor":21},{"not_picked":["Darkness","Rebound+1"],"picked":"Consume","floor":23},{"not_picked":["Ball Lightning","Auto Shields"],"picked":"Consume","floor":25},{"not_picked":["Fusion","FTL","Redo"],"picked":"SKIP","floor":27}],"player_experience":1785406,"relics_obtained":[{"floor":5,"key":"Bird Faced Urn"},{"floor":7,"key":"StoneCalendar"},{"floor":9,"key":"Dodecahedron"},{"floor":11,"key":"Bottled Lightning"},{"floor":14,"key":"Gambling Chip"},{"floor":23,"key":"Whetstone"},{"floor":25,"key":"Blood Vial"},{"floor":26,"key":"War Paint"}],"event_choices":[{"cards_removed":["Defend_B"],"damage_healed":0,"gold_gain":0,"player_choice":"Card Removal","damage_taken":0,"max_hp_gain":0,"max_hp_loss":0,"event_name":"The Cleric","floor":2,"gold_loss":75},{"cards_removed":["Strike_B"],"damage_healed":0,"gold_gain":0,"player_choice":"Upgrade and Remove","damage_taken":0,"max_hp_gain":0,"max_hp_loss":0,"event_name":"Designer","floor":19,"gold_loss":110,"cards_upgraded":["Dualcast"]},{"damage_healed":0,"gold_gain":50,"player_choice":"Stole From Cult","damage_taken":0,"max_hp_gain":0,"max_hp_loss":0,"event_name":"Nest","floor":22,"gold_loss":0},{"damage_healed":0,"gold_gain":0,"player_choice":"Fight","damage_taken":0,"max_hp_gain":0,"max_hp_loss":0,"event_name":"Colosseum","floor":28,"gold_loss":0},{"damage_healed":0,"gold_gain":0,"player_choice":"Fled From Nobs","damage_taken":0,"max_hp_gain":0,"max_hp_loss":0,"event_name":"Colosseum","floor":28,"gold_loss":0}],"is_beta":false,"boss_relics":[{"not_picked":["Runic Pyramid","Busted Crown"],"picked":"Inserter"}],"items_purged_floors":[20],"is_endless":false,"potions_floor_spawned":[3,13,16,18,21,25,27],"killed_by":"Book of Stabbing","ascension_level":20}