{"gold_per_floor":[14,24,24,24,36,36,49,49,49,49,78,141,141,176,176,251,251,261,261,279,290,290,290,317,317,317,1,18,18,35,62,74,157,169,194,206,318,347,359,371,416,428,440,452,464,476,499,521,533,545],"floor_reached":50,"playtime":1624,"items_purged":["Doubt"],"score":1057,"play_id":"ee3c8142-dc7b-45f5-b638-86783a26b9d9","local_time":"20190418204049","is_ascension_mode":true,"campfire_choices":[{"data":"1","floor":6,"key":"LIFT"},{"data":"2","floor":8,"key":"LIFT"},{"data":"3","floor":10,"key":"LIFT"},{"data":"True Grit","floor":15,"key":"SMITH"},{"data":"Whirlwind","floor":23,"key":"SMITH"},{"data":"Limit Break","floor":25,"key":"SMITH"},{"data":"Pommel Strike","floor":32,"key":"SMITH"},{"data":"Strike_R","floor":40,"key":"PURGE"},{"floor":42,"key":"REST"},{"data":"Strike_R","floor":44,"key":"PURGE"},{"floor":49,"key":"RECALL"}],"neow_cost":"NO_GOLD","seed_source_timestamp":231850457199300,"circlet_count":0,"master_deck":["AscendersBane","Strike_R","Defend_R","Defend_R+1","Defend_R","Bash+1","Seeing Red","Shrug It Off","Twin Strike","Feed","True Grit+1","Whirlwind+1","Limit Break+1","Pommel Strike+1","Limit Break","Deep Breath","Feel No Pain+1","Barricade"],"relics":["Burning Blood","Girya","Meat on the Bone","Sundial","The Courier","Cursed Key","Nloth\u0027s Gift","Bottled Lightning","Medical Kit","MawBank","Runic Pyramid","Peace Pipe","Potion Belt"],"potions_floor_usage":[20,24,24,31,41],"damage_taken":[{"damage":7,"enemies":"Jaw Worm","floor":1,"turns":3},{"damage":6,"enemies":"Cultist","floor":2,"turns":3},{"damage":3,"enemies":"Small Slimes","floor":5,"turns":4},{"damage":11,"enemies":"Looter","floor":7,"turns":2},{"damage":22,"enemies":"3 Sentries","floor":11,"turns":12},{"damage":3,"enemies":"Gremlin Nob","floor":12,"turns":3},{"damage":31,"enemies":"Gremlin Nob","floor":14,"turns":4},{"damage":3,"enemies":"The Guardian","floor":16,"turns":12},{"damage":13,"enemies":"Spheric Guardian","floor":18,"turns":5},{"damage":4,"enemies":"Shell Parasite","floor":20,"turns":3},{"damage":13,"enemies":"Centurion and Healer","floor":21,"turns":5},{"damage":27,"enemies":"Slavers","floor":24,"turns":4},{"damage":18,"enemies":"Snake Plant","floor":28,"turns":3},{"damage":25,"enemies":"Snecko","floor":30,"turns":5},{"damage":27,"enemies":"Book of Stabbing","floor":31,"turns":4},{"damage":40,"enemies":"Champ","floor":33,"turns":7},{"damage":6,"enemies":"3 Shapes","floor":35,"turns":5},{"damage":0,"enemies":"Mind Bloom Boss Battle","floor":37,"turns":4},{"damage":34,"enemies":"3 Darklings","floor":38,"turns":5},{"damage":65,"enemies":"Reptomancer","floor":41,"turns":5},{"damage":36,"enemies":"Writhing Mass","floor":47,"turns":5},{"damage":23,"enemies":"Maw","floor":48,"turns":5},{"damage":19,"enemies":"Donu and Deca","floor":50,"turns":2}],"seed_played":"-6832916040196130091","potions_obtained":[{"floor":11,"key":"Ancient Potion"},{"floor":12,"key":"Fire Potion"},{"floor":14,"key":"FearPotion"},{"floor":18,"key":"PowerPotion"},{"floor":20,"key":"Ancient Potion"},{"floor":30,"key":"Regen Potion"},{"floor":35,"key":"SkillPotion"},{"floor":47,"key":"SteroidPotion"}],"is_trial":false,"path_per_floor":["M","M","?","?","M","R","M","R","T","R","E","?","?","E","R","B",null,"M","?","M","M","?","R","E","R","T","$","M","?","M","E","R","B",null,"M","?","?","M","?","R","E","R","T","R","?","T","M","M","R","B"],"character_chosen":"IRONCLAD","items_purchased":["Medical Kit","Deep Breath"],"campfire_rested":1,"item_purchase_floors":[27,27],"current_hp_per_floor":[67,67,44,44,47,47,42,42,42,42,41,56,49,36,36,51,71,67,67,72,68,68,68,62,62,62,62,62,62,58,64,64,42,83,86,86,92,67,67,67,20,49,49,49,49,49,31,29,29,10],"gold":545,"neow_bonus":"ONE_RARE_RELIC","is_prod":false,"is_daily":false,"chose_seed":false,"campfire_upgraded":4,"win_rate":0,"timestamp":1555587649,"path_taken":["M","M","?","?","M","R","?","R","T","R","E","?","?","E","R","BOSS","M","?","?","M","?","R","E","R","T","$","M","?","M","E","R","BOSS","M","?","?","M","?","R","E","R","T","R","?","?","M","M","R","BOSS"],"build_version":"2019-01-23","purchased_purges":1,"victory":false,"max_hp_per_floor":[75,75,75,75,75,75,75,75,75,75,78,78,78,78,78,78,78,81,81,84,87,87,87,90,90,90,90,90,90,93,96,96,96,96,99,99,99,102,97,97,97,97,97,97,97,97,97,100,100,100],"card_choices":[{"not_picked":["Flex","Shrug It Off"],"picked":"Seeing Red","floor":1},{"not_picked":["Searing Blow","Anger"],"picked":"Shrug It Off","floor":2},{"not_picked":["Body Slam","Sentinel"],"picked":"Twin Strike","floor":5},{"not_picked":["Thunderclap","Body Slam"],"picked":"Feed","floor":7},{"not_picked":["Havoc","Feed"],"picked":"True Grit","floor":11},{"not_picked":["Armaments","Rampage"],"picked":"Whirlwind","floor":12},{"not_picked":["Twin Strike","Perfected Strike","Body Slam"],"picked":"SKIP","floor":14},{"not_picked":["Brutality","Barricade"],"picked":"Limit Break","floor":16},{"not_picked":["Armaments","Sword Boomerang","Iron Wave+1"],"picked":"SKIP","floor":18},{"not_picked":["Armaments","Sword Boomerang","Iron Wave+1"],"picked":"SKIP","floor":18},{"not_picked":["Warcry","Perfected Strike+1"],"picked":"Pommel Strike","floor":20},{"not_picked":["Havoc+1","Sword Boomerang","Perfected Strike"],"picked":"SKIP","floor":21},{"not_picked":["Searing Blow","Flex"],"picked":"Limit Break","floor":24},{"not_picked":["Power Through","Clash"],"picked":"Feel No Pain+1","floor":28},{"not_picked":["Searing Blow","Heavy Blade","Body Slam"],"picked":"SKIP","floor":30},{"not_picked":["Twin Strike","Body Slam","Clothesline"],"picked":"SKIP","floor":31},{"not_picked":["Berserk","Feed"],"picked":"Barricade","floor":33},{"not_picked":["Anger+1","Shrug It Off","Wild Strike"],"picked":"SKIP","floor":35},{"not_picked":["Headbutt","Thunderclap","Havoc+1"],"picked":"SKIP","floor":38},{"not_picked":["Demon Form","Heavy Blade","Thunderclap"],"picked":"SKIP","floor":41},{"not_picked":["Clash","Reckless Charge","Sword Boomerang+1"],"picked":"SKIP","floor":47},{"not_picked":["Corruption+1","Spot Weakness+1","Pommel Strike"],"picked":"SKIP","floor":48}],"player_experience":3217948,"relics_obtained":[{"floor":9,"key":"Meat on the Bone"},{"floor":11,"key":"Sundial"},{"floor":12,"key":"The Courier"},{"floor":14,"key":"Dodecahedron"},{"floor":24,"key":"Bottled Lightning"},{"floor":31,"key":"MawBank"},{"floor":37,"key":"Peace Pipe"},{"floor":41,"key":"Potion Belt"}],"event_choices":[{"damage_healed":0,"gold_gain":0,"player_choice":"Entered Light","damage_taken":23,"max_hp_gain":0,"max_hp_loss":0,"event_name":"Shining Light","floor":3,"gold_loss":0,"cards_upgraded":["Bash","Defend_R"]},{"cards_removed":["Strike_R"],"damage_healed":0,"gold_gain":0,"player_choice":"Purged","damage_taken":0,"max_hp_gain":0,"max_hp_loss":0,"event_name":"Purifier","floor":4,"gold_loss":0},{"damage_healed":0,"gold_gain":0,"player_choice":"Searched \u00271\u0027 times","damage_taken":0,"max_hp_gain":0,"max_hp_loss":0,"event_name":"Dead Adventurer","floor":12,"gold_loss":0},{"cards_removed":["Strike_R"],"damage_healed":0,"gold_gain":0,"player_choice":"Card Removal","damage_taken":7,"max_hp_gain":0,"max_hp_loss":0,"event_name":"Golden Wing","floor":13,"gold_loss":0},{"damage_healed":0,"gold_gain":0,"player_choice":"Traded Relic","damage_taken":0,"relics_obtained":["Nloth\u0027s Gift"],"max_hp_gain":0,"max_hp_loss":0,"event_name":"N\u0027loth","floor":19,"relics_lost":["Dodecahedron"],"gold_loss":0},{"damage_healed":0,"gold_gain":0,"player_choice":"Ignored","damage_taken":0,"max_hp_gain":0,"max_hp_loss":0,"event_name":"Vampires","floor":22,"gold_loss":0},{"damage_healed":0,"gold_gain":0,"player_choice":"Ignored","damage_taken":0,"max_hp_gain":0,"max_hp_loss":0,"event_name":"Beggar","floor":29,"gold_loss":0},{"cards_removed":["Defend_R"],"damage_healed":0,"gold_gain":0,"player_choice":"Removed Skill","damage_taken":0,"max_hp_gain":0,"max_hp_loss":0,"event_name":"Falling","floor":36,"gold_loss":0},{"damage_healed":0,"gold_gain":0,"player_choice":"Fight","damage_taken":0,"max_hp_gain":0,"max_hp_loss":0,"event_name":"MindBloom","floor":37,"gold_loss":0},{"damage_healed":0,"gold_gain":0,"player_choice":"Max HP","damage_taken":0,"max_hp_gain":0,"max_hp_loss":5,"event_name":"Winding Halls","floor":39,"gold_loss":0},{"damage_healed":0,"gold_gain":0,"player_choice":"Ignored","damage_taken":0,"max_hp_gain":0,"max_hp_loss":0,"event_name":"Tomb of Lord Red Mask","floor":45,"gold_loss":0}],"is_beta":false,"boss_relics":[{"not_picked":["White Beast Statue","Runic Cube"],"picked":"Cursed Key"},{"not_picked":["Velvet Choker","Mark of Pain"],"picked":"Runic Pyramid"}],"items_purged_floors":[27],"is_endless":false,"potions_floor_spawned":[11,12,14,16,18,20,30,35,47],"killed_by":"Donu and Deca","ascension_level":20}