{"gold_per_floor":[115,190,106,122,122,122,151,167,167,181,65,65,83,118,118,192,192,208,132,145,145,165,165,165,165,218,238,238,272,242,258,258,333,333,347,347,363,363,383,409,409,409],"floor_reached":42,"playtime":1393,"items_purged":["Defend_B"],"score":1012,"play_id":"a1bf1eaa-dd10-4a57-82c2-2d01fe0a5e7a","local_time":"20190309210216","is_ascension_mode":true,"campfire_choices":[{"data":"Zap","floor":6,"key":"SMITH"},{"data":"Defragment","floor":12,"key":"SMITH"},{"data":"Darkness","floor":15,"key":"SMITH"},{"floor":23,"key":"REST"},{"data":"Loop","floor":25,"key":"SMITH"},{"data":"Electrodynamics","floor":28,"key":"SMITH"},{"floor":32,"key":"REST"},{"data":"Creative AI","floor":41,"key":"SMITH"}],"neow_cost":"NONE","seed_source_timestamp":37894683933700,"circlet_count":0,"master_deck":["AscendersBane","Defend_B","Defend_B+1","Defend_B","Zap+1","Dualcast","Consume+1","Cold Snap","Undo","Defragment+1","Darkness+1","Electrodynamics+1","Loop+1","Bite","Bite","Bite","Shame","Genetic Algorithm","Cold Snap","Creative AI+1","Dramatic Entrance+1","Chill+1","The Bomb+1","Turbo+1","Writhe","Blizzard","Biased Cognition"],"relics":["Cracked Core","NeowsBlessing","Cables","Darkstone Periapt","Strawberry","Cursed Key","Centennial Puzzle","Mango","Astrolabe","Blue Candle","Orichalcum"],"potions_floor_usage":[10,14,22,22,29,31,42],"damage_taken":[{"damage":0,"enemies":"Small Slimes","floor":1,"turns":1},{"damage":0,"enemies":"2 Louse","floor":4,"turns":1},{"damage":0,"enemies":"Lagavulin","floor":7,"turns":1},{"damage":5,"enemies":"Jaw Worm","floor":8,"turns":3},{"damage":16,"enemies":"3 Louse","floor":10,"turns":4},{"damage":0,"enemies":"Looter","floor":13,"turns":3},{"damage":3,"enemies":"Gremlin Nob","floor":14,"turns":3},{"damage":26,"enemies":"Hexaghost","floor":16,"turns":7},{"damage":0,"enemies":"Chosen","floor":18,"turns":3},{"damage":20,"enemies":"Shell Parasite","floor":20,"turns":5},{"damage":25,"enemies":"Cultist and Chosen","floor":22,"turns":5},{"damage":11,"enemies":"Snecko","floor":27,"turns":6},{"damage":53,"enemies":"Book of Stabbing","floor":29,"turns":4},{"damage":31,"enemies":"Shelled Parasite and Fungi","floor":31,"turns":4},{"damage":17,"enemies":"Champ","floor":33,"turns":9},{"damage":1,"enemies":"Orb Walker","floor":35,"turns":4},{"damage":14,"enemies":"3 Darklings","floor":37,"turns":4},{"damage":24,"enemies":"Spire Growth","floor":39,"turns":7},{"damage":49,"enemies":"Nemesis","floor":40,"turns":9},{"damage":9,"enemies":"Reptomancer","floor":42,"turns":2}],"seed_played":"8407621921545184100","potions_obtained":[{"floor":8,"key":"Fire Potion"},{"floor":10,"key":"Fruit Juice"},{"floor":14,"key":"GamblersBrew"},{"floor":16,"key":"Energy Potion"},{"floor":20,"key":"Fire Potion"},{"floor":22,"key":"Ancient Potion"},{"floor":27,"key":"Regen Potion"},{"floor":30,"key":"AttackPotion"},{"floor":33,"key":"Dexterity Potion"}],"is_trial":false,"path_per_floor":["M","?","$","M","?","R","E","M","T","M","$","R","M","E","R","B",null,"M","$","M","?","M","R","?","R","T","M","R","E","?","M","R","B",null,"M","?","M","?","M","E","R","E"],"character_chosen":"DEFECT","items_purchased":["Self Repair","Defragment","Loop"],"campfire_rested":2,"item_purchase_floors":[3,11,19],"current_hp_per_floor":[64,53,53,53,32,32,39,41,41,37,37,37,37,48,48,29,70,77,77,64,40,22,48,48,48,54,60,60,46,46,28,52,64,77,81,81,69,87,70,33,33,26],"gold":409,"neow_bonus":"THREE_ENEMY_KILL","is_prod":false,"is_daily":false,"chose_seed":false,"campfire_upgraded":6,"win_rate":0,"timestamp":1552132936,"path_taken":["M","?","$","M","?","R","E","M","T","M","?","R","M","E","R","BOSS","M","$","M","?","M","R","?","R","T","M","R","E","?","?","R","BOSS","M","?","?","?","M","E","R","E"],"build_version":"2019-01-23","purchased_purges":1,"victory":false,"max_hp_per_floor":[71,71,71,71,71,71,71,71,71,76,76,76,76,83,83,83,83,83,83,83,88,88,88,61,61,67,67,67,81,81,81,81,81,81,81,81,81,87,87,87,87,87],"card_choices":[{"not_picked":["Steam","Sweeping Beam"],"picked":"Beam Cell","floor":1},{"not_picked":["Conserve Battery","Redo"],"picked":"Consume","floor":4},{"not_picked":["Fusion","Undo"],"picked":"Cold Snap","floor":7},{"not_picked":["Hologram","Sweeping Beam"],"picked":"Undo","floor":8},{"not_picked":["Reinforced Body","Conserve Battery","Aggregate"],"picked":"SKIP","floor":10},{"not_picked":["Barrage","Gash"],"picked":"Darkness","floor":13},{"not_picked":["Beam Cell","Leap","Darkness"],"picked":"SKIP","floor":14},{"not_picked":["Echo Form","Rainbow"],"picked":"Electrodynamics","floor":16},{"not_picked":["Sweeping Beam","Go for the Eyes","Skim"],"picked":"SKIP","floor":18},{"not_picked":["Sweeping Beam","Redo","Rip and Tear"],"picked":"SKIP","floor":20},{"not_picked":["Chaos","Rip and Tear","Leap"],"picked":"SKIP","floor":22},{"not_picked":["Streamline","Turbo"],"picked":"Genetic Algorithm","floor":27},{"not_picked":["Genetic Algorithm","Reprogram"],"picked":"Cold Snap","floor":29},{"not_picked":["Conserve Battery","Compile Driver","Aggregate"],"picked":"SKIP","floor":31},{"not_picked":["Echo Form","Seek"],"picked":"Creative AI","floor":33},{"not_picked":["Redo+1","Rebound"],"picked":"Turbo+1","floor":35},{"not_picked":["Streamline","Redo+1","Compile Driver+1"],"picked":"SKIP","floor":37},{"not_picked":["Compile Driver+1","Rebound+1"],"picked":"Blizzard","floor":39},{"not_picked":["Tempest+1","Beam Cell"],"picked":"Biased Cognition","floor":40}],"player_experience":2110994,"relics_obtained":[{"floor":7,"key":"Cables"},{"floor":9,"key":"Darkstone Periapt"},{"floor":14,"key":"Strawberry"},{"floor":26,"key":"Centennial Puzzle"},{"floor":29,"key":"Mango"},{"floor":40,"key":"Orichalcum"}],"event_choices":[{"damage_healed":0,"gold_gain":75,"player_choice":"Gather Gold","damage_taken":11,"max_hp_gain":0,"max_hp_loss":0,"event_name":"World of Goop","floor":2,"gold_loss":0},{"damage_healed":0,"gold_gain":0,"player_choice":"Entered Light","damage_taken":21,"max_hp_gain":0,"max_hp_loss":0,"event_name":"Shining Light","floor":5,"gold_loss":0,"cards_upgraded":["Consume","Defend_B"]},{"damage_healed":0,"gold_gain":0,"player_choice":"Shed Blood","damage_taken":29,"max_hp_gain":5,"max_hp_loss":0,"event_name":"Forgotten Altar","floor":21,"gold_loss":0},{"damage_healed":0,"gold_gain":0,"player_choice":"Became a vampire","damage_taken":0,"max_hp_gain":0,"max_hp_loss":27,"event_name":"Vampires","floor":24,"gold_loss":0,"cards_obtained":["Bite","Bite","Bite","Bite","Bite"]},{"damage_healed":0,"gold_gain":0,"player_choice":"Bought 2 Potions","damage_taken":0,"max_hp_gain":0,"max_hp_loss":0,"event_name":"The Woman in Blue","floor":30,"gold_loss":0},{"cards_removed":["Self Repair"],"damage_healed":0,"gold_gain":0,"player_choice":"Gave Card","damage_taken":0,"relics_obtained":["Blue Candle"],"max_hp_gain":0,"max_hp_loss":0,"event_name":"WeMeetAgain","floor":36,"gold_loss":0},{"damage_healed":16,"gold_gain":0,"player_choice":"Writhe","damage_taken":0,"max_hp_gain":0,"max_hp_loss":0,"event_name":"Winding Halls","floor":38,"gold_loss":0,"cards_obtained":["Writhe"]}],"is_beta":false,"boss_relics":[{"not_picked":["FrozenCore","Empty Cage"],"picked":"Cursed Key"},{"not_picked":["Lizard Tail","Fusion Hammer"],"picked":"Astrolabe"}],"items_purged_floors":[11],"is_endless":false,"potions_floor_spawned":[8,10,14,16,20,22,27,33,37,39],"killed_by":"Reptomancer","ascension_level":20}