{"gold_per_floor":[18,29,47,60,135,160,160,185,211,211,229,229,239,239,239,317,317],"floor_reached":17,"playtime":803,"items_purged":[],"score":284,"play_id":"7d23ed38-0c45-4a4c-9d1d-55b281ad0a5f","local_time":"20181204171344","is_ascension_mode":true,"campfire_choices":[{"floor":7.0,"key":"REST"},{"floor":12,"key":"REST"},{"data":"Footwork","floor":15,"key":"SMITH"}],"neow_cost":"NO_GOLD","seed_source_timestamp":788097201945599,"circlet_count":0,"master_deck":["AscendersBane","Defend_G","Defend_G","Defend_G","Strike_G","Strike_G","Strike_G","Strike_G","Strike_G","Survivor","Neutralize","Dagger Throw","Dash+1","Dagger Spray","Backstab","Leg Sweep","Footwork+1","Venomology"],"special_seed":0,"relics":["Ring of the Snake","Vajra","Snake Skull","Boot","GremlinMask","Eternal Feather"],"potions_floor_usage":[8,16,16],"damage_taken":[{"damage":7.0,"enemies":"Jaw Worm","floor":1.0,"turns":5.0},{"damage":1.0,"enemies":"2 Louse","floor":2.0,"turns":3.0},{"damage":1.0,"enemies":"Cultist","floor":3.0,"turns":4.0},{"damage":5.0,"enemies":"Gremlin Gang","floor":4.0,"turns":5.0},{"damage":17.0,"enemies":"Gremlin Nob","floor":6.0,"turns":5.0},{"damage":27,"enemies":"Lagavulin","floor":8,"turns":6},{"damage":0,"enemies":"Blue Slaver","floor":11,"turns":2},{"damage":0,"enemies":"Large Slime","floor":13,"turns":4},{"damage":20,"enemies":"The Guardian","floor":16,"turns":14}],"seed_played":"-8896304966330835950","potions_obtained":[{"floor":1.0,"key":"PowerPotion"},{"floor":4.0,"key":"Explosive Potion"},{"floor":6.0,"key":"SkillPotion"},{"floor":13,"key":"Explosive Potion"}],"is_trial":false,"path_per_floor":["M","M","M","M","?","E","R","E","T","?","M","R","M","?","R","B",null],"character_chosen":"THE_SILENT","items_purchased":[],"campfire_rested":2,"item_purchase_floors":[],"current_hp_per_floor":[52,51,50,45,34,17,36,9,9,9,9,28,28,28,28,8,52],"gold":317,"neow_bonus":"REMOVE_TWO","is_prod":false,"is_daily":false,"chose_seed":false,"campfire_upgraded":1,"win_rate":0,"timestamp":1543914824,"path_taken":["M","M","M","M","?","E","R","E","T","?","?","R","M","?","R","BOSS"],"build_version":"2018-11-15","purchased_purges":0,"victory":false,"max_hp_per_floor":[66,66,66,66,66,66,66,66,66,66,66,66,66,66,66,66,66],"card_choices":[{"not_picked":["Calculated Gamble","Tactician"],"picked":"Dagger Throw","floor":1.0},{"not_picked":["Sucker Punch","Concentrate","Underhanded Strike"],"picked":"SKIP","floor":2.0},{"not_picked":["Underhanded Strike","Deflect","Quick Slash"],"picked":"SKIP","floor":3.0},{"not_picked":["Underhanded Strike","Dodge and Roll"],"picked":"Dash","floor":4.0},{"not_picked":["Outmaneuver","Quick Slash"],"picked":"Dagger Spray","floor":6.0},{"not_picked":["Bullet Time","Concentrate"],"picked":"Backstab","floor":8},{"not_picked":["Flechettes","Quick Slash"],"picked":"Leg Sweep","floor":11},{"not_picked":["Quick Slash","Blur"],"picked":"Footwork","floor":13},{"not_picked":["Unload","Bullet Time"],"picked":"Venomology","floor":16}],"player_experience":580718,"relics_obtained":[{"floor":6.0,"key":"Vajra"},{"floor":8,"key":"Snake Skull"},{"floor":9,"key":"Boot"}],"event_choices":[{"damage_healed":0.0,"max_hp_gain":0.0,"max_hp_loss":0.0,"gold_gain":75.0,"event_name":"World of Goop","player_choice":"Gather Gold","floor":5.0,"gold_loss":0.0,"damage_taken":11.0},{"damage_healed":0,"gold_gain":0,"player_choice":"Grow","damage_taken":0,"max_hp_gain":0,"max_hp_loss":0,"event_name":"Living Wall","floor":10,"gold_loss":0,"cards_upgraded":["Dash"]},{"damage_healed":0,"gold_gain":0,"player_choice":"Trade","damage_taken":0,"relics_obtained":["GremlinMask"],"max_hp_gain":0,"max_hp_loss":0,"event_name":"FaceTrader","floor":14,"gold_loss":0}],"is_beta":true,"boss_relics":[{"not_picked":["Black Star","Lizard Tail"],"picked":"Eternal Feather"}],"items_purged_floors":[],"is_endless":false,"potions_floor_spawned":[1,4,6,13],"ascension_level":14}