{"gold_per_floor":[114,62,79,4,15,41,41,70,141,141],"floor_reached":10,"playtime":262,"items_purged":[],"score":152,"play_id":"5805c387-f8c9-4d53-a1cb-fb702b0f827c","local_time":"20190319120428","is_ascension_mode":true,"campfire_choices":[{"data":"Biased Cognition","floor":7,"key":"SMITH"}],"neow_cost":"PERCENT_DAMAGE","seed_source_timestamp":177360249521800,"circlet_count":0,"master_deck":["AscendersBane","Strike_B","Strike_B","Strike_B","Strike_B","Defend_B","Defend_B","Defend_B","Zap","Dualcast","Biased Cognition+1","Darkness","Cold Snap","Recycle","Coolheaded"],"relics":["Cracked Core","WingedGreaves","Bag of Marbles"],"potions_floor_usage":[8,8],"damage_taken":[{"damage":1,"enemies":"Cultist","floor":1,"turns":3},{"damage":2,"enemies":"Jaw Worm","floor":3,"turns":3},{"damage":2,"enemies":"2 Louse","floor":5,"turns":2},{"damage":10,"enemies":"Lagavulin","floor":6,"turns":5},{"damage":25,"enemies":"Gremlin Nob","floor":8,"turns":4},{"damage":0,"enemies":"Gremlin Nob","floor":10,"turns":1}],"seed_played":"-4115198021238899259","potions_obtained":[{"floor":1,"key":"Fire Potion"},{"floor":5,"key":"AttackPotion"}],"is_trial":false,"path_per_floor":["M","$","M","?","M","E","R","E","T","?"],"character_chosen":"DEFECT","items_purchased":["Cold Snap"],"campfire_rested":0,"item_purchase_floors":[2],"current_hp_per_floor":[45,45,43,43,41,31,31,6,6,6],"gold":141,"neow_bonus":"THREE_RARE_CARDS","is_prod":false,"is_daily":false,"chose_seed":false,"campfire_upgraded":1,"win_rate":0,"timestamp":1552964668,"path_taken":["M","?","M","?","M","E","R","E","T","?"],"build_version":"2019-01-23","purchased_purges":0,"victory":false,"max_hp_per_floor":[71,71,71,71,71,71,71,71,71,71],"card_choices":[{"not_picked":["Fission","Meteor Strike"],"picked":"Biased Cognition","floor":0},{"not_picked":["Fusion","Turbo"],"picked":"Darkness","floor":1},{"not_picked":["Rip and Tear","Steam","Stack"],"picked":"SKIP","floor":3},{"not_picked":["Rip and Tear","Steam","Stack"],"picked":"SKIP","floor":3},{"not_picked":["Multi-Cast","Storm"],"picked":"Recycle","floor":5},{"not_picked":["Stack","Steam"],"picked":"Coolheaded","floor":6},{"not_picked":["BootSequence","Rip and Tear","Turbo"],"picked":"SKIP","floor":8}],"player_experience":2368575,"relics_obtained":[{"floor":6,"key":"WingedGreaves"},{"floor":8,"key":"Bag of Marbles"}],"event_choices":[{"cards_removed":["Defend_B"],"damage_healed":0,"gold_gain":0,"player_choice":"Card Removal","damage_taken":0,"max_hp_gain":0,"max_hp_loss":0,"event_name":"The Cleric","floor":4,"gold_loss":75}],"is_beta":false,"boss_relics":[],"items_purged_floors":[],"is_endless":false,"potions_floor_spawned":[1,5,6],"killed_by":"Gremlin Nob","ascension_level":20}