{"gold_per_floor":[110,110,185,198,198,210,255,267,279,291,342,354,366,399,411,517,529,556,568,580,608,30,30,55,55,123,163,182,202,202,202,202,292,292,311,102,102,2,15,55,71,112,112,112,18,54,54,387,387,387,387,387,387,16,48,48],"floor_reached":56,"playtime":2402,"items_purged":["Writhe","Parasite"],"score":2039,"play_id":"0b294c00-621e-4a9f-baa8-ca84369e4e5b","local_time":"20190304124658","is_ascension_mode":true,"campfire_choices":[{"data":"Consume","floor":6.0,"key":"SMITH"},{"data":"Defragment","floor":10.0,"key":"SMITH"},{"data":"Dualcast","floor":13.0,"key":"SMITH"},{"data":"Streamline","floor":15.0,"key":"SMITH"},{"data":"Defragment","floor":23.0,"key":"SMITH"},{"floor":25.0,"key":"REST"},{"data":"Discovery","floor":30.0,"key":"SMITH"},{"data":"Consume","floor":32.0,"key":"SMITH"},{"floor":44.0,"key":"REST"},{"floor":47.0,"key":"RECALL"},{"floor":49.0,"key":"REST"},{"data":"Chill","floor":53.0,"key":"SMITH"}],"neow_cost":"NONE","seed_source_timestamp":216234913816200,"circlet_count":0,"master_deck":["AscendersBane","Strike_B","Strike_B","Strike_B","Defend_B","Defend_B+1","Zap+1","Dualcast+1","Glacier","Consume+1","Defragment+1","Ball Lightning","Streamline+1","Electrodynamics","Defragment+1","Gash","Consume+1","Chill+1","Self Repair","Chill","Discovery+1","Conserve Battery","Turbo","Gash","White Noise","Echo Form","Cold Snap","Defragment+1","Rainbow","Bandage Up","Conserve Battery+1","Echo Form","Glacier"],"special_seed":0,"relics":["Cracked Core","NeowsBlessing","MawBank","Pantograph","Mercury Hourglass","Gambling Chip","Empty Cage","Lantern","Anchor","Bottled Lightning","Dodecahedron","Velvet Choker","Runic Capacitor","PreservedInsect","Art of War","Shuriken","DollysMirror","Du-Vu Doll"],"potions_floor_usage":[56],"damage_taken":[{"damage":0.0,"enemies":"Jaw Worm","floor":1.0,"turns":1.0},{"damage":0.0,"enemies":"2 Louse","floor":4.0,"turns":1.0},{"damage":0.0,"enemies":"Gremlin Nob","floor":7.0,"turns":1.0},{"damage":8.0,"enemies":"Lagavulin","floor":11.0,"turns":11.0},{"damage":0.0,"enemies":"Small Slimes","floor":14.0,"turns":2.0},{"damage":12.0,"enemies":"Hexaghost","floor":16.0,"turns":7.0},{"damage":0.0,"enemies":"Chosen","floor":18.0,"turns":3.0},{"damage":22.0,"enemies":"2 Thieves","floor":21.0,"turns":2.0},{"damage":21.0,"enemies":"Snake Plant","floor":24.0,"turns":3.0},{"damage":7.0,"enemies":"Slavers","floor":27.0,"turns":3.0},{"damage":0.0,"enemies":"3 Cultists","floor":28.0,"turns":2.0},{"damage":4.0,"enemies":"Centurion and Healer","floor":29.0,"turns":5.0},{"damage":0.0,"enemies":"Automaton","floor":33.0,"turns":9.0},{"damage":6.0,"enemies":"3 Darklings","floor":35.0,"turns":5.0},{"damage":0.0,"enemies":"Orb Walker","floor":39.0,"turns":3.0},{"damage":3.0,"enemies":"Reptomancer","floor":40.0,"turns":4.0},{"damage":35.0,"enemies":"Jaw Worm Horde","floor":41.0,"turns":4.0},{"damage":25.0,"enemies":"Nemesis","floor":42.0,"turns":7.0},{"damage":37.0,"enemies":"Giant Head","floor":46.0,"turns":6.0},{"damage":22.0,"enemies":"Donu and Deca","floor":50.0,"turns":8.0},{"damage":20.0,"enemies":"Time Eater","floor":51.0,"turns":21.0},{"damage":16.0,"enemies":"Shield and Spear","floor":55.0,"turns":5.0},{"damage":81,"enemies":"The Heart","floor":56,"turns":9}],"seed_played":"7188399427459649475","potions_obtained":[{"floor":1.0,"key":"Ancient Potion"},{"floor":7.0,"key":"AttackPotion"},{"floor":21.0,"key":"Fruit Juice"},{"floor":27.0,"key":"GamblersBrew"},{"floor":29.0,"key":"PowerPotion"},{"floor":40.0,"key":"PowerPotion"},{"floor":46.0,"key":"Swift Potion"}],"is_trial":false,"path_per_floor":["M","?","?","M","T","R","E","?","T","R","E","?","R","M","R","B",null,"M","?","?","M","$","R","M","R","T","E","M","M","R","?","R","B",null,"M","$","?","$","M","E","M","E","T","R","$","E","R","?","R","B","B",null,"R","$","E","B"],"character_chosen":"DEFECT","items_purchased":["Anchor","Self Repair","Chill","Fire Potion","Discovery","Conserve Battery","Runic Capacitor","Bandage Up","GamblersBrew","DollysMirror","Block Potion"],"campfire_rested":3,"item_purchase_floors":[22,22,22,22,22,22,36,45,54,54,54],"current_hp_per_floor":[64,64,53,53,53,53,53,46,46,46,38,19,19,19,19,32,56,56,56,56,39,39,39,25,45,45,45,52,55,55,55,55,69,69,69,69,69,66,66,66,38,27,27,46,46,16,16,16,35,46,66,66,66,66,54,0],"gold":48,"neow_bonus":"THREE_ENEMY_KILL","is_prod":false,"is_daily":false,"chose_seed":false,"campfire_upgraded":8,"win_rate":0,"timestamp":1551671218,"path_taken":["M","?","?","M","?","R","E","?","T","R","E","?","R","?","R","BOSS","M","?","?","M","$","R","M","R","T","E","M","?","R","?","R","BOSS","M","$","?","$","M","E","M","E","T","R","?","E","R","?","R","BOSS","BOSS","R","$","E","BOSS"],"build_version":"2019-01-23","purchased_purges":2,"victory":false,"max_hp_per_floor":[71,64,64,64,64,64,64,64,64,64,64,64,64,64,64,64,64,64,64,64,69,69,69,69,69,69,69,69,69,69,69,69,69,69,69,69,69,66,66,66,66,66,66,66,66,66,66,66,66,66,66,66,66,66,66,66],"card_choices":[{"not_picked":["Rebound","Hello World"],"picked":"Glacier","floor":1.0},{"not_picked":["Coolheaded","Turbo"],"picked":"Consume","floor":4.0},{"not_picked":["Sunder","Undo"],"picked":"Defragment","floor":7.0},{"not_picked":["Consume","Redo"],"picked":"Ball Lightning","floor":11.0},{"not_picked":["Barrage","Sweeping Beam"],"picked":"Streamline","floor":14.0},{"not_picked":["Amplify","Core Surge"],"picked":"Electrodynamics","floor":16.0},{"not_picked":["Conserve Battery","Glacier"],"picked":"Defragment","floor":18.0},{"not_picked":["Gash","Barrage"],"picked":"Chill","floor":21.0},{"not_picked":["Redo","Hologram","Compile Driver"],"picked":"SKIP","floor":24.0},{"not_picked":["Heatsinks","Electrodynamics"],"picked":"Turbo","floor":27.0},{"not_picked":["Storm","Coolheaded"],"picked":"Gash","floor":28.0},{"not_picked":["Rebound","Cold Snap"],"picked":"White Noise","floor":29.0},{"not_picked":["Machine Learning","Thunder Strike"],"picked":"Echo Form","floor":33.0},{"not_picked":["Sweeping Beam","BootSequence"],"picked":"Cold Snap","floor":35.0},{"not_picked":["Stack","Fusion","Gash"],"picked":"SKIP","floor":39.0},{"not_picked":["Redo","Rebound","Conserve Battery"],"picked":"SKIP","floor":40.0},{"not_picked":["Turbo","Gash","Redo"],"picked":"SKIP","floor":41.0},{"not_picked":["Streamline","Double Energy"],"picked":"Rainbow","floor":42.0},{"not_picked":["Storm","Electrodynamics"],"picked":"Conserve Battery+1","floor":46.0},{"not_picked":["Cold Snap+1","Double Energy+1"],"picked":"Glacier","floor":55.0}],"player_experience":1988322,"relics_obtained":[{"floor":5.0,"key":"MawBank"},{"floor":7.0,"key":"Pantograph"},{"floor":9.0,"key":"Mercury Hourglass"},{"floor":11.0,"key":"Gambling Chip"},{"floor":26.0,"key":"Bottled Lightning"},{"floor":27.0,"key":"Dodecahedron"},{"floor":40.0,"key":"PreservedInsect"},{"floor":42.0,"key":"Art of War"},{"floor":46.0,"key":"Shuriken"},{"floor":55.0,"key":"Du-Vu Doll"}],"event_choices":[{"damage_healed":0.0,"max_hp_gain":0.0,"max_hp_loss":7.0,"gold_gain":0.0,"event_name":"Golden Idol","player_choice":"Lose Max HP","floor":2.0,"gold_loss":0.0,"damage_taken":0.0,"relics_obtained":["Golden Idol"]},{"damage_healed":0.0,"max_hp_gain":0.0,"max_hp_loss":0.0,"gold_gain":75.0,"event_name":"World of Goop","player_choice":"Gather Gold","floor":3.0,"gold_loss":0.0,"damage_taken":11.0},{"cards_removed":["Defend_B"],"damage_healed":0.0,"max_hp_gain":0.0,"max_hp_loss":0.0,"gold_gain":0.0,"event_name":"Golden Wing","player_choice":"Card Removal","floor":8.0,"gold_loss":0.0,"damage_taken":7.0},{"damage_healed":0.0,"max_hp_gain":0.0,"max_hp_loss":0.0,"gold_gain":0.0,"event_name":"Shining Light","player_choice":"Entered Light","floor":12.0,"gold_loss":0.0,"damage_taken":19.0,"cards_upgraded":["Zap","Defend_B"]},{"damage_healed":0.0,"max_hp_gain":0.0,"max_hp_loss":0.0,"gold_gain":0.0,"event_name":"The Mausoleum","player_choice":"Opened","floor":19.0,"gold_loss":0.0,"damage_taken":0.0,"relics_obtained":["Lantern"],"cards_obtained":["Writhe"]},{"damage_healed":0.0,"max_hp_gain":0.0,"max_hp_loss":0.0,"gold_gain":0.0,"event_name":"Match and Keep!","player_choice":"3 cards matched","floor":20.0,"gold_loss":0.0,"damage_taken":0.0,"cards_obtained":["Parasite","Gash","Consume"]},{"damage_healed":0.0,"max_hp_gain":0.0,"max_hp_loss":0.0,"gold_gain":0.0,"event_name":"Lab","player_choice":"Got Potions","floor":31.0,"gold_loss":0.0,"damage_taken":0.0},{"damage_healed":0.0,"max_hp_gain":0.0,"max_hp_loss":0.0,"gold_gain":0.0,"event_name":"Duplicator","player_choice":"Copied","floor":37.0,"gold_loss":0.0,"damage_taken":0.0,"cards_obtained":["Defragment"]},{"damage_healed":0.0,"max_hp_gain":0.0,"max_hp_loss":0.0,"gold_gain":333.0,"event_name":"The Moai Head","player_choice":"Gave Idol","floor":48.0,"relics_lost":["Golden Idol"],"gold_loss":0.0,"damage_taken":0.0}],"is_beta":false,"boss_relics":[{"not_picked":["Orrery","Tiny House"],"picked":"Empty Cage"},{"not_picked":["Black Star","White Beast Statue"],"picked":"Velvet Choker"}],"items_purged_floors":[22,38],"is_endless":false,"potions_floor_spawned":[1,7,21,27,29,40,41,46],"killed_by":"The Heart","ascension_level":20}