{"gold_per_floor":[219,23,40,54,70,70,104,104,172,186,216,5,5,5,5,102,102,112,126,142,142],"floor_reached":21,"playtime":712,"items_purged":[],"score":220,"play_id":"1a859751-5e4f-442b-a962-79841e619a47","local_time":"20190415001955","is_ascension_mode":true,"campfire_choices":[{"data":"Zap","floor":6,"key":"SMITH"},{"floor":8,"key":"REST"},{"floor":15,"key":"REST"}],"neow_cost":"NONE","seed_source_timestamp":277330517491369,"circlet_count":0,"master_deck":["Strike_B","Strike_B+1","Strike_B+1","Defend_B","Defend_B","Defend_B","Defend_B","Zap+1","Dualcast","Coolheaded","Cold Snap","Defragment+1","Beam Cell","Sweeping Beam","Machine Learning","Capacitor","Coolheaded","Electrodynamics","Static Discharge","Conserve Battery+1","Sunder+1"],"relics":["Cracked Core","PreservedInsect","Dead Branch","The Courier","Whetstone","Vajra","Runic Pyramid"],"potions_floor_usage":[16,21,21,21],"damage_taken":[{"damage":6,"enemies":"Cultist","floor":1,"turns":4},{"damage":7,"enemies":"2 Louse","floor":3,"turns":3},{"damage":6,"enemies":"Small Slimes","floor":4,"turns":4},{"damage":9,"enemies":"Exordium Wildlife","floor":5,"turns":3},{"damage":20,"enemies":"3 Sentries","floor":7,"turns":5},{"damage":14,"enemies":"Gremlin Gang","floor":10,"turns":3},{"damage":12,"enemies":"Gremlin Nob","floor":11,"turns":3},{"damage":39,"enemies":"The Guardian","floor":16,"turns":12},{"damage":23,"enemies":"Shell Parasite","floor":18,"turns":6},{"damage":14,"enemies":"3 Byrds","floor":19,"turns":3},{"damage":18,"enemies":"Sentry and Sphere","floor":20,"turns":4},{"damage":27,"enemies":"Shelled Parasite and Fungi","floor":21,"turns":2}],"seed_played":"4299770230938358785","potions_obtained":[{"floor":3,"key":"Explosive Potion"},{"floor":7,"key":"Regen Potion"},{"floor":11,"key":"Explosive Potion"},{"floor":16,"key":"FearPotion"}],"is_trial":false,"path_per_floor":["M","$","M","M","M","R","E","R","T","M","E","$","?","?","R","B",null,"M","M","M","M"],"character_chosen":"DEFECT","items_purchased":["PreservedInsect","Cold Snap","Capacitor","Vajra","Coolheaded"],"campfire_rested":2,"item_purchase_floors":[2,2,12,12,12],"current_hp_per_floor":[69,69,62,56,47,47,27,49,49,35,23,23,16,16,38,11,75,52,38,20,0],"gold":142,"neow_bonus":"HUNDRED_GOLD","is_prod":false,"is_daily":false,"chose_seed":false,"campfire_upgraded":1,"win_rate":0,"timestamp":1555305595,"path_taken":["M","$","M","M","M","R","E","R","T","M","E","$","?","?","R","BOSS","M","?","M","M"],"build_version":"2019-01-23","purchased_purges":0,"victory":false,"max_hp_per_floor":[75,75,75,75,75,75,75,75,75,75,75,75,75,75,75,75,75,75,75,75,75],"card_choices":[{"not_picked":["Ball Lightning","Barrage"],"picked":"Coolheaded","floor":1},{"not_picked":["Undo","Melter"],"picked":"Defragment","floor":3},{"not_picked":["Scrape","Gash"],"picked":"Beam Cell","floor":4},{"not_picked":["Steam Power","Aggregate"],"picked":"Sweeping Beam","floor":5},{"not_picked":["Streamline","Stack"],"picked":"Machine Learning","floor":7},{"not_picked":["Rebound","Stack","Turbo"],"picked":"SKIP","floor":10},{"not_picked":["Doom and Gloom","Reinforced Body","Aggregate"],"picked":"SKIP","floor":11},{"not_picked":["Rainbow","Buffer"],"picked":"Electrodynamics","floor":16},{"not_picked":["Genetic Algorithm","Aggregate+1"],"picked":"Static Discharge","floor":18},{"not_picked":["Rip and Tear","Reinforced Body"],"picked":"Conserve Battery+1","floor":19},{"not_picked":["Barrage","Leap"],"picked":"Sunder+1","floor":20}],"player_experience":183810,"relics_obtained":[{"floor":7,"key":"Dead Branch"},{"floor":9,"key":"The Courier"},{"floor":11,"key":"Whetstone"}],"event_choices":[{"cards_removed":["Strike_B"],"damage_healed":0,"gold_gain":0,"player_choice":"Card Removal","damage_taken":7,"max_hp_gain":0,"max_hp_loss":0,"event_name":"Golden Wing","floor":13,"gold_loss":0},{"damage_healed":0,"gold_gain":0,"player_choice":"Forge","damage_taken":0,"max_hp_gain":0,"max_hp_loss":0,"event_name":"Accursed Blacksmith","floor":14,"gold_loss":0,"cards_upgraded":["Defragment"]}],"is_beta":false,"boss_relics":[{"not_picked":["Cursed Key","Busted Crown"],"picked":"Runic Pyramid"}],"items_purged_floors":[],"is_endless":false,"potions_floor_spawned":[3,7,11,16,19,20],"killed_by":"Shelled Parasite and Fungi","ascension_level":3}