{"gold_per_floor":[119,119,119,131,151,151,179,191,218,218,236,21,35,65,65,138,138,153,163,163,175,175,175],"floor_reached":23,"playtime":654,"items_purged":[],"score":386,"play_id":"2f711c0d-1ada-4f28-8a8d-7ca36b109fed","local_time":"20190301140300","is_ascension_mode":true,"campfire_choices":[{"data":"Melter","floor":6,"key":"SMITH"},{"floor":10,"key":"REST"},{"data":"Creative AI","floor":15,"key":"SMITH"}],"neow_cost":"NONE","seed_source_timestamp":8773845080700,"circlet_count":0,"master_deck":["AscendersBane","Strike_B","Strike_B","Defend_B","Defend_B","Defend_B","Defend_B","Zap","Dualcast","Ball Lightning","Melter+1","Conserve Battery","Creative AI+1","Coolheaded","Gash","Fiend Fire","Footwork","Doom and Gloom"],"relics":["Cracked Core","NeowsBlessing","Centennial Puzzle","Art of War","Regal Pillow","PrismaticShard","Smiling Mask","Fusion Hammer"],"potions_floor_usage":[8,16,18,19,23],"damage_taken":[{"damage":0,"enemies":"Jaw Worm","floor":1,"turns":1},{"damage":0,"enemies":"2 Louse","floor":4,"turns":1},{"damage":0,"enemies":"Cultist","floor":5,"turns":1},{"damage":35,"enemies":"3 Sentries","floor":7,"turns":6},{"damage":0,"enemies":"Red Slaver","floor":8,"turns":2},{"damage":1,"enemies":"Blue Slaver","floor":11,"turns":4},{"damage":6,"enemies":"Looter","floor":13,"turns":3},{"damage":7,"enemies":"The Guardian","floor":16,"turns":10},{"damage":0,"enemies":"Spheric Guardian","floor":18,"turns":3},{"damage":15,"enemies":"2 Thieves","floor":19,"turns":4},{"damage":7,"enemies":"3 Cultists","floor":21,"turns":4},{"damage":19,"enemies":"Slavers","floor":23,"turns":2}],"seed_played":"5518595977301397760","potions_obtained":[{"floor":1,"key":"Weak Potion"},{"floor":7,"key":"SkillPotion"},{"floor":8,"key":"AttackPotion"},{"floor":13,"key":"Dexterity Potion"},{"floor":16,"key":"PowerPotion"},{"floor":18,"key":"FearPotion"}],"is_trial":false,"path_per_floor":["M","?","?","M","M","R","E","M","T","R","M","$","M","?","R","B",null,"M","M","?","M","?","E"],"character_chosen":"DEFECT","items_purchased":["PrismaticShard"],"campfire_rested":1,"item_purchase_floors":[12],"current_hp_per_floor":[64,46,46,46,46,46,11,11,11,47,46,46,40,40,40,33,62,62,47,47,40,20,1],"gold":175,"neow_bonus":"THREE_ENEMY_KILL","is_prod":false,"is_daily":false,"chose_seed":false,"campfire_upgraded":2,"win_rate":0,"timestamp":1551416580,"path_taken":["M","?","?","M","M","R","E","?","T","R","M","?","M","?","R","BOSS","M","M","?","?","?","E"],"build_version":"2019-01-23","purchased_purges":0,"victory":false,"max_hp_per_floor":[71,71,71,71,71,71,71,71,71,71,71,71,71,71,71,71,71,71,71,71,71,76,76],"card_choices":[{"not_picked":["Redo","Beam Cell"],"picked":"Ball Lightning","floor":1},{"not_picked":["Force Field","Streamline"],"picked":"Melter","floor":4},{"not_picked":["Conserve Battery","Scrape","Redo"],"picked":"SKIP","floor":5},{"not_picked":["Scrape","Redo"],"picked":"Conserve Battery","floor":5},{"not_picked":["Leap","Gash"],"picked":"Creative AI","floor":7},{"not_picked":["Ball Lightning","Rebound"],"picked":"Coolheaded","floor":8},{"not_picked":["Turbo","Lockon","Rip and Tear"],"picked":"SKIP","floor":11},{"not_picked":["Acrobatics","Blood for Blood"],"picked":"Gash","floor":13},{"not_picked":["Secret Weapon","Doppelganger"],"picked":"Fiend Fire","floor":16},{"not_picked":["Clothesline","Warcry","Go for the Eyes"],"picked":"SKIP","floor":18},{"not_picked":["Steam","Choke"],"picked":"Footwork","floor":19},{"not_picked":["Sucker Punch","Slice","Metallicize"],"picked":"SKIP","floor":21},{"not_picked":["Sucker Punch","Slice","Metallicize"],"picked":"SKIP","floor":21}],"player_experience":1914159,"relics_obtained":[{"floor":7,"key":"Art of War"},{"floor":9,"key":"Regal Pillow"}],"event_choices":[{"damage_healed":0,"gold_gain":0,"player_choice":"Success","damage_taken":18,"relics_obtained":["Centennial Puzzle"],"max_hp_gain":0,"max_hp_loss":0,"event_name":"Scrap Ooze","floor":2,"gold_loss":0},{"cards_removed":["Strike_B"],"damage_healed":0,"gold_gain":0,"player_choice":"Purged","damage_taken":0,"max_hp_gain":0,"max_hp_loss":0,"event_name":"Purifier","floor":3,"gold_loss":0},{"damage_healed":0,"gold_gain":30,"player_choice":"Searched \u00272\u0027 times","damage_taken":0,"relics_obtained":["Smiling Mask"],"max_hp_gain":0,"max_hp_loss":0,"event_name":"Dead Adventurer","floor":14,"gold_loss":0},{"damage_healed":0,"gold_gain":0,"cards_transformed":["Strike_B"],"player_choice":"Transformed","damage_taken":0,"max_hp_gain":0,"max_hp_loss":0,"event_name":"Transmorgrifier","floor":20,"gold_loss":0,"cards_obtained":["Doom and Gloom"]},{"damage_healed":0,"gold_gain":0,"player_choice":"Shed Blood","damage_taken":25,"max_hp_gain":5,"max_hp_loss":0,"event_name":"Forgotten Altar","floor":22,"gold_loss":0}],"is_beta":false,"boss_relics":[{"not_picked":["Velvet Choker","White Beast Statue"],"picked":"Fusion Hammer"}],"items_purged_floors":[],"is_endless":false,"potions_floor_spawned":[1,7,8,13,16,18],"killed_by":"Slavers","ascension_level":20}