{"gold_per_floor":[11,28,58,72,87,87,121,121,121,121,154,172,172,172,172,272,272,287,287,287,40,60,85,85,113,161,179,194,194,227,241,241,241],"floor_reached":33,"playtime":1859,"items_purged":[],"score":362,"play_id":"58dcfc63-a52c-4eb1-abcb-bb38605e69f0","local_time":"20190218210903","is_ascension_mode":true,"campfire_choices":[{"data":"Multi-Cast","floor":6,"key":"SMITH"},{"floor":8,"key":"REST"},{"data":"Sunder","floor":10,"key":"SMITH"},{"data":"Coolheaded","floor":15,"key":"SMITH"},{"floor":24,"key":"REST"},{"floor":29,"key":"REST"},{"floor":32,"key":"REST"}],"neow_cost":"NO_GOLD","seed_source_timestamp":437177141567800,"circlet_count":0,"master_deck":["Strike_B+1","Strike_B+1","Defend_B+1","Defend_B+1","Defend_B+1","Defend_B+1","Zap","Dualcast","Multi-Cast+1","Sunder+1","Compile Driver","Conserve Battery","Sweeping Beam","Recycle","Gash","Ball Lightning","Coolheaded+1","Meteor Strike+1","Leap","Undo","Gash+1","Streamline+1","Skim","Tempest+1","Clumsy","Double Energy+1","Leap","Recycle+1","Gash+1"],"relics":["Cracked Core","Tiny Chest","Bottled Flame","DataDisk","Strawberry","Molten Egg 2","Cursed Key","Chemical X","Question Card","Darkstone Periapt","Anchor","Lantern"],"potions_floor_usage":[11,11,22,25,31,33,33],"damage_taken":[{"damage":2,"enemies":"Jaw Worm","floor":1,"turns":4},{"damage":0,"enemies":"Small Slimes","floor":2,"turns":2},{"damage":0,"enemies":"2 Louse","floor":4,"turns":1},{"damage":7,"enemies":"Looter","floor":5,"turns":3},{"damage":33,"enemies":"Lagavulin","floor":7,"turns":5},{"damage":10,"enemies":"3 Sentries","floor":11,"turns":5},{"damage":13,"enemies":"Red Slaver","floor":12,"turns":3},{"damage":12,"enemies":"Slime Boss","floor":16,"turns":6},{"damage":6,"enemies":"2 Thieves","floor":18,"turns":2},{"damage":0,"enemies":"3 Byrds","floor":22,"turns":3},{"damage":49,"enemies":"Slavers","floor":23,"turns":6},{"damage":22,"enemies":"Gremlin Leader","floor":25,"turns":7},{"damage":1,"enemies":"Snake Plant","floor":27,"turns":3},{"damage":11,"enemies":"Sentry and Sphere","floor":28,"turns":4},{"damage":24,"enemies":"Book of Stabbing","floor":30,"turns":4},{"damage":0,"enemies":"Centurion and Healer","floor":31,"turns":2},{"damage":51,"enemies":"Automaton","floor":33,"turns":10}],"seed_played":"-6197240314613062793","potions_obtained":[{"floor":2,"key":"FearPotion"},{"floor":4,"key":"FearPotion"},{"floor":5,"key":"FocusPotion"},{"floor":7,"key":"Weak Potion"},{"floor":12,"key":"LiquidBronze"},{"floor":16,"key":"Poison Potion"},{"floor":23,"key":"Fire Potion"},{"floor":25,"key":"Strength Potion"},{"floor":31,"key":"Strength Potion"}],"is_trial":false,"path_per_floor":["M","M","?","M","M","R","E","R","T","R","E","M","?","T","R","B",null,"M","?","?","$","M","E","R","E","T","M","M","R","E","M","R","B"],"character_chosen":"DEFECT","items_purchased":["Chemical X","Gash+1"],"campfire_rested":4,"item_purchase_floors":[21,21],"current_hp_per_floor":[73,73,66,66,59,59,26,48,48,48,45,32,32,32,32,20,82,76,76,76,76,76,27,51,29,35,34,23,49,25,25,51,0],"gold":241,"neow_bonus":"TRANSFORM_TWO_CARDS","is_prod":false,"is_daily":false,"chose_seed":false,"campfire_upgraded":3,"win_rate":0,"timestamp":1550542143,"path_taken":["M","M","?","M","M","R","E","R","T","R","E","M","?","?","R","BOSS","M","?","?","$","M","E","R","E","T","M","?","R","E","M","R","BOSS"],"build_version":"2019-01-23","purchased_purges":0,"victory":false,"max_hp_per_floor":[75,75,75,75,75,75,75,75,75,75,82,82,82,82,82,82,82,82,82,82,82,82,82,82,82,88,88,88,88,88,88,88,88],"card_choices":[{"not_picked":["Hologram","Static Discharge"],"picked":"Compile Driver","floor":1},{"not_picked":["Turbo","Hologram"],"picked":"Conserve Battery","floor":2},{"not_picked":["Chill","Storm"],"picked":"Sweeping Beam","floor":4},{"not_picked":["Coolheaded","Glacier"],"picked":"Recycle","floor":5},{"not_picked":["All For One","Compile Driver"],"picked":"Gash","floor":7},{"not_picked":["Blizzard","Sweeping Beam"],"picked":"Ball Lightning","floor":11},{"not_picked":["Hologram","Beam Cell"],"picked":"Coolheaded","floor":12},{"not_picked":["Biased Cognition","Multi-Cast"],"picked":"Meteor Strike+1","floor":16},{"not_picked":["Rebound+1","Sweeping Beam+1"],"picked":"Leap","floor":18},{"not_picked":["Streamline+1","Melter+1","Stack"],"picked":"SKIP","floor":22},{"not_picked":["Melter+1","Stack"],"picked":"Streamline+1","floor":22},{"not_picked":["Streamline+1","Core Surge+1"],"picked":"Skim","floor":23},{"not_picked":["Hologram","Turbo+1","Beam Cell+1"],"picked":"Tempest+1","floor":25},{"not_picked":["Gash+1","Aggregate","Coolheaded"],"picked":"Double Energy+1","floor":27},{"not_picked":["Aggregate","Compile Driver+1","Hello World"],"picked":"Leap","floor":28},{"not_picked":["Static Discharge","Loop","Gash+1"],"picked":"Recycle+1","floor":30},{"not_picked":["Leap","Conserve Battery","Double Energy"],"picked":"Gash+1","floor":31}],"player_experience":183314,"relics_obtained":[{"floor":7,"key":"Bottled Flame"},{"floor":9,"key":"DataDisk"},{"floor":11,"key":"Strawberry"},{"floor":14,"key":"Molten Egg 2"},{"floor":23,"key":"Question Card"},{"floor":25,"key":"Darkstone Periapt"},{"floor":26,"key":"Anchor"},{"floor":30,"key":"Lantern"}],"event_choices":[{"damage_healed":0,"gold_gain":0,"player_choice":"Success","damage_taken":7,"relics_obtained":["Tiny Chest"],"max_hp_gain":0,"max_hp_loss":0,"event_name":"Scrap Ooze","floor":3,"gold_loss":0},{"damage_healed":0,"gold_gain":0,"player_choice":"Ignored","damage_taken":0,"max_hp_gain":0,"max_hp_loss":0,"event_name":"Liars Game","floor":13,"gold_loss":0},{"damage_healed":0,"gold_gain":0,"player_choice":"Simplicity","damage_taken":0,"max_hp_gain":0,"max_hp_loss":0,"event_name":"Back to Basics","floor":19,"gold_loss":0,"cards_upgraded":["Strike_B","Strike_B","Defend_B","Defend_B","Defend_B","Defend_B"]},{"damage_healed":0,"gold_gain":0,"player_choice":"1 cards matched","damage_taken":0,"max_hp_gain":0,"max_hp_loss":0,"event_name":"Match and Keep!","floor":20,"gold_loss":0,"cards_obtained":["Undo"]}],"is_beta":false,"boss_relics":[{"not_picked":["Inserter","Calling Bell"],"picked":"Cursed Key"}],"items_purged_floors":[],"is_endless":false,"potions_floor_spawned":[2,4,5,7,12,16,18,23,25,31],"killed_by":"Automaton","ascension_level":3}