{"gold_per_floor":[213,65,76,87,102,102,128,145,145,159,188,188,205,232,232,334,334,352,8,23,23,23,50,50,82,108,108,139,157,173,198,198,297,297,312,312,332,432,447,447,480,480,480,493,493,493,503,522,522,522],"floor_reached":51,"playtime":1985,"items_purged":["Defend_B"],"score":1045,"play_id":"a39de3f7-26ad-41c9-aa90-6c2c47ae04b4","local_time":"20190216132650","is_ascension_mode":true,"campfire_choices":[{"data":"Sunder","floor":6,"key":"SMITH"},{"floor":12,"key":"REST"},{"data":"Consume","floor":15,"key":"SMITH"},{"data":"Capacitor","floor":24,"key":"SMITH"},{"data":"Dualcast","floor":27,"key":"SMITH"},{"data":"Barrage","floor":32,"key":"SMITH"},{"floor":40,"key":"DIG"},{"floor":42,"key":"DIG"},{"floor":45,"key":"DIG"},{"floor":49,"key":"DIG"}],"neow_cost":"NONE","seed_source_timestamp":184092652272200,"circlet_count":0,"master_deck":["Strike_B","Strike_B","Strike_B","Strike_B","Defend_B","Defend_B","Defend_B","Zap","Dualcast+1","Sunder+1","Capacitor+1","Beam Cell","Coolheaded","Barrage+1","Self Repair+1","Consume+1","Capacitor+1","Reboot","Leap+1","Coolheaded","Loop+1","Glacier+1","Loop+1","Double Energy+1","Reboot+1","Turbo+1","Capacitor+1","Coolheaded+1","Darkness+1","Chill+1","Seek+1","White Noise+1"],"relics":["Cracked Core","Centennial Puzzle","Frozen Egg 2","Potion Belt","Ornamental Fan","Nuclear Battery","FossilizedHelix","Turnip","Mercury Hourglass","Toxic Egg 2","Vajra","PreservedInsect","Incense Burner","Runic Dome","Shovel","Regal Pillow","Strawberry","Anchor","Oddly Smooth Stone","Omamori","Happy Flower"],"potions_floor_usage":[7,7,11,11,16,28,33],"damage_taken":[{"damage":1,"enemies":"Cultist","floor":1,"turns":3},{"damage":7,"enemies":"Jaw Worm","floor":3,"turns":2},{"damage":9,"enemies":"2 Louse","floor":4,"turns":2},{"damage":1,"enemies":"Exordium Wildlife","floor":5,"turns":2},{"damage":20,"enemies":"Gremlin Nob","floor":7,"turns":4},{"damage":7,"enemies":"3 Louse","floor":8,"turns":2},{"damage":15,"enemies":"Lots of Slimes","floor":10,"turns":3},{"damage":11,"enemies":"Lagavulin","floor":11,"turns":5},{"damage":11,"enemies":"Gremlin Gang","floor":13,"turns":4},{"damage":22,"enemies":"3 Sentries","floor":14,"turns":7},{"damage":21,"enemies":"Slime Boss","floor":16,"turns":10},{"damage":14,"enemies":"Chosen","floor":18,"turns":5},{"damage":3,"enemies":"Spheric Guardian","floor":20,"turns":7},{"damage":21,"enemies":"Gremlin Leader","floor":23,"turns":12},{"damage":7,"enemies":"Book of Stabbing","floor":25,"turns":7},{"damage":13,"enemies":"Slavers","floor":28,"turns":5},{"damage":16,"enemies":"Snake Plant","floor":29,"turns":3},{"damage":0,"enemies":"Chosen and Byrds","floor":30,"turns":8},{"damage":12,"enemies":"Book of Stabbing","floor":31,"turns":7},{"damage":0,"enemies":"Collector","floor":33,"turns":12},{"damage":11,"enemies":"3 Shapes","floor":35,"turns":3},{"damage":0,"enemies":"Orb Walker","floor":37,"turns":3},{"damage":0,"enemies":"Mind Bloom Boss Battle","floor":38,"turns":6},{"damage":7,"enemies":"Spire Growth","floor":39,"turns":5},{"damage":0,"enemies":"Nemesis","floor":41,"turns":6},{"damage":24,"enemies":"Jaw Worm Horde","floor":44,"turns":6},{"damage":0,"enemies":"Maw","floor":47,"turns":8},{"damage":9,"enemies":"Writhing Mass","floor":48,"turns":6},{"damage":26,"enemies":"Time Eater","floor":50,"turns":10}],"seed_played":"-4512730357886683058","potions_obtained":[{"floor":1,"key":"SkillPotion"},{"floor":4,"key":"Swift Potion"},{"floor":5,"key":"EntropicBrew"},{"floor":13,"key":"FocusPotion"},{"floor":14,"key":"Block Potion"},{"floor":25,"key":"Regen Potion"},{"floor":28,"key":"FocusPotion"},{"floor":29,"key":"Energy Potion"},{"floor":30,"key":"Fire Potion"},{"floor":33,"key":"Explosive Potion"},{"floor":38,"key":"AttackPotion"},{"floor":48,"key":"Block Potion"}],"is_trial":false,"path_per_floor":["M","$","M","M","M","R","E","M","T","M","E","R","M","E","R","B",null,"M","$","M","?","?","E","R","E","T","R","E","M","M","E","R","B",null,"M","?","M","?","M","R","E","R","T","M","R","?","M","M","R","B",null],"character_chosen":"DEFECT","items_purchased":["Capacitor","FossilizedHelix","Coolheaded"],"campfire_rested":1,"item_purchase_floors":[2,19,19],"current_hp_per_floor":[74,74,67,58,57,57,37,30,30,15,14,36,35,23,23,12,75,71,71,75,75,75,64,64,67,67,67,67,61,71,69,69,75,75,64,64,64,74,75,75,82,82,82,68,68,68,78,79,79,63],"gold":522,"neow_bonus":"HUNDRED_GOLD","is_prod":false,"is_daily":false,"chose_seed":false,"campfire_upgraded":5,"win_rate":0,"timestamp":1550291210,"path_taken":["M","$","M","?","M","R","E","M","T","?","E","R","M","E","R","BOSS","M","$","M","?","?","E","R","E","T","R","E","M","M","E","R","BOSS","M","?","M","?","M","R","E","R","T","M","R","?","?","?","R","BOSS"],"build_version":"2019-01-23","purchased_purges":1,"victory":true,"max_hp_per_floor":[75,75,75,75,75,75,75,75,75,75,75,75,75,75,75,75,75,75,75,75,75,75,75,75,75,75,75,75,75,75,75,75,75,75,75,75,75,75,75,75,82,82,82,82,82,82,82,82,82,82],"card_choices":[{"not_picked":["Leap","Rip and Tear"],"picked":"Sunder","floor":1},{"not_picked":["Rebound","Compile Driver","Go for the Eyes"],"picked":"SKIP","floor":3},{"not_picked":["Conserve Battery","Machine Learning"],"picked":"Beam Cell","floor":4},{"not_picked":["Beam Cell","Chill"],"picked":"Coolheaded","floor":5},{"not_picked":["Conserve Battery","Redo"],"picked":"Barrage","floor":7},{"not_picked":["Beam Cell","Stack","Sweeping Beam"],"picked":"SKIP","floor":8},{"not_picked":["Auto Shields","Scrape"],"picked":"Self Repair+1","floor":10},{"not_picked":["Force Field","Hyperbeam","Storm+1"],"picked":"SKIP","floor":11},{"not_picked":["Sweeping Beam","Beam Cell"],"picked":"Consume","floor":13},{"not_picked":["Go for the Eyes","Sweeping Beam"],"picked":"Capacitor+1","floor":14},{"not_picked":["Rainbow","Multi-Cast"],"picked":"Reboot","floor":16},{"not_picked":["Skim","Beam Cell+1"],"picked":"Leap+1","floor":18},{"not_picked":["Compile Driver","Static Discharge+1","Darkness"],"picked":"SKIP","floor":20},{"not_picked":["Recycle","White Noise"],"picked":"Loop+1","floor":23},{"not_picked":["Beam Cell","Double Energy"],"picked":"Glacier","floor":25},{"not_picked":["Storm+1","Barrage+1"],"picked":"Loop+1","floor":28},{"not_picked":["Sweeping Beam","Steam+1","Stack+1"],"picked":"SKIP","floor":29},{"not_picked":["Barrage","Gash+1","Multi-Cast+1"],"picked":"SKIP","floor":30},{"not_picked":["Hologram+1","Barrage+1"],"picked":"Double Energy+1","floor":31},{"not_picked":["Echo Form+1","Buffer+1"],"picked":"Reboot+1","floor":33},{"not_picked":["Streamline","Heatsinks+1"],"picked":"Turbo+1","floor":35},{"not_picked":["Rip and Tear","Redo+1"],"picked":"Capacitor+1","floor":37},{"not_picked":["Stack+1","Reboot+1"],"picked":"Coolheaded+1","floor":38},{"not_picked":["Reprogram+1","Leap+1","Compile Driver"],"picked":"SKIP","floor":39},{"not_picked":["Darkness+1","Sweeping Beam+1","Sunder"],"picked":"SKIP","floor":41},{"not_picked":["Sweeping Beam+1","Sunder"],"picked":"Darkness+1","floor":41},{"not_picked":["Reprogram+1","Ball Lightning+1"],"picked":"Chill+1","floor":44},{"not_picked":["Cold Snap","Force Field+1"],"picked":"Seek+1","floor":47},{"not_picked":["Stack+1","Self Repair+1"],"picked":"White Noise+1","floor":48}],"player_experience":71079,"relics_obtained":[{"floor":7,"key":"Centennial Puzzle"},{"floor":9,"key":"Frozen Egg 2"},{"floor":11,"key":"Potion Belt"},{"floor":14,"key":"Ornamental Fan"},{"floor":23,"key":"Mercury Hourglass"},{"floor":25,"key":"Toxic Egg 2"},{"floor":26,"key":"Vajra"},{"floor":28,"key":"PreservedInsect"},{"floor":31,"key":"Incense Burner"},{"floor":38,"key":"Shovel"},{"floor":40,"key":"Regal Pillow"},{"floor":41,"key":"Strawberry"},{"floor":42,"key":"Anchor"},{"floor":43,"key":"Oddly Smooth Stone"},{"floor":45,"key":"Omamori"},{"floor":49,"key":"Happy Flower"}],"event_choices":[{"damage_healed":0,"gold_gain":0,"player_choice":"Opened","damage_taken":0,"relics_obtained":["Turnip"],"max_hp_gain":0,"max_hp_loss":0,"event_name":"The Mausoleum","floor":21,"gold_loss":0},{"damage_healed":0,"gold_gain":0,"player_choice":"Ignored","damage_taken":0,"max_hp_gain":0,"max_hp_loss":0,"event_name":"Tomb of Lord Red Mask","floor":36,"gold_loss":0},{"damage_healed":0,"gold_gain":0,"player_choice":"Fight","damage_taken":0,"max_hp_gain":0,"max_hp_loss":0,"event_name":"MindBloom","floor":38,"gold_loss":0},{"damage_healed":0,"gold_gain":0,"player_choice":"Ignored","damage_taken":0,"max_hp_gain":0,"max_hp_loss":0,"event_name":"SecretPortal","floor":46,"gold_loss":0}],"is_beta":false,"boss_relics":[{"not_picked":["Orrery","Lizard Tail"],"picked":"Nuclear Battery"},{"not_picked":["Snecko Eye","Busted Crown"],"picked":"Runic Dome"}],"items_purged_floors":[2],"is_endless":false,"potions_floor_spawned":[1,4,5,13,14,25,28,29,30,33,38,47,48],"ascension_level":4}