{"gold_per_floor":[118,118,118,128,51,51,51,80,80,93,108,108,139,139,139,213,213,228,202,60,86,97,97,97,107,107,107,157,175,202,218,218,292,292,302,302,316,69,88,116,116,116,116,126,142,156,156,156,156,156],"floor_reached":50,"playtime":1618,"items_purged":["Strike_B"],"score":1185,"play_id":"f584e49f-9877-4bd9-bf77-8cc6441568b8","local_time":"20190322193819","is_ascension_mode":true,"campfire_choices":[{"data":"Loop","floor":6,"key":"SMITH"},{"data":"Darkness","floor":12,"key":"SMITH"},{"data":"Seek","floor":15,"key":"SMITH"},{"data":"Zap","floor":23,"key":"SMITH"},{"data":"Self Repair","floor":27,"key":"SMITH"},{"data":"Dualcast","floor":32,"key":"SMITH"},{"floor":41,"key":"RECALL"},{"floor":49,"key":"REST"}],"neow_cost":"NONE","seed_source_timestamp":261636695317000,"circlet_count":0,"master_deck":["AscendersBane","Strike_B","Strike_B","Defend_B","Defend_B","Defend_B","Zap+1","Dualcast+1","Darkness+1","Loop+1","Self Repair+1","Leap","Seek+1","Echo Form","BootSequence","Skim+1","Coolheaded","Core Surge","Cold Snap+1","Conserve Battery+1","Coolheaded","Secret Technique","Impatience","Deep Breath"],"relics":["Cracked Core","NeowsBlessing","Symbiotic Virus","Anchor","Thread and Needle","Nuclear Battery","Tiny Chest","Centennial Puzzle","Meat on the Bone","Mercury Hourglass","DataDisk","Fusion Hammer","Membership Card","FossilizedHelix","Molten Egg 2","Omamori"],"potions_floor_usage":[13],"damage_taken":[{"damage":0,"enemies":"Jaw Worm","floor":1,"turns":1},{"damage":0,"enemies":"Cultist","floor":4,"turns":1},{"damage":0,"enemies":"Lagavulin","floor":8,"turns":1},{"damage":12,"enemies":"Small Slimes","floor":10,"turns":4},{"damage":13,"enemies":"Red Slaver","floor":11,"turns":3},{"damage":20,"enemies":"3 Sentries","floor":13,"turns":6},{"damage":0,"enemies":"Slime Boss","floor":16,"turns":4},{"damage":18,"enemies":"Shell Parasite","floor":18,"turns":6},{"damage":2,"enemies":"2 Thieves","floor":22,"turns":4},{"damage":27,"enemies":"3 Cultists","floor":25,"turns":7},{"damage":15,"enemies":"Snake Plant","floor":29,"turns":4},{"damage":7,"enemies":"Cultist and Chosen","floor":31,"turns":4},{"damage":48,"enemies":"Champ","floor":33,"turns":8},{"damage":22,"enemies":"3 Darklings","floor":35,"turns":7},{"damage":0,"enemies":"3 Shapes","floor":37,"turns":5},{"damage":2,"enemies":"Jaw Worm Horde","floor":39,"turns":5},{"damage":35,"enemies":"Nemesis","floor":40,"turns":7},{"damage":24,"enemies":"3 Darklings","floor":44,"turns":6},{"damage":15,"enemies":"Transient","floor":45,"turns":6},{"damage":6,"enemies":"Sphere and 2 Shapes","floor":46,"turns":6},{"damage":70,"enemies":"Donu and Deca","floor":50,"turns":9}],"seed_played":"4948001974984822006","potions_obtained":[{"floor":1,"key":"LiquidBronze"},{"floor":8,"key":"Swift Potion"},{"floor":13,"key":"PowerPotion"},{"floor":25,"key":"LiquidBronze"},{"floor":46,"key":"Ancient Potion"}],"is_trial":false,"path_per_floor":["M","?","$","M","$","R","?","E","T","M","M","R","E","?","R","B",null,"M","$","$","T","M","R","T","M","T","R","?","M","T","M","R","B",null,"M","?","M","$","M","E","R","T","T","M","M","M","?","?","R","B"],"character_chosen":"DEFECT","items_purchased":["Loop","Cold Snap","Tiny Chest","Membership Card"],"campfire_rested":1,"item_purchase_floors":[5,19,20,38],"current_hp_per_floor":[64,64,64,64,64,64,64,64,64,59,53,53,40,40,40,40,63,52,52,52,52,57,57,57,49,49,49,49,56,56,69,69,43,64,62,62,71,71,71,46,46,46,46,54,59,71,71,61,71,1],"gold":156,"neow_bonus":"THREE_ENEMY_KILL","is_prod":false,"is_daily":false,"chose_seed":false,"campfire_upgraded":6,"win_rate":0,"timestamp":1553251099,"path_taken":["M","?","$","?","?","R","?","E","T","?","?","R","E","?","R","BOSS","M","?","$","?","M","R","?","?","T","R","?","M","?","M","R","BOSS","M","?","M","$","?","E","R","?","T","M","M","?","?","?","R","BOSS"],"build_version":"2019-01-23","purchased_purges":1,"victory":false,"max_hp_per_floor":[71,71,71,71,71,71,71,71,71,71,71,71,71,71,71,71,71,71,71,71,71,71,71,71,71,71,71,71,71,71,71,71,71,71,71,71,71,71,71,71,71,71,71,71,71,71,71,71,71,71],"card_choices":[{"not_picked":["Hello World","Steam","Beam Cell"],"picked":"SKIP","floor":1},{"not_picked":["Chaos","Lockon"],"picked":"Darkness","floor":4},{"not_picked":["Conserve Battery","Sweeping Beam"],"picked":"Self Repair","floor":8},{"not_picked":["Redo","Beam Cell","Stack"],"picked":"SKIP","floor":10},{"not_picked":["Steam","Compile Driver"],"picked":"Leap","floor":11},{"not_picked":["Rebound","Sweeping Beam"],"picked":"Seek","floor":13},{"not_picked":["Machine Learning","Multi-Cast"],"picked":"Echo Form","floor":16},{"not_picked":["Turbo","Force Field","Beam Cell"],"picked":"SKIP","floor":18},{"not_picked":["Force Field","Steam"],"picked":"BootSequence","floor":22},{"not_picked":["Recycle","Hologram"],"picked":"Skim+1","floor":25},{"not_picked":["Darkness","Compile Driver+1","Steam"],"picked":"SKIP","floor":29},{"not_picked":["Hello World","Static Discharge"],"picked":"Coolheaded","floor":31},{"not_picked":["Meteor Strike","Machine Learning"],"picked":"Core Surge","floor":33},{"not_picked":["Gash","Steam"],"picked":"Cold Snap+1","floor":35},{"not_picked":["Redo","Force Field"],"picked":"Conserve Battery+1","floor":37},{"not_picked":["Cold Snap","Gash","Sweeping Beam"],"picked":"SKIP","floor":39},{"not_picked":["Ball Lightning+1","Redo","Darkness"],"picked":"SKIP","floor":40},{"not_picked":["Redo","Rainbow"],"picked":"Coolheaded","floor":44},{"not_picked":["Redo+1","Turbo","Gash+1"],"picked":"SKIP","floor":45},{"not_picked":["Barrage+1","Redo","Sunder+1"],"picked":"SKIP","floor":46},{"not_picked":["Blind","Violence"],"picked":"Secret Technique","floor":48},{"not_picked":["Jack Of All Trades","Blind"],"picked":"Impatience","floor":48},{"not_picked":["Mind Blast+1","Flash of Steel+1"],"picked":"Deep Breath","floor":48}],"player_experience":2474788,"relics_obtained":[{"floor":8,"key":"Symbiotic Virus"},{"floor":13,"key":"Anchor"},{"floor":21,"key":"Centennial Puzzle"},{"floor":24,"key":"Meat on the Bone"},{"floor":26,"key":"Mercury Hourglass"},{"floor":30,"key":"DataDisk"},{"floor":40,"key":"FossilizedHelix"},{"floor":42,"key":"Molten Egg 2"},{"floor":43,"key":"Omamori"}],"event_choices":[{"cards_removed":["Defend_B"],"damage_healed":0,"gold_gain":0,"player_choice":"Offered Basic","damage_taken":0,"max_hp_gain":0,"max_hp_loss":0,"event_name":"Bonfire Elementals","floor":2,"gold_loss":0},{"cards_removed":["Strike_B"],"damage_healed":0,"gold_gain":0,"player_choice":"Purged","damage_taken":0,"max_hp_gain":0,"max_hp_loss":0,"event_name":"Purifier","floor":7,"gold_loss":0},{"damage_healed":0,"gold_gain":0,"player_choice":"Gave Potion","damage_taken":0,"relics_obtained":["Thread and Needle"],"max_hp_gain":0,"max_hp_loss":0,"event_name":"WeMeetAgain","floor":14,"gold_loss":0},{"damage_healed":0,"gold_gain":50,"player_choice":"Stole From Cult","damage_taken":0,"max_hp_gain":0,"max_hp_loss":0,"event_name":"Nest","floor":28,"gold_loss":0},{"damage_healed":0,"gold_gain":0,"player_choice":"Ignored","damage_taken":0,"max_hp_gain":0,"max_hp_loss":0,"event_name":"SecretPortal","floor":36,"gold_loss":0},{"cards_removed":["Cold Snap"],"damage_healed":0,"gold_gain":0,"player_choice":"Removed Attack","damage_taken":0,"max_hp_gain":0,"max_hp_loss":0,"event_name":"Falling","floor":47,"gold_loss":0},{"damage_healed":0,"gold_gain":0,"player_choice":"Memory 3","damage_taken":10,"max_hp_gain":0,"max_hp_loss":0,"event_name":"SensoryStone","floor":48,"gold_loss":0}],"is_beta":false,"boss_relics":[{"not_picked":["Inserter","Lizard Tail"],"picked":"Nuclear Battery"},{"not_picked":["Calling Bell","Tiny House"],"picked":"Fusion Hammer"}],"items_purged_floors":[38],"is_endless":false,"potions_floor_spawned":[1,8,10,13,25,29,40,46],"killed_by":"Donu and Deca","ascension_level":20}