{"gold_per_floor":[119,119,134,134,134,134,3,3,3,22,49,49,49,76,76,76],"floor_reached":16,"playtime":269,"items_purged":["Regret"],"score":262,"play_id":"68d738a1-2700-46fc-9af0-eac2d4bfde37","local_time":"20190308164909","is_ascension_mode":true,"campfire_choices":[{"data":"Zap","floor":6,"key":"SMITH"},{"floor":8,"key":"REST"},{"data":"Fission","floor":13,"key":"SMITH"},{"data":"Loop","floor":15,"key":"SMITH"}],"neow_cost":"PERCENT_DAMAGE","seed_source_timestamp":91476676207500,"circlet_count":0,"master_deck":["AscendersBane","Strike_B+1","Strike_B","Strike_B","Strike_B+1","Defend_B","Defend_B+1","Defend_B+1","Zap+1","Dualcast","Cold Snap","Fission+1","Loop+1"],"relics":["Cracked Core","Torii","Anchor","Smiling Mask","Matryoshka","War Paint"],"potions_floor_usage":[11,11,14],"damage_taken":[{"damage":12,"enemies":"Jaw Worm","floor":1,"turns":3},{"damage":1,"enemies":"Cultist","floor":3,"turns":3},{"damage":0,"enemies":"2 Louse","floor":10,"turns":2},{"damage":0,"enemies":"3 Sentries","floor":11,"turns":3},{"damage":28,"enemies":"Gremlin Nob","floor":14,"turns":4},{"damage":26,"enemies":"The Guardian","floor":16,"turns":2}],"seed_played":"8961886558531679856","potions_obtained":[{"floor":1,"key":"PowerPotion"},{"floor":11,"key":"Fruit Juice"}],"is_trial":false,"path_per_floor":["M","?","M","?","?","R","$","R","T","M","E","$","R","E","R","B"],"character_chosen":"DEFECT","items_purchased":["AttackPotion"],"campfire_rested":1,"item_purchase_floors":[7],"current_hp_per_floor":[34,34,33,12,12,12,12,33,33,33,38,38,38,10,10,0],"gold":76,"neow_bonus":"ONE_RARE_RELIC","is_prod":false,"is_daily":false,"chose_seed":false,"campfire_upgraded":3,"win_rate":0,"timestamp":1552031349,"path_taken":["M","?","?","?","?","R","?","R","T","M","E","$","R","E","R","BOSS"],"build_version":"2019-01-23","purchased_purges":1,"victory":false,"max_hp_per_floor":[71,71,71,71,71,71,71,71,71,71,76,76,76,76,76,76],"card_choices":[{"not_picked":["Double Energy","Compile Driver","Conserve Battery"],"picked":"SKIP","floor":1},{"not_picked":["Stack","Leap"],"picked":"Cold Snap","floor":3},{"not_picked":["Conserve Battery","Sweeping Beam"],"picked":"Fission","floor":10},{"not_picked":["Scrape","Redo","Hologram"],"picked":"SKIP","floor":11},{"not_picked":["Turbo","Chill"],"picked":"Loop","floor":14}],"player_experience":2077798,"relics_obtained":[{"floor":9,"key":"Smiling Mask"},{"floor":11,"key":"Matryoshka"},{"floor":14,"key":"War Paint"}],"event_choices":[{"cards_removed":["Defend_B"],"damage_healed":0,"gold_gain":0,"player_choice":"Purged","damage_taken":0,"max_hp_gain":0,"max_hp_loss":0,"event_name":"Purifier","floor":2,"gold_loss":0},{"damage_healed":0,"gold_gain":0,"player_choice":"Entered Light","damage_taken":21,"max_hp_gain":0,"max_hp_loss":0,"event_name":"Shining Light","floor":4,"gold_loss":0,"cards_upgraded":["Strike_B","Strike_B"]},{"damage_healed":0,"gold_gain":0,"player_choice":"Box","damage_taken":0,"relics_obtained":["Anchor"],"max_hp_gain":0,"max_hp_loss":0,"event_name":"Big Fish","floor":5,"gold_loss":0,"cards_obtained":["Regret"]}],"is_beta":false,"boss_relics":[],"items_purged_floors":[7],"is_endless":false,"potions_floor_spawned":[1,11],"killed_by":"The Guardian","ascension_level":20}