{"gold_per_floor":[113,113,126,142,142,142,168,203,203,228,245,245,245,260,260,338,338,350,368,283,68,88,88,88,88,167,167,167,178,193,222,222,295,295,306,306,316,336,336,392,392],"floor_reached":41,"playtime":1611,"items_purged":["Strike_R"],"score":902,"play_id":"0df72607-4697-44a5-b1d5-0830b84cb97c","local_time":"20190310131753","is_ascension_mode":true,"campfire_choices":[{"data":"Whirlwind","floor":6,"key":"SMITH"},{"data":"Rampage","floor":13,"key":"SMITH"},{"data":"True Grit","floor":15,"key":"SMITH"},{"data":"Offering","floor":23,"key":"SMITH"},{"data":"Disarm","floor":25,"key":"SMITH"},{"data":"Feel No Pain","floor":28,"key":"SMITH"},{"data":"Body Slam","floor":32,"key":"SMITH"}],"neow_cost":"NONE","seed_source_timestamp":96212011357200,"circlet_count":0,"master_deck":["AscendersBane","Defend_R+1","Defend_R+1","Defend_R","Defend_R","Bash","Rampage+1","Whirlwind+1","Feel No Pain+1","True Grit+1","Flame Barrier","Offering+1","Evolve","Blood for Blood","Disarm+1","Body Slam+1","Seeing Red","Reaper","Shrug It Off","Second Wind"],"relics":["Burning Blood","NeowsBlessing","Self Forming Clay","Anchor","War Paint","Smiling Mask","Lantern","Coffee Dripper","Blue Candle","Oddly Smooth Stone","Pantograph","Enchiridion","Darkstone Periapt","Velvet Choker","Tiny Chest"],"potions_floor_usage":[8,10,31,31,40,41],"damage_taken":[{"damage":0,"enemies":"Cultist","floor":1,"turns":1},{"damage":0,"enemies":"Small Slimes","floor":3,"turns":1},{"damage":0,"enemies":"Jaw Worm","floor":4,"turns":1},{"damage":8,"enemies":"Gremlin Nob","floor":8,"turns":3},{"damage":9,"enemies":"3 Sentries","floor":10,"turns":10},{"damage":1,"enemies":"Looter","floor":11,"turns":2},{"damage":17,"enemies":"Exordium Wildlife","floor":14,"turns":5},{"damage":64,"enemies":"Slime Boss","floor":16,"turns":16},{"damage":14,"enemies":"Shell Parasite","floor":18,"turns":6},{"damage":0,"enemies":"3 Byrds","floor":19,"turns":3},{"damage":6,"enemies":"Snake Plant","floor":22,"turns":4},{"damage":10,"enemies":"Centurion and Healer","floor":29,"turns":8},{"damage":0,"enemies":"Sentry and Sphere","floor":30,"turns":6},{"damage":13,"enemies":"Gremlin Leader","floor":31,"turns":5},{"damage":40,"enemies":"Champ","floor":33,"turns":15},{"damage":17,"enemies":"3 Shapes","floor":35,"turns":5},{"damage":21,"enemies":"Orb Walker","floor":37,"turns":5},{"damage":6,"enemies":"Jaw Worm Horde","floor":38,"turns":1},{"damage":69,"enemies":"Nemesis","floor":40,"turns":15},{"damage":6,"enemies":"Spire Growth","floor":41,"turns":4}],"seed_played":"-2563919606314720673","potions_obtained":[{"floor":1,"key":"Strength Potion"},{"floor":4,"key":"Explosive Potion"},{"floor":11,"key":"SteroidPotion"},{"floor":16,"key":"Explosive Potion"},{"floor":38,"key":"BloodPotion"},{"floor":40,"key":"EssenceOfSteel"}],"is_trial":false,"path_per_floor":["M","T","M","M","?","R","T","E","T","E","M","?","R","M","R","B",null,"M","M","?","$","M","R","?","R","T","?","R","M","M","E","R","B",null,"M","?","M","M","?","E","M"],"character_chosen":"IRONCLAD","items_purchased":["Oddly Smooth Stone"],"campfire_rested":0,"item_purchase_floors":[21],"current_hp_per_floor":[74,74,75,75,75,75,75,73,73,70,75,80,80,69,69,11,63,55,61,61,61,61,61,61,61,61,40,40,36,42,35,35,26,67,68,68,59,59,59,10,10],"gold":392,"neow_bonus":"THREE_ENEMY_KILL","is_prod":false,"is_daily":false,"chose_seed":false,"campfire_upgraded":7,"win_rate":0,"timestamp":1552191473,"path_taken":["M","?","M","M","?","R","?","E","T","E","M","?","R","?","R","BOSS","M","M","?","$","M","R","?","R","T","?","R","M","M","E","R","BOSS","M","?","?","M","?","E","M"],"build_version":"2019-01-23","purchased_purges":1,"victory":false,"max_hp_per_floor":[75,75,75,75,75,75,75,75,75,75,75,80,80,80,80,80,80,80,80,80,80,80,80,80,80,80,80,80,80,80,80,80,80,80,80,80,80,80,80,80,80],"card_choices":[{"not_picked":["Sword Boomerang","Rupture"],"picked":"Rampage","floor":1},{"not_picked":["Disarm","Body Slam"],"picked":"Whirlwind","floor":3},{"not_picked":["Bloodletting","Shockwave"],"picked":"Feel No Pain","floor":4},{"not_picked":["Berserk","Flex"],"picked":"True Grit","floor":8},{"not_picked":["Twin Strike","Anger","Carnage"],"picked":"SKIP","floor":10},{"not_picked":["Searing Blow","Flex"],"picked":"Flame Barrier","floor":11},{"not_picked":["Cleave","Sever Soul","Havoc"],"picked":"SKIP","floor":14},{"not_picked":["Brutality","Bludgeon"],"picked":"Offering","floor":16},{"not_picked":["Heavy Blade","Iron Wave"],"picked":"Evolve","floor":18},{"not_picked":["Pommel Strike","Havoc","Armaments"],"picked":"SKIP","floor":19},{"not_picked":["Thunderclap+1","Burning Pact","Flame Barrier"],"picked":"SKIP","floor":22},{"not_picked":["Flex","Sword Boomerang"],"picked":"Body Slam","floor":29},{"not_picked":["Clothesline","Warcry","Bloodletting"],"picked":"SKIP","floor":30},{"not_picked":["Clothesline","Bludgeon"],"picked":"Seeing Red","floor":31},{"not_picked":["Fiend Fire","Bludgeon"],"picked":"Reaper","floor":33},{"not_picked":["Whirlwind","Clash+1","Clothesline"],"picked":"SKIP","floor":35},{"not_picked":["Havoc","Pommel Strike","Perfected Strike"],"picked":"SKIP","floor":37},{"not_picked":["Perfected Strike","Flex"],"picked":"Shrug It Off","floor":38},{"not_picked":["Burning Pact","Pummel"],"picked":"Second Wind","floor":40}],"player_experience":2140152,"relics_obtained":[{"floor":2,"key":"Self Forming Clay"},{"floor":7,"key":"Anchor"},{"floor":8,"key":"War Paint"},{"floor":9,"key":"Smiling Mask"},{"floor":10,"key":"Lantern"},{"floor":26,"key":"Pantograph"},{"floor":27,"key":"Enchiridion"},{"floor":31,"key":"Darkstone Periapt"},{"floor":40,"key":"Tiny Chest"}],"event_choices":[{"cards_removed":["Strike_R"],"damage_healed":0,"gold_gain":0,"player_choice":"Forget","damage_taken":0,"max_hp_gain":0,"max_hp_loss":0,"event_name":"Living Wall","floor":5,"gold_loss":0},{"damage_healed":0,"gold_gain":0,"player_choice":"Donut","damage_taken":0,"max_hp_gain":5,"max_hp_loss":0,"event_name":"Big Fish","floor":12,"gold_loss":0},{"damage_healed":0,"gold_gain":0,"player_choice":"Obtained Relic","damage_taken":0,"relics_obtained":["Blue Candle"],"max_hp_gain":0,"max_hp_loss":0,"event_name":"Addict","floor":20,"gold_loss":85},{"damage_healed":0,"gold_gain":0,"cards_transformed":["Strike_R","Strike_R"],"player_choice":"Became Test Subject","damage_taken":0,"max_hp_gain":0,"max_hp_loss":0,"event_name":"Drug Dealer","floor":24,"gold_loss":0,"cards_obtained":["Blood for Blood","Disarm"]},{"damage_healed":0,"gold_gain":0,"player_choice":"Obtained Book","damage_taken":21,"max_hp_gain":0,"max_hp_loss":0,"event_name":"Cursed Tome","floor":27,"gold_loss":0},{"cards_removed":["Strike_R"],"damage_healed":0,"gold_gain":0,"player_choice":"Offered Basic","damage_taken":0,"max_hp_gain":0,"max_hp_loss":0,"event_name":"Bonfire Elementals","floor":36,"gold_loss":0},{"damage_healed":0,"gold_gain":0,"player_choice":"Ignored","damage_taken":0,"max_hp_gain":0,"max_hp_loss":0,"event_name":"Tomb of Lord Red Mask","floor":39,"gold_loss":0}],"is_beta":false,"boss_relics":[{"not_picked":["Eternal Feather","Calling Bell"],"picked":"Coffee Dripper"},{"not_picked":["Fusion Hammer","Tiny House"],"picked":"Velvet Choker"}],"items_purged_floors":[21],"is_endless":false,"potions_floor_spawned":[1,4,11,16,18,19,22,29,38,40],"killed_by":"Spire Growth","ascension_level":20}