{"gold_per_floor":[113,127,145,157,15,42,42,60,86,86,111,111,111,122,122,223,223,235,28,41,41,52,52,84,84,136,466,466,497,497,60,60,156,156,169,169,135,145,161,161],"floor_reached":40,"playtime":4450,"items_purged":["Strike_G","Strike_G","Strike_G"],"score":547,"play_id":"0ac3a2db-6a80-4678-832f-a9d4f0b22d23","local_time":"20190212212839","is_ascension_mode":true,"campfire_choices":[{"data":"Leg Sweep","floor":7.0,"key":"SMITH"},{"floor":10.0,"key":"REST"},{"data":"Malaise","floor":13.0,"key":"SMITH"},{"data":"A Thousand Cuts","floor":15.0,"key":"SMITH"},{"floor":23.0,"key":"REST"},{"data":"Noxious Fumes","floor":25.0,"key":"SMITH"},{"data":"Catalyst","floor":28.0,"key":"SMITH"},{"data":"Backflip","floor":30.0,"key":"SMITH"},{"floor":32.0,"key":"REST"}],"neow_cost":"NONE","seed_source_timestamp":0,"circlet_count":0,"master_deck":["Defend_G","Defend_G","Defend_G","Defend_G","Defend_G","Strike_G","Survivor","Neutralize","Setup","Poisoned Stab","Dodge and Roll","Cloak And Dagger","A Thousand Cuts+1","Well Laid Plans","Leg Sweep+1","Backflip+1","Malaise+1","Acrobatics","A Thousand Cuts","Noxious Fumes+1","PiercingWail","Deflect","Blur","Infinite Blades","Concentrate+1","Backflip","Catalyst+1","Blade Dance","Caltrops","Adrenaline","Escape Plan+1","Madness","Madness","Caltrops","Deadly Poison+1"],"special_seed":0,"relics":["Ring of the Snake","WingedGreaves","Bronze Scales","Anchor","Orrery","NlothsMask","Bag of Marbles","Old Coin","Letter Opener","Mummified Hand","Black Star"],"potions_floor_usage":[],"damage_taken":[{"damage":9.0,"enemies":"Cultist","floor":1.0,"turns":5.0},{"damage":2.0,"enemies":"2 Louse","floor":2.0,"turns":4.0},{"damage":0.0,"enemies":"Small Slimes","floor":3.0,"turns":4.0},{"damage":5.0,"enemies":"3 Louse","floor":4.0,"turns":4.0},{"damage":13.0,"enemies":"3 Sentries","floor":6.0,"turns":8.0},{"damage":15.0,"enemies":"Lots of Slimes","floor":8.0,"turns":7.0},{"damage":15.0,"enemies":"Lagavulin","floor":11.0,"turns":10.0},{"damage":9.0,"enemies":"Large Slime","floor":14.0,"turns":7.0},{"damage":6.0,"enemies":"Slime Boss","floor":16.0,"turns":11.0},{"damage":16.0,"enemies":"Spheric Guardian","floor":18.0,"turns":6.0},{"damage":0.0,"enemies":"Chosen","floor":20.0,"turns":8.0},{"damage":26.0,"enemies":"Sentry and Sphere","floor":22.0,"turns":7.0},{"damage":5.0,"enemies":"Book of Stabbing","floor":24.0,"turns":7.0},{"damage":18.0,"enemies":"Slavers","floor":27.0,"turns":4.0},{"damage":5.0,"enemies":"Book of Stabbing","floor":29.0,"turns":7.0},{"damage":19.0,"enemies":"Collector","floor":33.0,"turns":10.0},{"damage":11,"enemies":"3 Shapes","floor":35,"turns":3},{"damage":2,"enemies":"Orb Walker","floor":38,"turns":4},{"damage":44,"enemies":"Transient","floor":39,"turns":5},{"damage":4,"enemies":"Giant Head","floor":40,"turns":6}],"seed_played":"-3495467733669786911","potions_obtained":[{"floor":3.0,"key":"Block Potion"},{"floor":6.0,"key":"Energy Potion"},{"floor":12.0,"key":"EssenceOfSteel"},{"floor":24.0,"key":"Poison Potion"},{"floor":35,"key":"LiquidBronze"}],"is_trial":false,"path_per_floor":["M","M","M","M","$","E","R","M","T","R","E","?","R","M","R","B",null,"M","$","M","?","M","R","E","R","T","E","R","E","R","$","R","B",null,"M","?","$","M","M","E"],"character_chosen":"THE_SILENT","items_purchased":["Well Laid Plans","Blur","Infinite Blades","Mummified Hand","Caltrops","Caltrops"],"campfire_rested":3,"item_purchase_floors":[5,19,19,31,31,37],"current_hp_per_floor":[61,59,59,54,54,41,41,26,26,47,32,32,32,23,23,17,70,54,54,54,54,28,49,44,44,44,26,26,21,21,21,42,23,70,59,50,50,48,4,0],"gold":161,"neow_bonus":"TRANSFORM_CARD","is_prod":false,"is_daily":false,"chose_seed":false,"campfire_upgraded":6,"win_rate":0,"timestamp":1550024919,"path_taken":["M","?","M","M","$","E","R","M","T","R","E","?","R","?","R","BOSS","M","$","M","?","?","R","E","R","T","E","R","E","R","$","R","BOSS","M","?","$","M","M","E"],"build_version":"2019-01-23","purchased_purges":3,"victory":false,"max_hp_per_floor":[70,70,70,70,70,70,70,70,70,70,70,70,70,70,70,70,70,70,70,70,70,70,70,70,70,70,70,70,70,70,70,70,70,70,70,70,70,70,70,70],"card_choices":[{"not_picked":["Quick Slash","Blade Dance"],"picked":"Poisoned Stab","floor":1.0},{"not_picked":["Quick Slash","Concentrate"],"picked":"Dodge and Roll","floor":2.0},{"not_picked":["Sucker Punch","Slice"],"picked":"Cloak And Dagger","floor":3.0},{"not_picked":["Setup","Sucker Punch"],"picked":"A Thousand Cuts","floor":4.0},{"not_picked":["Skewer","Underhanded Strike"],"picked":"Leg Sweep","floor":6.0},{"not_picked":["Dagger Spray","Blade Dance"],"picked":"Backflip","floor":8.0},{"not_picked":["Infinite Blades","Night Terror"],"picked":"Malaise","floor":11.0},{"not_picked":["Setup","Backflip"],"picked":"Acrobatics","floor":14.0},{"not_picked":["Venomology","Envenom"],"picked":"A Thousand Cuts","floor":16.0},{"not_picked":["Masterful Stab","Backflip"],"picked":"Noxious Fumes","floor":17.0},{"not_picked":["Dodge and Roll","Flechettes"],"picked":"PiercingWail","floor":17.0},{"not_picked":["Reflex","Dagger Throw"],"picked":"Deflect","floor":17.0},{"not_picked":["Sucker Punch","Dagger Throw","Tools of the Trade"],"picked":"SKIP","floor":18.0},{"not_picked":["Infinite Blades","All Out Attack"],"picked":"Concentrate+1","floor":20.0},{"not_picked":["Well Laid Plans","Slice"],"picked":"Backflip","floor":22.0},{"not_picked":["Outmaneuver+1","Underhanded Strike","Reflex+1"],"picked":"SKIP","floor":24.0},{"not_picked":["Blade Dance+1","Backflip"],"picked":"Catalyst","floor":27.0},{"not_picked":["Endless Agony","Dash+1"],"picked":"Blade Dance","floor":29.0},{"not_picked":["Grand Finale","Unload"],"picked":"Adrenaline","floor":33.0},{"not_picked":["Blade Dance","Choke+1"],"picked":"Escape Plan+1","floor":35},{"not_picked":["Acrobatics+1","Cloak And Dagger+1","Predator"],"picked":"SKIP","floor":38},{"not_picked":["Expertise+1","Bane+1"],"picked":"Deadly Poison+1","floor":39}],"player_experience":169861,"relics_obtained":[{"floor":6.0,"key":"WingedGreaves"},{"floor":9.0,"key":"Bronze Scales"},{"floor":11.0,"key":"Anchor"},{"floor":24.0,"key":"Bag of Marbles"},{"floor":27.0,"key":"Old Coin"},{"floor":29.0,"key":"Letter Opener"}],"event_choices":[{"damage_healed":0.0,"max_hp_gain":0.0,"max_hp_loss":0.0,"gold_gain":0.0,"event_name":"Lab","player_choice":"Got Potions","floor":12.0,"gold_loss":0.0,"damage_taken":0.0},{"damage_healed":0.0,"max_hp_gain":0.0,"max_hp_loss":0.0,"gold_gain":0.0,"event_name":"FaceTrader","player_choice":"Trade","floor":21.0,"gold_loss":0.0,"damage_taken":0.0,"relics_obtained":["NlothsMask"]},{"damage_healed":0,"gold_gain":0,"player_choice":"Embrace Madness","damage_taken":9,"max_hp_gain":0,"max_hp_loss":0,"event_name":"Winding Halls","floor":36,"gold_loss":0,"cards_obtained":["Madness","Madness"]}],"is_beta":false,"boss_relics":[{"not_picked":["Fusion Hammer","Pandora\u0027s Box"],"picked":"Orrery"},{"not_picked":["Velvet Choker","HoveringKite"],"picked":"Black Star"}],"items_purged_floors":[5,19,31],"is_endless":false,"potions_floor_spawned":[3,6,14,16,20,24,35],"killed_by":"Giant Head","ascension_level":3}