{"gold_per_floor":[118,137,137,150,150,182,182,182,207,227,253,272,272,24,24,102,102,117,42,42,42,42,42,75,86,86,86,102,119,151,167,167,244,244,257,257,257,76,76,135,150,150,150,177,232,247,247,81,81,81,81,81,81,24,54,54],"floor_reached":56,"playtime":2869,"items_purged":["Defend_B","Bite","Bite"],"score":1977,"play_id":"b4b7aa11-bcc2-46b6-b757-a0bb78a5b3eb","local_time":"20190223131916","is_ascension_mode":true,"campfire_choices":[{"data":"Sunder","floor":7.0,"key":"SMITH"},{"data":"Defragment","floor":13.0,"key":"SMITH"},{"data":"Creative AI","floor":15.0,"key":"SMITH"},{"data":"Creative AI","floor":23.0,"key":"SMITH"},{"data":"Seek","floor":32.0,"key":"SMITH"},{"data":"Consume","floor":42.0,"key":"SMITH"},{"data":"Loop","floor":47.0,"key":"SMITH"},{"floor":49.0,"key":"RECALL"},{"data":"Capacitor","floor":53.0,"key":"SMITH"}],"neow_cost":"NONE","seed_source_timestamp":261998989833600,"circlet_count":0,"master_deck":["AscendersBane","Dualcast","Conserve Battery","Sunder+1","Defragment+1","Creative AI+1","Creative AI+1","Leap","Chill","Seek+1","Cold Snap+1","Bite","Bite","Bite","Cold Snap","Defragment+1","Consume+1","Self Repair","Electrodynamics","Coolheaded","Coolheaded","Leap+1","Coolheaded+1","Loop+1","Capacitor+1"],"special_seed":0,"relics":["Cracked Core","NeowsBlessing","DataDisk","Orichalcum","Art of War","Regal Pillow","Runic Dome","Torii","Dodecahedron","Blue Candle","Empty Cage","Tiny Chest","Boot","Anchor","Lantern"],"potions_floor_usage":[55,55,56],"damage_taken":[{"damage":0.0,"enemies":"Cultist","floor":1.0,"turns":1.0},{"damage":0.0,"enemies":"2 Louse","floor":2.0,"turns":1.0},{"damage":0.0,"enemies":"Jaw Worm","floor":4.0,"turns":1.0},{"damage":30.0,"enemies":"Lagavulin","floor":6.0,"turns":7.0},{"damage":6.0,"enemies":"Exordium Wildlife","floor":10.0,"turns":3.0},{"damage":5.0,"enemies":"3 Sentries","floor":11.0,"turns":6.0},{"damage":0.0,"enemies":"3 Louse","floor":12.0,"turns":4.0},{"damage":12.0,"enemies":"Hexaghost","floor":16.0,"turns":8.0},{"damage":5.0,"enemies":"Spheric Guardian","floor":18.0,"turns":3.0},{"damage":13.0,"enemies":"Gremlin Leader","floor":24.0,"turns":10.0},{"damage":6.0,"enemies":"2 Thieves","floor":25.0,"turns":4.0},{"damage":15.0,"enemies":"Shelled Parasite and Fungi","floor":28.0,"turns":8.0},{"damage":0.0,"enemies":"Cultist and Chosen","floor":29.0,"turns":7.0},{"damage":47.0,"enemies":"Book of Stabbing","floor":30.0,"turns":8.0},{"damage":9.0,"enemies":"Snake Plant","floor":31.0,"turns":10.0},{"damage":27.0,"enemies":"Champ","floor":33.0,"turns":16.0},{"damage":12.0,"enemies":"3 Darklings","floor":35.0,"turns":7.0},{"damage":34.0,"enemies":"Nemesis","floor":40.0,"turns":13.0},{"damage":1.0,"enemies":"Orb Walker","floor":41.0,"turns":5.0},{"damage":15.0,"enemies":"Giant Head","floor":44.0,"turns":17.0},{"damage":0.0,"enemies":"Sphere and 2 Shapes","floor":46.0,"turns":4.0},{"damage":0.0,"enemies":"Donu and Deca","floor":50.0,"turns":12.0},{"damage":1.0,"enemies":"Time Eater","floor":51.0,"turns":13.0},{"damage":42,"enemies":"Shield and Spear","floor":55,"turns":11},{"damage":55,"enemies":"The Heart","floor":56,"turns":3}],"seed_played":"1817315540413567352","potions_obtained":[{"floor":2.0,"key":"Fire Potion"},{"floor":3.0,"key":"Strength Potion"},{"floor":10.0,"key":"PowerPotion"},{"floor":16.0,"key":"Swift Potion"},{"floor":28.0,"key":"Dexterity Potion"},{"floor":30.0,"key":"AttackPotion"},{"floor":31.0,"key":"SkillPotion"},{"floor":55,"key":"SkillPotion"}],"is_trial":false,"path_per_floor":["M","M","?","M","$","E","R","?","T","M","E","M","R","$","R","B",null,"M","?","?","?","$","R","E","M","T","?","M","M","E","M","R","B",null,"M","?","?","$","?","E","M","R","T","E","T","M","R","$","R","B","B",null,"R","$","E","B"],"character_chosen":"DEFECT","items_purchased":["Regal Pillow","Coolheaded","PowerPotion","Capacitor","Swift Potion"],"campfire_rested":0,"item_purchase_floors":[14,38,38,48,54],"current_hp_per_floor":[64,64,64,64,64,34,34,34,34,28,23,23,23,23,23,11,56,51,51,49,37,37,37,54,54,54,54,54,54,18,40,40,54,54,54,51,51,51,51,51,51,51,51,51,51,51,51,51,51,51,51,51,51,51,26,0],"gold":54,"neow_bonus":"THREE_ENEMY_KILL","is_prod":false,"is_daily":false,"chose_seed":false,"campfire_upgraded":8,"win_rate":0,"timestamp":1550895556,"path_taken":["M","?","?","?","$","E","R","?","T","M","E","?","R","?","R","BOSS","M","?","?","?","$","R","E","M","T","?","M","M","E","?","R","BOSS","M","?","?","$","?","E","?","R","T","E","?","M","R","$","R","BOSS","BOSS","R","$","E","BOSS"],"build_version":"2019-01-23","purchased_purges":3,"victory":false,"max_hp_per_floor":[71,71,71,71,71,71,71,71,71,71,71,71,71,71,71,71,71,71,71,49,54,54,54,54,54,54,54,54,54,54,54,54,54,54,54,51,51,51,51,51,51,51,51,51,51,51,51,51,51,51,51,51,51,51,51,51],"card_choices":[{"not_picked":["Leap","Blizzard"],"picked":"Conserve Battery","floor":1.0},{"not_picked":["Ball Lightning","Cold Snap"],"picked":"Sunder","floor":2.0},{"not_picked":["Beam Cell","Leap"],"picked":"Defragment","floor":4.0},{"not_picked":["Heatsinks","Steam Power"],"picked":"Creative AI","floor":6.0},{"not_picked":["Stack","Chaos"],"picked":"Leap","floor":10.0},{"not_picked":["Rebound","Leap"],"picked":"Chill","floor":11.0},{"not_picked":["Hello World","Compile Driver","Heatsinks"],"picked":"SKIP","floor":12.0},{"not_picked":["Thunder Strike","Machine Learning"],"picked":"Seek","floor":16.0},{"not_picked":["Turbo","Static Discharge"],"picked":"Cold Snap+1","floor":18.0},{"not_picked":["Recycle","Tempest"],"picked":"Cold Snap","floor":24.0},{"not_picked":["Go for the Eyes","Ball Lightning"],"picked":"Melter","floor":25.0},{"not_picked":["Leap","Creative AI","Rebound"],"picked":"SKIP","floor":28.0},{"not_picked":["Rebound","Hello World"],"picked":"Consume","floor":29.0},{"not_picked":["Ball Lightning","Conserve Battery+1"],"picked":"Self Repair","floor":30.0},{"not_picked":["Turbo","Compile Driver","Storm"],"picked":"SKIP","floor":31.0},{"not_picked":["All For One","Machine Learning"],"picked":"Electrodynamics","floor":33.0},{"not_picked":["Scrape","Aggregate"],"picked":"Coolheaded","floor":35.0},{"not_picked":["Gash","Conserve Battery"],"picked":"Leap+1","floor":40.0},{"not_picked":["Conserve Battery","Cold Snap"],"picked":"Coolheaded+1","floor":41.0},{"not_picked":["Stack+1","Leap","Reinforced Body"],"picked":"SKIP","floor":44.0},{"not_picked":["Steam","Beam Cell"],"picked":"Loop","floor":46.0},{"not_picked":["Compile Driver+1","Gash+1","Redo"],"picked":"SKIP","floor":55}],"player_experience":1766257,"relics_obtained":[{"floor":6.0,"key":"DataDisk"},{"floor":9.0,"key":"Orichalcum"},{"floor":11.0,"key":"Art of War"},{"floor":24.0,"key":"Torii"},{"floor":26.0,"key":"Dodecahedron"},{"floor":30.0,"key":"Blue Candle"},{"floor":40.0,"key":"Tiny Chest"},{"floor":44.0,"key":"Boot"},{"floor":45.0,"key":"Anchor"},{"floor":55,"key":"Lantern"}],"event_choices":[{"damage_healed":0.0,"max_hp_gain":0.0,"max_hp_loss":0.0,"gold_gain":0.0,"event_name":"Lab","player_choice":"Got Potions","floor":3.0,"gold_loss":0.0,"damage_taken":0.0},{"damage_healed":0.0,"max_hp_gain":0.0,"max_hp_loss":0.0,"gold_gain":0.0,"cards_transformed":["Strike_B"],"event_name":"Transmorgrifier","player_choice":"Transformed","floor":8.0,"gold_loss":0.0,"damage_taken":0.0,"cards_obtained":["Creative AI"]},{"cards_removed":["Defend_B"],"damage_healed":0.0,"max_hp_gain":0.0,"max_hp_loss":0.0,"gold_gain":0.0,"event_name":"Beggar","player_choice":"Gave Gold","floor":19.0,"gold_loss":75.0,"damage_taken":0.0},{"damage_healed":0.0,"max_hp_gain":0.0,"max_hp_loss":22.0,"gold_gain":0.0,"event_name":"Vampires","player_choice":"Became a vampire","floor":20.0,"gold_loss":0.0,"damage_taken":0.0,"cards_obtained":["Bite","Bite","Bite","Bite","Bite"]},{"damage_healed":0.0,"max_hp_gain":5.0,"max_hp_loss":0.0,"gold_gain":0.0,"event_name":"Forgotten Altar","player_choice":"Shed Blood","floor":21.0,"gold_loss":0.0,"damage_taken":17.0},{"damage_healed":0.0,"max_hp_gain":0.0,"max_hp_loss":0.0,"gold_gain":0.0,"event_name":"Duplicator","player_choice":"Copied","floor":27.0,"gold_loss":0.0,"damage_taken":0.0,"cards_obtained":["Defragment"]},{"damage_healed":0.0,"max_hp_gain":0.0,"max_hp_loss":3.0,"gold_gain":0.0,"event_name":"Winding Halls","player_choice":"Max HP","floor":36.0,"gold_loss":0.0,"damage_taken":0.0},{"cards_removed":["Zap"],"damage_healed":0.0,"max_hp_gain":0.0,"max_hp_loss":0.0,"gold_gain":0.0,"event_name":"Falling","player_choice":"Removed Skill","floor":37.0,"gold_loss":0.0,"damage_taken":0.0},{"cards_removed":["Melter"],"damage_healed":0.0,"max_hp_gain":0.0,"max_hp_loss":0.0,"gold_gain":0.0,"event_name":"Purifier","player_choice":"Purged","floor":39.0,"gold_loss":0.0,"damage_taken":0.0}],"is_beta":false,"boss_relics":[{"not_picked":["Black Star","Inserter"],"picked":"Runic Dome"},{"not_picked":["Velvet Choker","Nuclear Battery"],"picked":"Empty Cage"}],"items_purged_floors":[14,38,48],"is_endless":false,"potions_floor_spawned":[2,4,6,10,16,28,30,31,41,44,46,55],"killed_by":"The Heart","ascension_level":20}