{"path_per_floor":["M","M","M","M","M","R","E","R","T","?","E","M","?","M","R","B",null,"M","?","M","?","$","R","E","R","T","M","M","M","R","M","R"],"character_chosen":"THE_SILENT","items_purchased":["Pen Nib"],"gold_per_floor":[109,119,138,155,173,173,198,198,198,198,225,243,270,290,290,387,387,399,399,415,340,119,119,153,153,153,167,181,196,196,210,210],"floor_reached":33,"campfire_rested":0,"playtime":3595,"current_hp_per_floor":[70,64,62,52,50,50,30,30,44,41,31,31,31,31,31,2,84,76,76,75,75,75,75,40,40,40,40,40,40,40,40,40],"items_purged":["Defend_G"],"gold":210,"score":281,"play_id":"ed8d4451-ec2c-4c5b-9b5c-e70c002da94d","is_prod":false,"is_daily":false,"is_ascension_mode":false,"campfire_upgraded":7,"path_taken":["M","M","M","M","M","R","E","R","T","?","E","M","?","M","R","BOSS","M","?","M","?","$","R","E","R","T","M","?","M","R","M","R","BOSS"],"build_version":"2018-02-05-BETA1","purchased_purges":1,"victory":false,"master_deck":["Defend_G+1","Defend_G+1","Defend_G+1","Defend_G+1","Strike_G+1","Strike_G+1","Strike_G+1","Strike_G+1","Survivor","Neutralize+1","Prepared","Infinite Blades+1","Unload+1","Leg Sweep+1","Backstab+1","Deflect","Blur","Acrobatics","Prepared","Blade Dance+1","Adrenaline+1","Dagger Throw+1","Tools of the Trade","Eviscerate","Prepared+1"],"max_hp_per_floor":[70,70,70,70,70,70,70,70,84,84,84,84,84,84,84,84,84,84,84,84,84,84,84,84,84,84,84,84,84,84,84,84],"relics":["Ring of the Snake","Anchor","Mango","Ancient Tea Set","Lantern","Odd Mushroom","White Beast Statue","Pen Nib","Bag of Marbles","Ginger"],"card_choices":[{"not_picked":["PiercingWail","Outmaneuver"],"picked":"Prepared"},{"not_picked":["Outmaneuver","Acrobatics"],"picked":"Infinite Blades"},{"not_picked":["PiercingWail","Distraction"],"picked":"Unload"},{"not_picked":["Deadly Poison","Outmaneuver"],"picked":"Leg Sweep"},{"not_picked":["Quick Slash","Slice"],"picked":"Backstab"},{"not_picked":["Bouncing Flask","Skewer"],"picked":"Deflect"},{"not_picked":["Deflect","Crippling Poison"],"picked":"Blur"},{"not_picked":["Quick Slash","Flying Knee"],"picked":"Acrobatics"},{"not_picked":["PiercingWail","Poisoned Stab"],"picked":"Prepared"},{"not_picked":["Riddle With Holes","Deadly Poison"],"picked":"Blade Dance"},{"not_picked":["A Thousand Cuts","Phantasmal Killer"],"picked":"Adrenaline"},{"not_picked":["PiercingWail","Dodge and Roll"],"picked":"Dagger Throw"},{"not_picked":["Endless Agony","Deadly Poison"],"picked":"Tools of the Trade"},{"not_picked":["Prepared","Acrobatics"],"picked":"Eviscerate"},{"not_picked":["Dagger Throw","Quick Slash"],"picked":"Prepared"}],"player_experience":944,"potions_floor_usage":[11,16,18,24,27,28,29,33,33],"damage_taken":[{"damage":0,"enemies":"Cultist","floor":1,"turns":3},{"damage":6,"enemies":"2 Louse","floor":2,"turns":4},{"damage":2,"enemies":"Blue Slaver","floor":3,"turns":5},{"damage":10,"enemies":"2 Fungi Beasts","floor":4,"turns":4},{"damage":2,"enemies":"Looter","floor":5,"turns":4},{"damage":20,"enemies":"3 Sentries","floor":7,"turns":8},{"damage":10,"enemies":"Lagavulin","floor":11,"turns":5},{"damage":0,"enemies":"3 Louse","floor":12,"turns":3},{"damage":0,"enemies":"The Mushroom Lair","floor":13,"turns":4},{"damage":0,"enemies":"2 Fungi Beasts","floor":14,"turns":3},{"damage":29,"enemies":"The Guardian","floor":16,"turns":16},{"damage":8,"enemies":"Spheric Guardian","floor":18,"turns":4},{"damage":1,"enemies":"3 Byrds","floor":20,"turns":7},{"damage":35,"enemies":"Gremlin Leader","floor":24,"turns":9},{"damage":0,"enemies":"Snecko","floor":27,"turns":3},{"damage":0,"enemies":"Slaver and Parasite","floor":28,"turns":6},{"damage":0,"enemies":"Centurion and Healer","floor":29,"turns":3},{"damage":0,"enemies":"Snake Plant","floor":31,"turns":2},{"damage":46,"enemies":"Champ","floor":33,"turns":10}],"event_choices":[{"event_name":"Scrap Ooze","player_choice":"success","floor":10,"damage_taken":3},{"event_name":"Mushrooms","player_choice":"Fought Mushrooms","floor":13,"damage_taken":0},{"event_name":"Back to Basics","player_choice":"Simplicity","floor":19,"damage_taken":0},{"event_name":"Beggar","player_choice":"Gave Gold","floor":21,"damage_taken":0}],"boss_relics":[{"not_picked":["Sozu","Calling Bell"],"picked":"White Beast Statue"}],"potions_floor_spawned":[7,11,12,16,18,20,24,27,28,29,31],"seed_played":"7111853925772880858","killed_by":"Champ","ascension_level":0,"is_trial":false}