{"gold_per_floor":[118,30,30,30,30,30,88,88,115,115,130,161,173,207,207,285,285,264,279,56,56,56,56,70,70,141,141],"floor_reached":27,"playtime":697,"items_purged":[],"score":504,"play_id":"1e22c19e-a275-4040-8361-7af030b06442","local_time":"20190217123424","is_ascension_mode":true,"campfire_choices":[{"data":"Defragment","floor":6,"key":"SMITH"},{"data":"Loop","floor":8,"key":"SMITH"},{"data":"Sunder","floor":10,"key":"SMITH"},{"floor":15,"key":"REST"},{"data":"Defragment","floor":23,"key":"SMITH"}],"neow_cost":"NONE","seed_source_timestamp":268642469303800,"circlet_count":0,"master_deck":["AscendersBane","Strike_B","Strike_B","Strike_B","Strike_B","Defend_B","Defend_B","Defend_B","Zap","Dualcast","Defragment+1","Loop+1","Sunder+1","Ball Lightning","Cold Snap","Chill","Buffer","Redo+1","Defragment+1","Decay"],"relics":["Cracked Core","NeowsBlessing","Gremlin Horn","Tiny Chest","Regal Pillow","Shovel","Matryoshka","Runic Dome","Lantern","Centennial Puzzle","Molten Egg 2"],"potions_floor_usage":[16,27,27],"damage_taken":[{"damage":0,"enemies":"Jaw Worm","floor":1,"turns":1},{"damage":0,"enemies":"Lagavulin","floor":7,"turns":1},{"damage":0,"enemies":"2 Louse","floor":11,"turns":1},{"damage":35,"enemies":"3 Sentries","floor":12,"turns":5},{"damage":0,"enemies":"Small Slimes","floor":13,"turns":2},{"damage":12,"enemies":"Lagavulin","floor":14,"turns":6},{"damage":37,"enemies":"Slime Boss","floor":16,"turns":9},{"damage":13,"enemies":"2 Thieves","floor":18,"turns":4},{"damage":1,"enemies":"Shell Parasite","floor":19,"turns":6},{"damage":37,"enemies":"Snake Plant","floor":24,"turns":4},{"damage":13,"enemies":"Chosen and Byrds","floor":27,"turns":5}],"seed_played":"-6386315651175908492","potions_obtained":[{"floor":1,"key":"FocusPotion"},{"floor":11,"key":"SneckoOil"},{"floor":13,"key":"Dexterity Potion"},{"floor":19,"key":"Poison Potion"}],"is_trial":false,"path_per_floor":["M","$","?","?","T","R","E","R","T","R","M","E","M","E","R","B",null,"M","M","$","?","?","R","M","?","T","M"],"character_chosen":"DEFECT","items_purchased":["Loop","Lantern","PowerPotion"],"campfire_rested":1,"item_purchase_floors":[2,20,20],"current_hp_per_floor":[64,64,64,57,57,57,57,57,57,57,57,22,22,10,46,9,56,43,42,42,42,42,42,5,5,5,0],"gold":141,"neow_bonus":"THREE_ENEMY_KILL","is_prod":false,"is_daily":false,"chose_seed":false,"campfire_upgraded":4,"win_rate":0,"timestamp":1550374464,"path_taken":["M","$","?","?","?","R","E","R","T","R","M","E","M","E","R","BOSS","M","M","$","?","?","R","M","?","T","M"],"build_version":"2019-01-23","purchased_purges":0,"victory":false,"max_hp_per_floor":[71,71,71,71,71,71,71,71,71,71,71,71,71,71,71,71,71,71,71,71,71,71,71,71,71,71,71],"card_choices":[{"not_picked":["Hello World","Conserve Battery"],"picked":"Defragment","floor":1},{"not_picked":["Go for the Eyes","Rip and Tear"],"picked":"Sunder","floor":7},{"not_picked":["Leap","Rebound"],"picked":"Ball Lightning","floor":11},{"not_picked":["Hello World","Barrage","Stack"],"picked":"SKIP","floor":12},{"not_picked":["Turbo","Doom and Gloom"],"picked":"Cold Snap","floor":13},{"not_picked":["Fission","Hologram"],"picked":"Chill","floor":14},{"not_picked":["Amplify","Core Surge"],"picked":"Buffer","floor":16},{"not_picked":["Genetic Algorithm","Doom and Gloom+1"],"picked":"Redo+1","floor":18},{"not_picked":["Static Discharge+1","Streamline","Rebound"],"picked":"SKIP","floor":19},{"not_picked":["Double Energy","Barrage","Reprogram"],"picked":"SKIP","floor":24}],"player_experience":1606708,"relics_obtained":[{"floor":5,"key":"Gremlin Horn"},{"floor":7,"key":"Tiny Chest"},{"floor":9,"key":"Regal Pillow"},{"floor":12,"key":"Shovel"},{"floor":14,"key":"Matryoshka"},{"floor":26,"key":"Centennial Puzzle"},{"floor":26,"key":"Molten Egg 2"}],"event_choices":[{"damage_healed":0,"gold_gain":0,"player_choice":"Leave","damage_taken":0,"max_hp_gain":0,"max_hp_loss":0,"event_name":"The Cleric","floor":3,"gold_loss":0},{"cards_removed":["Defend_B"],"damage_healed":0,"gold_gain":0,"player_choice":"Card Removal","damage_taken":7,"max_hp_gain":0,"max_hp_loss":0,"event_name":"Golden Wing","floor":4,"gold_loss":0},{"damage_healed":0,"gold_gain":0,"player_choice":"Read","damage_taken":0,"max_hp_gain":0,"max_hp_loss":0,"event_name":"The Library","floor":21,"gold_loss":0,"cards_obtained":["Defragment"]},{"damage_healed":0,"gold_gain":0,"player_choice":"Ignored","damage_taken":0,"max_hp_gain":0,"max_hp_loss":0,"event_name":"Beggar","floor":22,"gold_loss":0},{"damage_healed":0,"gold_gain":0,"player_choice":"Smashed Altar","damage_taken":0,"max_hp_gain":0,"max_hp_loss":0,"event_name":"Forgotten Altar","floor":25,"gold_loss":0,"cards_obtained":["Decay"]}],"is_beta":false,"boss_relics":[{"not_picked":["Calling Bell","Fusion Hammer"],"picked":"Runic Dome"}],"items_purged_floors":[],"is_endless":false,"potions_floor_spawned":[1,11,13,19],"killed_by":"Chosen and Byrds","ascension_level":20}