{"gold_per_floor":[365,65,30,30,48,48,82,82,107,136,147,117,117,130,130,204,204,215,226,76,90,15,15,33,33,33,33,33,33,50,85,85,158,158,170,216,141,156,56,87,97,116,143,168,183,202,202,70,70,70,70,70,70,16,46,46],"floor_reached":56,"playtime":3245,"items_purged":["Defend_B","Strike_B"],"score":2020,"play_id":"9847e45f-64da-4e62-8cc0-b98e81a95f46","local_time":"20190305150241","is_ascension_mode":true,"campfire_choices":[{"data":"Defragment","floor":6.0,"key":"SMITH"},{"floor":8.0,"key":"REST"},{"data":"Streamline","floor":13.0,"key":"SMITH"},{"data":"Capacitor","floor":15.0,"key":"SMITH"},{"data":"Consume","floor":23.0,"key":"SMITH"},{"floor":27.0,"key":"REST"},{"data":"Capacitor","floor":32.0,"key":"SMITH"},{"data":"Seek","floor":47.0,"key":"SMITH"},{"floor":49.0,"key":"RECALL"},{"data":"Reboot","floor":53.0,"key":"SMITH"}],"neow_cost":"PERCENT_DAMAGE","seed_source_timestamp":44959602080200,"circlet_count":0,"master_deck":["AscendersBane","Strike_B","Strike_B","Defend_B","Defend_B","Zap","Dualcast","Doom and Gloom","Defragment+1","Genetic Algorithm","Capacitor+1","Streamline+1","Hologram","BootSequence","Seek+1","Undo+1","Glacier","Consume+1","Capacitor+1","Chill","Blizzard","Beam Cell+1","Self Repair+1","Electrodynamics+1","Reboot+1","Loop+1","Core Surge"],"special_seed":0,"relics":["DataDisk","WarpedTongs","Bag of Preparation","Lantern","Meat on the Bone","Empty Cage","Nloth\u0027s Gift","Frozen Egg 2","Coffee Dripper","Ice Cream","Du-Vu Doll","Smiling Mask","Vajra","Dodecahedron"],"potions_floor_usage":[],"damage_taken":[{"damage":2.0,"enemies":"2 Louse","floor":1.0,"turns":2.0},{"damage":2.0,"enemies":"Cultist","floor":5.0,"turns":3.0},{"damage":32.0,"enemies":"Gremlin Nob","floor":7.0,"turns":4.0},{"damage":3.0,"enemies":"3 Sentries","floor":10.0,"turns":3.0},{"damage":6.0,"enemies":"Small Slimes","floor":11.0,"turns":2.0},{"damage":31.0,"enemies":"Gremlin Gang","floor":14.0,"turns":3.0},{"damage":22.0,"enemies":"Hexaghost","floor":16.0,"turns":9.0},{"damage":14.0,"enemies":"2 Thieves","floor":18.0,"turns":4.0},{"damage":15.0,"enemies":"3 Byrds","floor":19.0,"turns":5.0},{"damage":6.0,"enemies":"Shelled Parasite and Fungi","floor":21.0,"turns":9.0},{"damage":0.0,"enemies":"Sentry and Sphere","floor":24.0,"turns":7.0},{"damage":2.0,"enemies":"Snecko","floor":30.0,"turns":9.0},{"damage":25.0,"enemies":"Slavers","floor":31.0,"turns":9.0},{"damage":16.0,"enemies":"Automaton","floor":33.0,"turns":17.0},{"damage":0.0,"enemies":"3 Shapes","floor":35.0,"turns":5.0},{"damage":59.0,"enemies":"2 Orb Walkers","floor":36.0,"turns":6.0},{"damage":0.0,"enemies":"Orb Walker","floor":38.0,"turns":7.0},{"damage":26.0,"enemies":"Giant Head","floor":40.0,"turns":10.0},{"damage":22.0,"enemies":"Spire Growth","floor":41.0,"turns":7.0},{"damage":10.0,"enemies":"Transient","floor":42.0,"turns":6.0},{"damage":27.0,"enemies":"Nemesis","floor":44.0,"turns":9.0},{"damage":0.0,"enemies":"Writhing Mass","floor":45.0,"turns":9.0},{"damage":11.0,"enemies":"Sphere and 2 Shapes","floor":46.0,"turns":3.0},{"damage":0.0,"enemies":"Donu and Deca","floor":50.0,"turns":9.0},{"damage":5.0,"enemies":"Time Eater","floor":51.0,"turns":12.0},{"damage":42.0,"enemies":"Shield and Spear","floor":55.0,"turns":6.0},{"damage":59,"enemies":"The Heart","floor":56,"turns":5}],"seed_played":"2294451753200767105","potions_obtained":[{"floor":1.0,"key":"GamblersBrew"},{"floor":7.0,"key":"Swift Potion"},{"floor":10.0,"key":"SpeedPotion"},{"floor":12.0,"key":"Regen Potion"},{"floor":16.0,"key":"Fire Potion"},{"floor":19.0,"key":"Ancient Potion"},{"floor":30.0,"key":"Weak Potion"},{"floor":31.0,"key":"Dexterity Potion"},{"floor":42.0,"key":"SpeedPotion"}],"is_trial":false,"path_per_floor":["M","$","?","?","M","R","E","R","T","E","M","?","R","M","R","B",null,"M","M","$","M","$","R","M","?","T","R","?","?","M","E","R","B",null,"M","?","?","M","$","E","M","M","T","E","M","M","R","$","R","B","B",null,"R","$","E","B"],"character_chosen":"DEFECT","items_purchased":["DataDisk","Defragment","PowerPotion","Consume","Chill","Loop+1","PowerPotion","PowerPotion"],"campfire_rested":2,"item_purchase_floors":[2,2,2,20,22,48,48,54],"current_hp_per_floor":[44,44,61,61,59,59,27,48,48,45,39,39,39,20,20,25,60,46,43,43,37,37,37,37,17,17,39,39,39,49,36,36,42,68,76,29,29,51,51,47,47,59,59,54,64,53,53,53,53,63,68,74,74,74,54,0],"gold":46,"neow_bonus":"TWO_FIFTY_GOLD","is_prod":false,"is_daily":false,"chose_seed":false,"campfire_upgraded":7,"win_rate":0,"timestamp":1551765761,"path_taken":["M","$","?","?","M","R","E","R","T","E","?","?","R","M","R","BOSS","M","?","$","M","$","R","M","?","T","R","?","?","?","E","R","BOSS","M","?","?","M","$","E","M","M","T","E","?","M","R","?","R","BOSS","BOSS","R","$","E","BOSS"],"build_version":"2019-01-23","purchased_purges":2,"victory":false,"max_hp_per_floor":[71,71,71,71,71,71,71,71,71,71,71,71,71,71,71,71,71,71,71,71,71,71,71,71,76,76,76,76,76,76,76,76,76,76,76,76,76,76,76,76,76,76,76,76,76,76,76,76,76,76,76,76,76,76,76,76],"card_choices":[{"not_picked":["Sweeping Beam","Steam"],"picked":"Doom and Gloom","floor":1.0},{"not_picked":["Conserve Battery","Compile Driver"],"picked":"Genetic Algorithm","floor":5.0},{"not_picked":["Hologram","Rebound"],"picked":"Capacitor","floor":7.0},{"not_picked":["Sweeping Beam","Chaos"],"picked":"Streamline","floor":10.0},{"not_picked":["Doom and Gloom","Double Energy"],"picked":"Hologram","floor":11.0},{"not_picked":["Genetic Algorithm","Turbo"],"picked":"BootSequence","floor":14.0},{"not_picked":["Buffer","Machine Learning"],"picked":"Seek","floor":16.0},{"not_picked":["Ball Lightning","Steam Power"],"picked":"Undo+1","floor":18.0},{"not_picked":["Self Repair","Streamline"],"picked":"Glacier","floor":19.0},{"not_picked":["Scrape+1","Defragment"],"picked":"Capacitor","floor":21.0},{"not_picked":["Stack","FTL"],"picked":"Blizzard","floor":24.0},{"not_picked":["Reprogram","Compile Driver"],"picked":"Beam Cell+1","floor":30.0},{"not_picked":["All For One","Conserve Battery+1"],"picked":"Self Repair+1","floor":31.0},{"not_picked":["Multi-Cast","Core Surge"],"picked":"Electrodynamics+1","floor":33.0},{"not_picked":["Tempest","Sweeping Beam","Reprogram"],"picked":"SKIP","floor":35.0},{"not_picked":["Steam+1","Go for the Eyes","Rebound+1"],"picked":"SKIP","floor":38.0},{"not_picked":["Compile Driver","Sunder"],"picked":"Reboot","floor":40.0},{"not_picked":["Rebound","Leap","Darkness"],"picked":"SKIP","floor":41.0},{"not_picked":["Leap","Ball Lightning","Storm+1"],"picked":"SKIP","floor":42.0},{"not_picked":["Stack+1","Reprogram","Steam Power"],"picked":"SKIP","floor":44.0},{"not_picked":["Gash","Sunder+1","Steam Power"],"picked":"SKIP","floor":45.0},{"not_picked":["Sweeping Beam+1","Tempest+1","Turbo"],"picked":"SKIP","floor":46.0},{"not_picked":["Electrodynamics+1","Fission"],"picked":"Core Surge","floor":55.0}],"player_experience":2021721,"relics_obtained":[{"floor":7.0,"key":"Bag of Preparation"},{"floor":9.0,"key":"Lantern"},{"floor":10.0,"key":"Meat on the Bone"},{"floor":31.0,"key":"Frozen Egg 2"},{"floor":36.0,"key":"Ice Cream"},{"floor":40.0,"key":"Du-Vu Doll"},{"floor":43.0,"key":"Smiling Mask"},{"floor":44.0,"key":"Vajra"},{"floor":55.0,"key":"Dodecahedron"}],"event_choices":[{"damage_healed":17.0,"max_hp_gain":0.0,"max_hp_loss":0.0,"gold_gain":0.0,"event_name":"The Cleric","player_choice":"Healed","floor":3.0,"gold_loss":35.0,"damage_taken":0.0},{"damage_healed":0.0,"max_hp_gain":0.0,"max_hp_loss":0.0,"gold_gain":0.0,"event_name":"Accursed Blacksmith","player_choice":"Rummage","floor":4.0,"gold_loss":0.0,"damage_taken":0.0,"relics_obtained":["WarpedTongs"],"cards_obtained":["Pain"]},{"damage_healed":0.0,"max_hp_gain":0.0,"max_hp_loss":0.0,"gold_gain":0.0,"event_name":"The Woman in Blue","player_choice":"Bought 2 Potions","floor":12.0,"gold_loss":0.0,"damage_taken":0.0},{"damage_healed":0.0,"max_hp_gain":5.0,"max_hp_loss":0.0,"gold_gain":0.0,"event_name":"Forgotten Altar","player_choice":"Shed Blood","floor":25.0,"gold_loss":0.0,"damage_taken":25.0},{"damage_healed":0.0,"max_hp_gain":0.0,"max_hp_loss":0.0,"gold_gain":0.0,"event_name":"Beggar","player_choice":"Ignored","floor":28.0,"gold_loss":0.0,"damage_taken":0.0},{"damage_healed":0.0,"max_hp_gain":0.0,"max_hp_loss":0.0,"gold_gain":0.0,"event_name":"N\u0027loth","player_choice":"Traded Relic","floor":29.0,"relics_lost":["Cracked Core"],"gold_loss":0.0,"damage_taken":0.0,"relics_obtained":["Nloth\u0027s Gift"]},{"damage_healed":0.0,"max_hp_gain":0.0,"max_hp_loss":0.0,"gold_gain":0.0,"event_name":"Mysterious Sphere","player_choice":"Fight","floor":36.0,"gold_loss":0.0,"damage_taken":0.0},{"cards_removed":["Strike_B"],"damage_healed":0.0,"max_hp_gain":0.0,"max_hp_loss":0.0,"gold_gain":0.0,"event_name":"Designer","player_choice":"Single Remove","floor":37.0,"gold_loss":75.0,"damage_taken":0.0}],"is_beta":false,"boss_relics":[{"not_picked":["Inserter","Calling Bell"],"picked":"Empty Cage"},{"not_picked":["Pandora\u0027s Box","Velvet Choker"],"picked":"Coffee Dripper"}],"items_purged_floors":[20,39],"is_endless":false,"potions_floor_spawned":[1,7,10,16,19,30,31,33,38,41,42],"killed_by":"The Heart","ascension_level":20}