{"path_per_floor":["M","M","?","M","M","E","M","?","T","M","M","R","E","$","R","B",null,"M","?","?","M","$","R","E","M","T","R","M","R","?","M","R"],"character_chosen":"IRONCLAD","items_purchased":["Orichalcum","Iron Wave"],"gold_per_floor":[17,34,98,113,127,155,172,247,247,267,284,284,319,36,36,131,161,179,179,179,198,98,98,130,146,146,146,159,159,159,170,170,170],"floor_reached":33,"campfire_rested":2,"playtime":1829,"current_hp_per_floor":[77,80,80,80,78,77,80,69,69,74,78,78,77,77,77,45,76,74,74,58,63,63,90,90,70,70,70,64,90,45,45,45,0],"items_purged":["Defend_R","Writhe"],"gold":170,"score":436,"play_id":"1a4abf90-443f-4713-a366-dc67ecb81090","local_time":"20180331113638","is_prod":false,"is_daily":false,"is_ascension_mode":true,"campfire_upgraded":4,"timestamp":1522485398,"path_taken":["M","M","?","M","M","E","?","?","T","M","M","R","E","$","R","BOSS","M","?","?","M","$","R","E","M","T","R","M","R","?","?","R","BOSS"],"build_version":"2018-03-29v2","purchased_purges":2,"victory":false,"master_deck":["Strike_R","Strike_R","Strike_R","Strike_R","Strike_R+1","Defend_R","Defend_R","Defend_R","Bash","Clothesline","Cleave","Clash","Iron Wave","Headbutt","Infernal Blade+1","Spot Weakness+1","Reaper","Iron Wave","Offering","Clash+1","Clash","Ghostly","Ghostly","Ghostly","Ghostly","Ghostly","Rage+1"],"max_hp_per_floor":[80,80,80,80,80,80,80,80,80,80,80,80,80,80,80,80,85,85,85,90,90,90,90,90,90,90,90,90,90,45,45,45,45],"relics":["Burning Blood","Torii","Art of War","Thread and Needle","Regal Pillow","Orichalcum","Tiny House","Ancient Tea Set","Du-Vu Doll","Unceasing Top"],"card_choices":[{"not_picked":["Pommel Strike","Thunderclap"],"picked":"Clothesline","floor":1},{"not_picked":["Havoc","Evolve"],"picked":"Cleave","floor":2},{"not_picked":["Shockwave","Brutality"],"picked":"Clash","floor":4},{"not_picked":["Body Slam","Entrench"],"picked":"Iron Wave","floor":5},{"not_picked":["Havoc","Cleave"],"picked":"Headbutt","floor":6},{"not_picked":["Dropkick","Fiend Fire"],"picked":"Infernal Blade","floor":7},{"not_picked":["Disarm","Whirlwind"],"picked":"Spot Weakness","floor":11},{"not_picked":["Cleave","Flame Barrier"],"picked":"Reaper","floor":13},{"not_picked":["Berserk","Demon Form"],"picked":"Offering","floor":16},{"not_picked":["Clothesline","Headbutt"],"picked":"Clash","floor":17},{"not_picked":["True Grit","Uppercut"],"picked":"Clash","floor":18},{"not_picked":["Anger","Sword Boomerang"],"picked":"Rage","floor":31}],"player_experience":325862,"potions_floor_usage":[6,13,18,18,21,24,33],"damage_taken":[{"damage":1,"enemies":"Small Slimes","floor":1,"turns":4},{"damage":2,"enemies":"Jaw Worm","floor":2,"turns":4},{"damage":1,"enemies":"2 Louse","floor":4,"turns":3},{"damage":8,"enemies":"Gremlin Gang","floor":5,"turns":4},{"damage":7,"enemies":"Gremlin Nob","floor":6,"turns":3},{"damage":1,"enemies":"3 Louse","floor":7,"turns":3},{"damage":1,"enemies":"2 Fungi Beasts","floor":10,"turns":2},{"damage":2,"enemies":"Blue Slaver","floor":11,"turns":3},{"damage":7,"enemies":"Lagavulin","floor":13,"turns":4},{"damage":38,"enemies":"Hexaghost","floor":16,"turns":9},{"damage":8,"enemies":"2 Thieves","floor":18,"turns":3},{"damage":5,"enemies":"Chosen","floor":21,"turns":4},{"damage":4,"enemies":"Gremlin Leader","floor":24,"turns":4},{"damage":26,"enemies":"Slaver and Parasite","floor":25,"turns":3},{"damage":16,"enemies":"Snake Plant","floor":28,"turns":4},{"damage":1,"enemies":"Sentry and Sphere","floor":31,"turns":3},{"damage":55,"enemies":"Champ","floor":33,"turns":9}],"event_choices":[{"event_name":"Golden Wing","player_choice":"Gained Gold","floor":3,"damage_taken":0},{"event_name":"World of Goop","player_choice":"Gather Gold","floor":8,"damage_taken":0},{"event_name":"The Mausoleum","player_choice":"Yes","floor":19,"damage_taken":0},{"event_name":"Forgotten Altar","player_choice":"Shed Blood","floor":20,"damage_taken":0},{"event_name":"Ghosts","player_choice":"Became a Ghost","floor":30,"damage_taken":0}],"boss_relics":[{"not_picked":["Runic Dome","Eternal Feather"],"picked":"Tiny House"}],"potions_floor_spawned":[5,6,7,10,11,13,18,21],"seed_played":"347068315352424338","killed_by":"Champ","ascension_level":7,"is_trial":false}