{"gold_per_floor":[119,135,148,323,273,273,273,348,348,348,348,360,360,330,330,430,430,450,375,388,136,76,76,88,99,123,135,135,135,150,150,150,247,247,262,262,262,262,278,278,378,395,477,477,477,494,514,534,534,534],"floor_reached":51,"playtime":786,"items_purged":["Strike_R","Strike_R"],"score":812,"play_id":"0fe2ade8-a41d-474d-9119-fa1b3fd8cf30","local_time":"20190317192920","is_ascension_mode":false,"campfire_choices":[{"data":"Fiend Fire","floor":6.0,"key":"SMITH"},{"data":"Bash","floor":11.0,"key":"SMITH"},{"data":"Searing Blow","floor":13.0,"key":"SMITH"},{"data":"Searing Blow+1","floor":15.0,"key":"SMITH"},{"data":"Immolate","floor":23.0,"key":"SMITH"},{"data":"Searing Blow+2","floor":28.0,"key":"SMITH"},{"data":"Searing Blow+3","floor":32.0,"key":"SMITH"},{"data":"Searing Blow+4","floor":40.0,"key":"SMITH"},{"data":"Searing Blow+5","floor":49.0,"key":"SMITH"}],"neow_cost":"NONE","seed_source_timestamp":0,"circlet_count":0,"master_deck":["Defend_R","Defend_R","Defend_R","Defend_R","Bash+1","Fiend Fire+1","Searing Blow+6","Whirlwind+1","Dropkick","Reaper","Double Tap","Enlightenment"],"special_seed":0,"relics":["Burning Blood","NeowsBlessing","Singing Bowl","Pantograph","Runic Dome","Ancient Tea Set","Orichalcum","Snecko Eye","Thread and Needle","Question Card"],"potions_floor_usage":[],"damage_taken":[{"damage":0.0,"enemies":"Jaw Worm","floor":1.0,"turns":1.0},{"damage":0.0,"enemies":"Small Slimes","floor":2.0,"turns":1.0},{"damage":0.0,"enemies":"2 Louse","floor":3.0,"turns":1.0},{"damage":20.0,"enemies":"Exordium Thugs","floor":12.0,"turns":3.0},{"damage":86.0,"enemies":"Hexaghost","floor":16.0,"turns":11.0},{"damage":10.0,"enemies":"Chosen","floor":18.0,"turns":2.0},{"damage":10.0,"enemies":"2 Thieves","floor":20.0,"turns":2.0},{"damage":0.0,"enemies":"Sentry and Sphere","floor":24.0,"turns":2.0},{"damage":21.0,"enemies":"Snake Plant","floor":25.0,"turns":3.0},{"damage":6.0,"enemies":"Centurion and Healer","floor":27.0,"turns":3.0},{"damage":9.0,"enemies":"Snecko","floor":30.0,"turns":3.0},{"damage":58.0,"enemies":"Champ","floor":33.0,"turns":7.0},{"damage":17.0,"enemies":"Orb Walker","floor":35.0,"turns":3.0},{"damage":9.0,"enemies":"3 Shapes","floor":39.0,"turns":1.0},{"damage":22.0,"enemies":"Mind Bloom Boss Battle","floor":41.0,"turns":3.0},{"damage":5.0,"enemies":"3 Darklings","floor":42.0,"turns":2.0},{"damage":45.0,"enemies":"Sphere and 2 Shapes","floor":46.0,"turns":3.0},{"damage":0.0,"enemies":"Transient","floor":47.0,"turns":5.0},{"damage":13.0,"enemies":"Spire Growth","floor":48.0,"turns":3.0},{"damage":101.0,"enemies":"Donu and Deca","floor":50.0,"turns":6.0}],"seed_played":"-7608871016601660855","potions_obtained":[{"floor":1.0,"key":"Regen Potion"},{"floor":3.0,"key":"SkillPotion"},{"floor":14.0,"key":"LiquidBronze"},{"floor":16.0,"key":"EssenceOfSteel"},{"floor":18.0,"key":"Block Potion"},{"floor":25.0,"key":"Poison Potion"},{"floor":27.0,"key":"AttackPotion"},{"floor":30.0,"key":"Strength Potion"},{"floor":35.0,"key":"SneckoOil"}],"is_trial":false,"path_per_floor":["M","M","M","?","?","R","$","?","T","T","R","M","R","?","R","B",null,"M","$","M","$","?","R","M","M","T","M","R","?","M","?","R","B",null,"M","?","?","?","M","R","?","M","T","?","?","M","M","M","R","B",null],"character_chosen":"IRONCLAD","items_purchased":["Ancient Tea Set"],"campfire_rested":0,"item_purchase_floors":[21],"current_hp_per_floor":[80,80,80,80,80,80,80,69,69,69,69,55,55,55,55,15,80,78,78,74,74,74,74,82,69,69,71,71,71,70,70,70,38,90,81,81,81,75,74,74,90,93,93,93,112,83,97,98,98,23],"gold":534,"neow_bonus":"THREE_ENEMY_KILL","is_prod":false,"is_daily":false,"chose_seed":false,"campfire_upgraded":9,"win_rate":0,"timestamp":1552818560,"path_taken":["M","M","M","?","?","R","$","?","T","?","R","?","R","?","R","BOSS","M","?","M","$","?","R","M","?","T","M","R","?","M","?","R","BOSS","M","?","?","?","?","R","?","M","T","?","?","?","M","M","R","BOSS"],"build_version":"2019-01-23","purchased_purges":2,"victory":true,"max_hp_per_floor":[80,80,80,80,80,80,80,80,80,80,80,80,80,80,80,80,80,82,82,82,82,82,82,84,86,86,88,88,88,90,90,90,90,90,92,92,92,96,98,98,100,102,102,102,112,114,116,118,118,118],"card_choices":[{"not_picked":["Anger","Heavy Blade","Pommel Strike"],"picked":"SKIP","floor":1.0},{"not_picked":["Combust","Thunderclap","Hemokinesis"],"picked":"SKIP","floor":2.0},{"not_picked":["Thunderclap","Disarm"],"picked":"Fiend Fire","floor":3.0},{"not_picked":["Reckless Charge","Havoc"],"picked":"Searing Blow","floor":12.0},{"not_picked":["Reaper","Brutality"],"picked":"Immolate","floor":16.0},{"not_picked":["Flame Barrier","Sever Soul+1","Uppercut"],"picked":"Singing Bowl","floor":18.0},{"not_picked":["Headbutt+1","Rampage"],"picked":"Whirlwind+1","floor":20.0},{"not_picked":["Sever Soul","Second Wind+1","Cleave"],"picked":"Singing Bowl","floor":24.0},{"not_picked":["Heavy Blade","Clash","Carnage+1"],"picked":"Singing Bowl","floor":25.0},{"not_picked":["Shrug It Off+1","Body Slam+1","Heavy Blade"],"picked":"Singing Bowl","floor":27.0},{"not_picked":["True Grit+1","Infernal Blade","Disarm"],"picked":"Singing Bowl","floor":30.0},{"not_picked":["Demon Form","Reaper"],"picked":"Double Tap","floor":33.0},{"not_picked":["Anger","Rampage","Rupture"],"picked":"Singing Bowl","floor":35.0},{"not_picked":["Good Instincts","Jack Of All Trades","HandOfGreed"],"picked":"Singing Bowl","floor":38.0},{"not_picked":["Violence","Madness","Dark Shackles"],"picked":"Singing Bowl","floor":38.0},{"not_picked":["Finesse","Panacea"],"picked":"Enlightenment","floor":38.0},{"not_picked":["Rage","Thunderclap+1","Pommel Strike+1"],"picked":"Singing Bowl","floor":39.0},{"not_picked":["Clash","Second Wind","Body Slam"],"picked":"Singing Bowl","floor":41.0},{"not_picked":["Body Slam","Armaments+1","Juggernaut"],"picked":"Singing Bowl","floor":42.0},{"not_picked":["Rampage","Perfected Strike+1","Pommel Strike","Body Slam"],"picked":"Singing Bowl","floor":46.0},{"not_picked":["Perfected Strike","Havoc","Metallicize+1","Carnage+1"],"picked":"Singing Bowl","floor":47.0},{"not_picked":["Clothesline+1","Anger","Body Slam+1","Evolve+1"],"picked":"Singing Bowl","floor":48.0}],"player_experience":2327094,"relics_obtained":[{"floor":9.0,"key":"Singing Bowl"},{"floor":10.0,"key":"Pantograph"},{"floor":26.0,"key":"Orichalcum"},{"floor":41.0,"key":"Thread and Needle"},{"floor":43.0,"key":"Question Card"}],"event_choices":[{"damage_healed":0.0,"max_hp_gain":0.0,"max_hp_loss":0.0,"gold_gain":175.0,"event_name":"Liars Game","player_choice":"AGREE","floor":4.0,"gold_loss":0.0,"damage_taken":0.0,"cards_obtained":["Doubt"]},{"cards_removed":["Doubt"],"damage_healed":0.0,"max_hp_gain":0.0,"max_hp_loss":0.0,"gold_gain":0.0,"event_name":"The Cleric","player_choice":"Card Removal","floor":5.0,"gold_loss":50.0,"damage_taken":0.0},{"damage_healed":0.0,"max_hp_gain":0.0,"max_hp_loss":0.0,"gold_gain":75.0,"event_name":"World of Goop","player_choice":"Gather Gold","floor":8.0,"gold_loss":0.0,"damage_taken":11.0},{"damage_healed":0.0,"max_hp_gain":0.0,"max_hp_loss":0.0,"gold_gain":0.0,"event_name":"The Woman in Blue","player_choice":"Bought 2 Potions","floor":14.0,"gold_loss":0.0,"damage_taken":0.0},{"cards_removed":["Strike_R"],"damage_healed":0.0,"max_hp_gain":0.0,"max_hp_loss":0.0,"gold_gain":0.0,"event_name":"Designer","player_choice":"Single Remove","floor":22.0,"gold_loss":60.0,"damage_taken":0.0},{"damage_healed":0.0,"max_hp_gain":0.0,"max_hp_loss":0.0,"gold_gain":0.0,"cards_transformed":["Strike_R","Strike_R"],"event_name":"Drug Dealer","player_choice":"Became Test Subject","floor":29.0,"gold_loss":0.0,"damage_taken":0.0,"cards_obtained":["Wild Strike","Dropkick"]},{"damage_healed":0.0,"max_hp_gain":0.0,"max_hp_loss":0.0,"gold_gain":0.0,"event_name":"The Library","player_choice":"Read","floor":31.0,"gold_loss":0.0,"damage_taken":0.0,"cards_obtained":["Reaper"]},{"damage_healed":0.0,"max_hp_gain":0.0,"max_hp_loss":0.0,"gold_gain":0.0,"event_name":"Tomb of Lord Red Mask","player_choice":"Ignored","floor":36.0,"gold_loss":0.0,"damage_taken":0.0},{"damage_healed":0.0,"max_hp_gain":0.0,"max_hp_loss":0.0,"gold_gain":0.0,"event_name":"Mysterious Sphere","player_choice":"Ignored","floor":37.0,"gold_loss":0.0,"damage_taken":0.0},{"damage_healed":0.0,"max_hp_gain":0.0,"max_hp_loss":0.0,"gold_gain":0.0,"event_name":"SensoryStone","player_choice":"Memory 3","floor":38.0,"gold_loss":0.0,"damage_taken":10.0},{"damage_healed":0.0,"max_hp_gain":0.0,"max_hp_loss":0.0,"gold_gain":0.0,"event_name":"MindBloom","player_choice":"Fight","floor":41.0,"gold_loss":0.0,"damage_taken":0.0},{"cards_removed":["Wild Strike"],"damage_healed":0.0,"max_hp_gain":0.0,"max_hp_loss":0.0,"gold_gain":0.0,"event_name":"Falling","player_choice":"Removed Attack","floor":44.0,"gold_loss":0.0,"damage_taken":0.0},{"cards_removed":["Immolate"],"damage_healed":9.0,"max_hp_gain":10.0,"max_hp_loss":0.0,"gold_gain":0.0,"event_name":"Bonfire Elementals","player_choice":"Offered Rare","floor":45.0,"gold_loss":0.0,"damage_taken":0.0}],"is_beta":false,"boss_relics":[{"not_picked":["Eternal Feather","Lizard Tail"],"picked":"Runic Dome"},{"not_picked":["Tiny House","Busted Crown"],"picked":"Snecko Eye"}],"items_purged_floors":[19,21],"is_endless":false,"potions_floor_spawned":[1,3,16,18,25,27,30,35,41,47],"ascension_level":0}