{"gold_per_floor":[211,211,221,238,313,313,326,358,438,457,457,422,422,442,442,442],"floor_reached":16,"playtime":971,"items_purged":[],"score":112,"play_id":"4c6fd50a-4cec-4480-9ed4-47a7ada5c16b","local_time":"20180905224353","is_ascension_mode":true,"campfire_choices":[{"floor":6,"key":"REST"},{"floor":11,"key":"REST"},{"data":"Backflip","floor":13,"key":"SMITH"},{"floor":15,"key":"REST"}],"neow_cost":"NONE","seed_source_timestamp":956361599454424,"circlet_count":0,"master_deck":["Defend_G","Defend_G","Defend_G","Defend_G","Defend_G","Strike_G","Strike_G","Strike_G","Strike_G","Strike_G","Survivor","Neutralize","Concentrate","Dodge and Roll","Predator","Dodge and Roll","Dash","Backflip+1","Escape Plan"],"relics":["Ring of the Snake","Tingsha","Dodecahedron"],"potions_floor_usage":[7,8,16,16],"damage_taken":[{"damage":0,"enemies":"Small Slimes","floor":1,"turns":5},{"damage":5,"enemies":"Cultist","floor":3,"turns":4},{"damage":4,"enemies":"2 Louse","floor":4,"turns":3},{"damage":17,"enemies":"Large Slime","floor":7,"turns":10},{"damage":31,"enemies":"Lagavulin","floor":8,"turns":10},{"damage":5,"enemies":"Exordium Wildlife","floor":10,"turns":6},{"damage":7,"enemies":"3 Louse","floor":14,"turns":3},{"damage":73,"enemies":"Hexaghost","floor":16,"turns":17}],"seed_played":"-286071775246322798","potions_obtained":[{"floor":2,"key":"Energy Potion"},{"floor":2,"key":"Fire Potion"},{"floor":2,"key":"AttackPotion"},{"floor":3,"key":"EssenceOfSteel"},{"floor":10,"key":"SkillPotion"}],"is_trial":false,"path_per_floor":["M","?","M","M","?","R","M","E","T","M","R","?","R","M","R"],"character_chosen":"THE_SILENT","items_purchased":[],"campfire_rested":3,"item_purchase_floors":[],"current_hp_per_floor":[70,70,65,61,50,70,53,22,22,17,38,55,55,48,69,0],"gold":442,"neow_bonus":"HUNDRED_GOLD","is_prod":false,"is_daily":false,"chose_seed":false,"campfire_upgraded":1,"win_rate":0,"timestamp":1536201833,"path_taken":["M","?","?","M","?","R","M","E","T","M","R","?","R","M","R","BOSS"],"build_version":"2018-08-30","purchased_purges":0,"victory":false,"max_hp_per_floor":[70,70,70,70,70,70,70,70,70,70,70,70,70,70,70,70],"card_choices":[{"not_picked":["Sucker Punch","Tactician"],"picked":"Concentrate","floor":1},{"not_picked":["Acrobatics","Poisoned Stab"],"picked":"Dodge and Roll","floor":3},{"not_picked":["Backflip","Expertise"],"picked":"Predator","floor":4},{"not_picked":["Deflect","Underhanded Strike"],"picked":"Dodge and Roll","floor":7},{"not_picked":["Poisoned Stab","Choke"],"picked":"Dash","floor":8},{"not_picked":["Eviscerate","Outmaneuver"],"picked":"Backflip","floor":10},{"not_picked":["Acrobatics","Deadly Poison"],"picked":"Escape Plan","floor":14}],"player_experience":69273,"relics_obtained":[{"floor":8,"key":"Tingsha"},{"floor":9,"key":"Dodecahedron"}],"event_choices":[{"event_name":"The Lab","player_choice":"Got Potions","floor":2,"damage_taken":0},{"event_name":"World of Goop","player_choice":"Gather Gold","floor":5,"damage_taken":0},{"event_name":"The Cleric","player_choice":"Healed","floor":12,"damage_taken":0}],"is_beta":false,"boss_relics":[],"items_purged_floors":[],"is_endless":false,"potions_floor_spawned":[3,10],"killed_by":"Hexaghost","ascension_level":2}