{"gold_per_floor":[114,126,143,143,163,197,197,211,211,236,236,236,263,36,36,36],"floor_reached":16,"playtime":517,"items_purged":[],"score":240,"play_id":"3a633cc7-7d68-4662-85b8-f13de65dc3ba","local_time":"20190210150408","is_ascension_mode":true,"campfire_choices":[{"data":"Sunder","floor":7,"key":"SMITH"},{"floor":11,"key":"REST"},{"data":"Loop","floor":15,"key":"SMITH"}],"neow_cost":"NONE","seed_source_timestamp":420707142746500,"circlet_count":0,"master_deck":["AscendersBane","Strike_B","Strike_B","Strike_B","Defend_B","Defend_B","Defend_B","Defend_B","Zap","Dualcast","Panacea","Sunder+1","Rip and Tear","Loop+1","Glacier"],"relics":["Cracked Core","Meat on the Bone","Regal Pillow","Bronze Scales","Letter Opener","Bag of Marbles","Medical Kit"],"potions_floor_usage":[16],"damage_taken":[{"damage":2,"enemies":"Cultist","floor":1,"turns":4},{"damage":4,"enemies":"Jaw Worm","floor":2,"turns":4},{"damage":2,"enemies":"Small Slimes","floor":3,"turns":3},{"damage":9,"enemies":"Exordium Wildlife","floor":5,"turns":3},{"damage":25,"enemies":"Lagavulin","floor":6,"turns":7},{"damage":14,"enemies":"Gremlin Gang","floor":8,"turns":3},{"damage":27,"enemies":"Gremlin Nob","floor":10,"turns":4},{"damage":25,"enemies":"3 Sentries","floor":13,"turns":5},{"damage":38,"enemies":"Slime Boss","floor":16,"turns":8}],"seed_played":"6985146733662609000","potions_obtained":[{"floor":2,"key":"Dexterity Potion"},{"floor":5,"key":"PowerPotion"},{"floor":10,"key":"SteroidPotion"}],"is_trial":false,"path_per_floor":["M","M","M","?","M","E","R","M","T","E","R","?","E","$","R","B"],"character_chosen":"DEFECT","items_purchased":["Medical Kit"],"campfire_rested":1,"item_purchase_floors":[14],"current_hp_per_floor":[62,58,56,56,47,34,34,32,32,17,53,46,33,33,33,0],"gold":36,"neow_bonus":"RANDOM_COLORLESS","is_prod":false,"is_daily":false,"chose_seed":false,"campfire_upgraded":2,"win_rate":0,"timestamp":1549778648,"path_taken":["M","?","M","?","?","E","R","M","T","E","R","?","E","?","R","BOSS"],"build_version":"2019-01-23","purchased_purges":0,"victory":false,"max_hp_per_floor":[71,71,71,71,71,71,71,71,71,71,71,71,71,71,71,71],"card_choices":[{"not_picked":["Coolheaded","Steam"],"picked":"Sunder","floor":1},{"not_picked":["Stack","Go for the Eyes","Sweeping Beam"],"picked":"SKIP","floor":2},{"not_picked":["Force Field","Turbo"],"picked":"Rip and Tear","floor":3},{"not_picked":["Beam Cell","Hologram"],"picked":"Loop","floor":5},{"not_picked":["Compile Driver","Blizzard","Thunder Strike"],"picked":"SKIP","floor":6},{"not_picked":["Gash","Conserve Battery","Go for the Eyes"],"picked":"SKIP","floor":8},{"not_picked":["Beam Cell","Stack","Leap"],"picked":"SKIP","floor":10},{"not_picked":["Auto Shields","Beam Cell"],"picked":"Glacier","floor":13}],"player_experience":1493836,"relics_obtained":[{"floor":6,"key":"Regal Pillow"},{"floor":9,"key":"Bronze Scales"},{"floor":10,"key":"Letter Opener"},{"floor":13,"key":"Bag of Marbles"}],"event_choices":[{"damage_healed":0,"gold_gain":0,"player_choice":"Gave Potion","damage_taken":0,"relics_obtained":["Meat on the Bone"],"max_hp_gain":0,"max_hp_loss":0,"event_name":"WeMeetAgain","floor":4,"gold_loss":0},{"cards_removed":["Strike_B"],"damage_healed":0,"gold_gain":0,"player_choice":"Card Removal","damage_taken":7,"max_hp_gain":0,"max_hp_loss":0,"event_name":"Golden Wing","floor":12,"gold_loss":0}],"is_beta":false,"boss_relics":[],"items_purged_floors":[],"is_endless":false,"potions_floor_spawned":[2,5,10],"killed_by":"Slime Boss","ascension_level":20}