{"gold_per_floor":[118,135,150,150,165,165,195,212,212,212,126,146,146,146,146,146],"floor_reached":16,"playtime":434,"items_purged":[],"score":204,"play_id":"a47fb78a-d593-47c9-b3c2-ce3386017f23","local_time":"20190329201112","is_ascension_mode":true,"campfire_choices":[{"data":"Carnage","floor":6,"key":"SMITH"},{"data":"True Grit","floor":10,"key":"SMITH"},{"data":"Rampage","floor":15,"key":"SMITH"}],"neow_cost":"NONE","seed_source_timestamp":32708497940500,"circlet_count":0,"master_deck":["AscendersBane","Strike_R","Strike_R","Defend_R","Defend_R","Defend_R","Defend_R","Bash","Carnage+1","Feed","Entrench","True Grit+1","Feel No Pain","Rampage+1","Dual Wield"],"relics":["Burning Blood","NeowsBlessing","Omamori","Sundial"],"potions_floor_usage":[7,8,16],"damage_taken":[{"damage":0,"enemies":"2 Louse","floor":1,"turns":1},{"damage":0,"enemies":"Cultist","floor":2,"turns":1},{"damage":0,"enemies":"Small Slimes","floor":3,"turns":1},{"damage":12,"enemies":"3 Louse","floor":5,"turns":6},{"damage":37,"enemies":"Lagavulin","floor":7,"turns":8},{"damage":17,"enemies":"Exordium Thugs","floor":8,"turns":6},{"damage":18,"enemies":"Red Slaver","floor":12,"turns":5},{"damage":19,"enemies":"Slime Boss","floor":16,"turns":6}],"seed_played":"-9156298042150990935","potions_obtained":[{"floor":1,"key":"SpeedPotion"},{"floor":5,"key":"PowerPotion"},{"floor":7,"key":"Explosive Potion"}],"is_trial":false,"path_per_floor":["M","M","M","?","M","R","E","M","T","R","$","M","?","?","R","B"],"character_chosen":"IRONCLAD","items_purchased":["Feel No Pain"],"campfire_rested":0,"item_purchase_floors":[11],"current_hp_per_floor":[74,75,75,75,72,72,44,36,36,36,36,27,27,27,27,8],"gold":146,"neow_bonus":"THREE_ENEMY_KILL","is_prod":false,"is_daily":false,"chose_seed":false,"campfire_upgraded":3,"win_rate":0,"timestamp":1553857872,"path_taken":["M","M","M","?","?","R","E","M","T","R","?","M","?","?","R","BOSS"],"build_version":"2019-01-23","purchased_purges":0,"victory":false,"max_hp_per_floor":[75,75,75,75,78,78,81,84,84,84,84,87,87,87,87,87],"card_choices":[{"not_picked":["Corruption","Flex"],"picked":"Carnage","floor":1},{"not_picked":["Burning Pact","Perfected Strike","Wild Strike"],"picked":"SKIP","floor":2},{"not_picked":["Clash","Thunderclap"],"picked":"Feed","floor":3},{"not_picked":["Havoc","Twin Strike","Clash"],"picked":"SKIP","floor":5},{"not_picked":["Ghostly Armor","Battle Trance"],"picked":"Entrench","floor":7},{"not_picked":["Sever Soul","Body Slam"],"picked":"True Grit","floor":8},{"not_picked":["Pummel","Havoc"],"picked":"Rampage","floor":12}],"player_experience":2719111,"relics_obtained":[{"floor":7,"key":"Omamori"},{"floor":9,"key":"Sundial"}],"event_choices":[{"cards_removed":["Strike_R"],"damage_healed":0,"gold_gain":0,"player_choice":"Purged","damage_taken":0,"max_hp_gain":0,"max_hp_loss":0,"event_name":"Purifier","floor":4,"gold_loss":0},{"cards_removed":["Strike_R"],"damage_healed":0,"gold_gain":0,"player_choice":"Forget","damage_taken":0,"max_hp_gain":0,"max_hp_loss":0,"event_name":"Living Wall","floor":13,"gold_loss":0},{"damage_healed":0,"gold_gain":0,"cards_transformed":["Strike_R"],"player_choice":"Transformed","damage_taken":0,"max_hp_gain":0,"max_hp_loss":0,"event_name":"Transmorgrifier","floor":14,"gold_loss":0,"cards_obtained":["Dual Wield"]}],"is_beta":false,"boss_relics":[],"items_purged_floors":[],"is_endless":false,"potions_floor_spawned":[1,5,7],"killed_by":"Slime Boss","ascension_level":20}