{"gold_per_floor":[115,133,143,143,143,176,176,199,226,240,261,294,294,318,318,407,407,426,68,86,286,73,73,114,114,114,114,127,127,127,171,171,267,267,282,301,319,57,390,425,425,425,477,507,521,83,83,96,96,116],"floor_reached":51,"playtime":4387,"items_purged":["Strike_R","Finesse"],"score":1339,"play_id":"1dd340e2-70d7-4005-9bbc-cfef3a00d731","local_time":"20181208021521","is_ascension_mode":true,"campfire_choices":[{"data":"Bash","floor":7.0,"key":"SMITH"},{"data":"Armaments","floor":13.0,"key":"SMITH"},{"data":"Inflame","floor":15.0,"key":"SMITH"},{"data":"Battle Trance","floor":23.0,"key":"SMITH"},{"data":"Barricade","floor":25.0,"key":"SMITH"},{"data":"Metallicize","floor":29.0,"key":"SMITH"},{"data":"True Grit","floor":32.0,"key":"SMITH"},{"data":"Feel No Pain","floor":42.0,"key":"SMITH"},{"data":"1","floor":47,"key":"LIFT"},{"data":"2","floor":49,"key":"LIFT"}],"neow_cost":"NONE","seed_source_timestamp":1076082200235377,"circlet_count":0,"master_deck":["AscendersBane","Strike_R","Strike_R","Strike_R","Strike_R","Defend_R","Defend_R","Defend_R","Bash+1","Metallicize+1","Flame Barrier","Headbutt","Shrug It Off","Pommel Strike","Inflame+1","Armaments+1","True Grit+1","Barricade+1","Metallicize+1","Battle Trance+1","Feel No Pain+1","Iron Wave","Disarm","Battle Trance","RitualDagger","Clothesline+1","Reaper","Impervious","Metallicize","Exhume","Magnetism","Sword Boomerang","Body Slam"],"special_seed":0,"relics":["Burning Blood","Lantern","Orichalcum","Strawberry","Philosopher\u0027s Stone","Bottled Lightning","Meat on the Bone","Ornamental Fan","Bottled Flame","Snecko Eye","Bag of Marbles","Smiling Mask","Vajra","Girya"],"potions_floor_usage":[50,50],"damage_taken":[{"damage":1.0,"enemies":"Cultist","floor":1.0,"turns":4.0},{"damage":0.0,"enemies":"Small Slimes","floor":2.0,"turns":4.0},{"damage":8.0,"enemies":"Jaw Worm","floor":3.0,"turns":6.0},{"damage":30.0,"enemies":"3 Sentries","floor":6.0,"turns":12.0},{"damage":12.0,"enemies":"Exordium Thugs","floor":8.0,"turns":5.0},{"damage":0.0,"enemies":"Looter","floor":10.0,"turns":4.0},{"damage":0.0,"enemies":"2 Fungi Beasts","floor":11.0,"turns":3.0},{"damage":18.0,"enemies":"Lagavulin","floor":12.0,"turns":6.0},{"damage":2.0,"enemies":"3 Louse","floor":14.0,"turns":3.0},{"damage":28.0,"enemies":"Slime Boss","floor":16.0,"turns":9.0},{"damage":28.0,"enemies":"3 Byrds","floor":18.0,"turns":4.0},{"damage":8.0,"enemies":"Shell Parasite","floor":20.0,"turns":6.0},{"damage":13.0,"enemies":"Book of Stabbing","floor":24.0,"turns":7.0},{"damage":5.0,"enemies":"Snake Plant","floor":28.0,"turns":6.0},{"damage":20.0,"enemies":"Slavers","floor":31.0,"turns":10.0},{"damage":8.0,"enemies":"Champ","floor":33.0,"turns":19.0},{"damage":22.0,"enemies":"3 Darklings","floor":35.0,"turns":7.0},{"damage":10.0,"enemies":"3 Shapes","floor":36.0,"turns":5.0},{"damage":34.0,"enemies":"Jaw Worm Horde","floor":37.0,"turns":6.0},{"damage":72.0,"enemies":"Reptomancer","floor":40.0,"turns":13.0},{"damage":3.0,"enemies":"Giant Head","floor":44.0,"turns":11.0},{"damage":13,"enemies":"Transient","floor":45,"turns":5},{"damage":17,"enemies":"Writhing Mass","floor":48,"turns":4},{"damage":49,"enemies":"Awakened One","floor":50,"turns":12}],"seed_played":"-3044901384520838461","potions_obtained":[{"floor":2.0,"key":"PowerPotion"},{"floor":6.0,"key":"AttackPotion"},{"floor":8.0,"key":"Regen Potion"},{"floor":16.0,"key":"Swift Potion"},{"floor":18.0,"key":"AttackPotion"},{"floor":24.0,"key":"Strength Potion"},{"floor":35.0,"key":"Poison Potion"},{"floor":40.0,"key":"SteroidPotion"},{"floor":48,"key":"SteroidPotion"}],"is_trial":false,"path_per_floor":["M","M","M","?","?","E","R","M","T","M","M","E","R","M","R","B",null,"M","$","M","?","$","R","E","R","T","$","M","R","?","E","R","B",null,"M","M","M","$","?","E","?","R","T","E","M","$","R","M","R","B",null],"character_chosen":"IRONCLAD","items_purchased":["Battle Trance","Bottled Lightning","Feel No Pain","Iron Wave","Impervious","Finesse","Metallicize","Girya","Sword Boomerang"],"campfire_rested":0,"item_purchase_floors":[19,19,22,22,38,38,38,46,46],"current_hp_per_floor":[73,75,73,47,47,23,23,17,17,23,29,39,39,43,43,21,67,45,45,43,43,43,43,36,36,36,36,49,49,43,41,41,51,74,82,82,78,78,78,38,33,33,33,48,53,53,53,54,54,49],"gold":116,"neow_bonus":"REMOVE_CARD","is_prod":false,"is_daily":false,"chose_seed":false,"campfire_upgraded":8,"win_rate":0,"timestamp":1544206521,"path_taken":["M","?","M","?","?","E","R","M","T","?","M","E","R","M","R","BOSS","M","$","M","?","?","R","E","R","T","$","M","R","?","E","R","BOSS","M","M","M","$","?","E","?","R","T","E","M","$","R","M","R","BOSS"],"build_version":"2018-11-15","purchased_purges":2,"victory":true,"max_hp_per_floor":[75,75,75,75,75,75,75,75,75,75,75,82,82,82,82,82,82,82,82,82,82,82,82,82,82,82,82,82,82,82,82,82,82,82,82,82,82,82,82,82,82,82,82,82,82,82,82,82,82,82],"card_choices":[{"not_picked":["Clothesline","Power Through"],"picked":"Metallicize","floor":1.0},{"not_picked":["Havoc","Iron Wave"],"picked":"Flame Barrier","floor":2.0},{"not_picked":["Intimidate","Perfected Strike"],"picked":"Headbutt","floor":3.0},{"not_picked":["Fiend Fire","Flex"],"picked":"Shrug It Off","floor":6.0},{"not_picked":["Dual Wield","Warcry"],"picked":"Pommel Strike","floor":8.0},{"not_picked":["Flex","Shrug It Off"],"picked":"Inflame","floor":10.0},{"not_picked":["Clothesline","Wild Strike","Warcry"],"picked":"SKIP","floor":11.0},{"not_picked":["Exhume","Pommel Strike"],"picked":"Armaments","floor":12.0},{"not_picked":["Headbutt","Fire Breathing"],"picked":"True Grit","floor":14.0},{"not_picked":["Double Tap","Exhume"],"picked":"Barricade","floor":16.0},{"not_picked":["Shrug It Off","Blood for Blood"],"picked":"Metallicize","floor":18.0},{"not_picked":["Clash","Burning Pact","Bloodletting"],"picked":"SKIP","floor":20.0},{"not_picked":["Rampage","True Grit"],"picked":"Disarm","floor":24.0},{"not_picked":["Infernal Blade","Havoc"],"picked":"Battle Trance","floor":28.0},{"not_picked":["Anger","Wild Strike"],"picked":"Clothesline+1","floor":31.0},{"not_picked":["Double Tap","Brutality"],"picked":"Reaper","floor":33.0},{"not_picked":["Iron Wave","Flex+1","Warcry"],"picked":"SKIP","floor":35.0},{"not_picked":["Pommel Strike","Havoc+1","Warcry"],"picked":"SKIP","floor":36.0},{"not_picked":["Disarm","Clash","Thunderclap"],"picked":"SKIP","floor":37.0},{"not_picked":["Pommel Strike","Combust"],"picked":"Exhume","floor":40.0},{"not_picked":["Impatience","Bandage Up"],"picked":"Magnetism","floor":41.0},{"not_picked":["Fire Breathing","Intimidate","Cleave"],"picked":"SKIP","floor":44.0},{"not_picked":["Headbutt","Clothesline","Armaments"],"picked":"SKIP","floor":45},{"not_picked":["Heavy Blade","Iron Wave"],"picked":"Body Slam","floor":48}],"player_experience":615089,"relics_obtained":[{"floor":6.0,"key":"Lantern"},{"floor":9.0,"key":"Orichalcum"},{"floor":12.0,"key":"Strawberry"},{"floor":24.0,"key":"Meat on the Bone"},{"floor":26.0,"key":"Ornamental Fan"},{"floor":31.0,"key":"Bottled Flame"},{"floor":40.0,"key":"Bag of Marbles"},{"floor":43.0,"key":"Smiling Mask"},{"floor":44.0,"key":"Vajra"}],"event_choices":[{"damage_healed":0.0,"max_hp_gain":0.0,"max_hp_loss":0.0,"gold_gain":0.0,"event_name":"Golden Idol","player_choice":"Take Damage","floor":4.0,"gold_loss":0.0,"damage_taken":26.0,"relics_obtained":["Golden Idol"]},{"damage_healed":0.0,"max_hp_gain":0.0,"max_hp_loss":0.0,"gold_gain":0.0,"event_name":"Accursed Blacksmith","player_choice":"Forge","floor":5.0,"gold_loss":0.0,"damage_taken":0.0,"cards_upgraded":["Metallicize"]},{"damage_healed":0.0,"max_hp_gain":0.0,"max_hp_loss":0.0,"gold_gain":200.0,"event_name":"Wheel of Change","player_choice":"Gold","floor":21.0,"gold_loss":0.0,"damage_taken":0.0},{"damage_healed":0.0,"max_hp_gain":0.0,"max_hp_loss":0.0,"gold_gain":0.0,"event_name":"Nest","player_choice":"Joined the Cult","floor":30.0,"gold_loss":0.0,"damage_taken":6.0,"cards_obtained":["RitualDagger"]},{"damage_healed":0.0,"max_hp_gain":0.0,"max_hp_loss":0.0,"gold_gain":333.0,"event_name":"The Moai Head","player_choice":"Gave Idol","floor":39.0,"relics_lost":["Golden Idol"],"gold_loss":0.0,"damage_taken":0.0},{"damage_healed":0.0,"max_hp_gain":0.0,"max_hp_loss":0.0,"gold_gain":0.0,"event_name":"SensoryStone","player_choice":"Memory 2","floor":41.0,"gold_loss":0.0,"damage_taken":5.0}],"is_beta":true,"boss_relics":[{"not_picked":["Coffee Dripper","Velvet Choker"],"picked":"Philosopher\u0027s Stone"},{"not_picked":["White Beast Statue","Astrolabe"],"picked":"Snecko Eye"}],"items_purged_floors":[22,46],"is_endless":false,"potions_floor_spawned":[2,6,8,11,16,18,24,35,40,48],"ascension_level":16}