{"path_per_floor":["M","?","M","M","?","R","E","R","T","M","M","$","M","$","R","B",null,"M","M","M","$","?","R"],"character_chosen":"IRONCLAD","items_purchased":["Metallicize","Strength Potion"],"gold_per_floor":[116,76,95,107,107,107,168,168,168,182,195,122,135,86,86,183,183,93,112,130,130,130,130,130],"floor_reached":24,"campfire_rested":4,"playtime":1725,"current_hp_per_floor":[32,32,38,44,41,65,24,49,49,64,65,65,70,70,92,47,81,60,66,56,56,56,83,0],"items_purged":[],"gold":130,"score":265,"play_id":"98aa9135-19ce-4ff9-b362-3db7780e048f","local_time":"20180331230153","is_prod":false,"is_daily":false,"is_ascension_mode":true,"campfire_upgraded":0,"timestamp":1522526513,"path_taken":["M","?","M","M","?","R","E","R","T","M","M","$","?","?","R","BOSS","M","M","M","$","?","R","E"],"build_version":"2018-03-29v2","purchased_purges":0,"victory":false,"master_deck":["Bash","Warcry","Feed","Clothesline","Disarm","Armaments","Dual Wield","Metallicize","Feel No Pain","Exhume","Heavy Blade","Flame Barrier","Perfected Strike","Clothesline","Flex","Metallicize","Fire Breathing","Cleave","Dropkick","Anger","Havoc+1"],"max_hp_per_floor":[80,80,80,83,83,83,86,86,86,89,92,92,92,92,92,92,92,92,92,92,92,92,92,92],"relics":["Burning Blood","Bird Faced Urn","Art of War","Tiny Chest","Happy Flower","Pandora\u0027s Box"],"card_choices":[{"not_picked":["True Grit","Heavy Blade"],"picked":"Warcry","floor":1},{"not_picked":["Spot Weakness","Wild Strike"],"picked":"Feed","floor":3},{"not_picked":["Thunderclap","Perfected Strike"],"picked":"Clothesline","floor":4},{"not_picked":["True Grit","Clothesline"],"picked":"Disarm","floor":7},{"not_picked":["Limit Break","Twin Strike"],"picked":"Armaments","floor":10},{"not_picked":["Headbutt","True Grit"],"picked":"Dual Wield","floor":11},{"not_picked":["Ghostly Armor","Pommel Strike"],"picked":"Feel No Pain","floor":13},{"not_picked":["Offering","Immolate"],"picked":"Exhume","floor":16},{"not_picked":["Battle Trance","Armaments"],"picked":"Anger","floor":18},{"not_picked":["Heavy Blade","Evolve"],"picked":"Havoc","floor":19}],"player_experience":349299,"potions_floor_usage":[3,4,7,7,10,13,13,16,20,24],"damage_taken":[{"damage":10,"enemies":"Small Slimes","floor":1,"turns":4},{"damage":0,"enemies":"Cultist","floor":3,"turns":3},{"damage":3,"enemies":"2 Louse","floor":4,"turns":3},{"damage":50,"enemies":"Lagavulin","floor":7,"turns":6},{"damage":3,"enemies":"Exordium Wildlife","floor":10,"turns":4},{"damage":8,"enemies":"Blue Slaver","floor":11,"turns":5},{"damage":1,"enemies":"Looter","floor":13,"turns":3},{"damage":53,"enemies":"The Guardian","floor":16,"turns":15},{"damage":33,"enemies":"2 Thieves","floor":18,"turns":5},{"damage":10,"enemies":"Shell Parasite","floor":19,"turns":7},{"damage":26,"enemies":"Chosen and Byrds","floor":20,"turns":9},{"damage":99,"enemies":"Slavers","floor":24,"turns":6}],"event_choices":[{"event_name":"The Woman in Blue","player_choice":"Bought 3 Potions","floor":2,"damage_taken":0},{"event_name":"Scrap Ooze","player_choice":"success","floor":5,"damage_taken":3},{"event_name":"Back to Basics","player_choice":"Simplicity","floor":22,"damage_taken":0}],"boss_relics":[{"not_picked":["Runic Dome","Philosopher\u0027s Stone"],"picked":"Pandora\u0027s Box"}],"potions_floor_spawned":[4,7,10,11,19,20],"seed_played":"-1481789404484992483","killed_by":"Slavers","ascension_level":7,"is_trial":false}