{"gold_per_floor":[212,55,65,65,30,30,44,104,131,131,131,148,180,195,195,297,297,237,237,252,49,49,49,62,73,73,73,83,99,99,21,21,126,126,140,140,153,10,30,30,59,59,83,83,83,96,17,43,43,43,43,43,7,7],"floor_reached":54,"playtime":4332,"items_purged":[],"score":818,"play_id":"6f4f4541-6aab-468a-b86a-243bfeb77336","local_time":"20190212180346","is_ascension_mode":false,"campfire_choices":[{"data":"Loop","floor":6,"key":"SMITH"},{"floor":11,"key":"RECALL"},{"floor":15,"key":"REST"},{"data":"White Noise","floor":23,"key":"SMITH"},{"floor":27,"key":"REST"},{"floor":30,"key":"REST"},{"data":"White Noise","floor":32,"key":"SMITH"},{"floor":40,"key":"REST"},{"floor":42,"key":"REST"},{"floor":44,"key":"REST"},{"floor":49,"key":"REST"},{"data":"Echo Form","floor":52,"key":"SMITH"}],"neow_cost":"NONE","seed_source_timestamp":1106808868479732,"circlet_count":0,"master_deck":["Strike_B","Strike_B","Strike_B","Strike_B","Defend_B","Defend_B+1","Defend_B+1","Defend_B","Zap","Dualcast","Loop+1","Fusion","Capacitor","Chill","Blizzard","BootSequence","White Noise+1","Steam","Echo Form+1","Defragment","White Noise+1","Capacitor+1","Blizzard","Loop","Darkness","Hologram","Glacier","Redo+1","Echo Form","Buffer","Force Field+1","Barrage","Loop+1","Static Discharge","Glacier"],"relics":["FrozenCore","Anchor","Happy Flower","Art of War","Regal Pillow","Oddly Smooth Stone","Black Star","DataDisk","StoneCalendar","Juzu Bracelet","War Paint","Shuriken"],"potions_floor_usage":[8,13,16,18,24,39,41],"damage_taken":[{"damage":1,"enemies":"Jaw Worm","floor":1,"turns":4},{"damage":1,"enemies":"Cultist","floor":3,"turns":4},{"damage":0,"enemies":"Small Slimes","floor":7,"turns":3},{"damage":5,"enemies":"3 Sentries","floor":8,"turns":10},{"damage":8,"enemies":"Looter","floor":12,"turns":4},{"damage":7,"enemies":"Lagavulin","floor":13,"turns":7},{"damage":0,"enemies":"2 Fungi Beasts","floor":14,"turns":4},{"damage":51,"enemies":"Slime Boss","floor":16,"turns":13},{"damage":2,"enemies":"2 Thieves","floor":18,"turns":4},{"damage":0,"enemies":"Shell Parasite","floor":20,"turns":8},{"damage":10,"enemies":"Centurion and Healer","floor":24,"turns":6},{"damage":15,"enemies":"Snake Plant","floor":25,"turns":5},{"damage":6,"enemies":"Chosen and Byrds","floor":28,"turns":12},{"damage":13,"enemies":"3 Cultists","floor":29,"turns":7},{"damage":0,"enemies":"Automaton","floor":33,"turns":11},{"damage":16,"enemies":"3 Darklings","floor":35,"turns":7},{"damage":0,"enemies":"Orb Walker","floor":37,"turns":7},{"damage":0,"enemies":"4 Shapes","floor":39,"turns":6},{"damage":60,"enemies":"Reptomancer","floor":41,"turns":8},{"damage":20,"enemies":"Sphere and 2 Shapes","floor":46,"turns":7},{"damage":0,"enemies":"Nemesis","floor":48,"turns":9},{"damage":0,"enemies":"Donu and Deca","floor":50,"turns":12},{"damage":75,"enemies":"Shield and Spear","floor":54,"turns":8}],"seed_played":"-8590735833176577974","potions_obtained":[{"floor":1,"key":"FearPotion"},{"floor":7,"key":"Energy Potion"},{"floor":14,"key":"AttackPotion"},{"floor":16,"key":"Swift Potion"},{"floor":20,"key":"SkillPotion"},{"floor":29,"key":"SteroidPotion"},{"floor":33,"key":"FearPotion"},{"floor":36,"key":"SkillPotion"},{"floor":36,"key":"Explosive Potion"},{"floor":48,"key":"Ancient Potion"}],"is_trial":false,"path_per_floor":["M","$","M","?","$","R","M","?","T","?","R","M","E","M","R","B",null,"M","?","M","$","?","R","M","M","T","R","M","M","R","$","R","B",null,"M","?","M","$","M","R","E","R","T","R","$","M","$","E","R","B",null,"R","$","E"],"character_chosen":"DEFECT","items_purchased":["Anchor","Capacitor","Blizzard","Loop","Darkness","LiquidBronze","DataDisk","Static Discharge","Glacier"],"campfire_rested":7,"item_purchase_floors":[2,5,21,21,21,31,38,47,53],"current_hp_per_floor":[74,74,73,73,73,73,73,68,68,68,68,60,53,53,75,24,75,73,73,73,73,73,73,63,48,48,75,69,56,75,75,75,75,75,59,59,59,59,59,75,15,52,52,75,75,55,55,55,75,75,75,75,75,0],"gold":7,"neow_bonus":"HUNDRED_GOLD","is_prod":false,"is_daily":false,"chose_seed":false,"campfire_upgraded":4,"win_rate":0,"timestamp":1549987426,"path_taken":["M","$","M","?","$","R","?","?","T","?","R","M","E","M","R","BOSS","M","?","M","$","?","R","M","?","T","R","M","M","R","$","R","BOSS","M","?","M","?","?","R","E","R","T","R","$","M","$","E","R","BOSS","R","$","E"],"build_version":"2019-01-23","purchased_purges":0,"victory":false,"max_hp_per_floor":[75,75,75,75,75,75,75,75,75,75,75,75,75,75,75,75,75,75,75,75,75,75,75,75,75,75,75,75,75,75,75,75,75,75,75,75,75,75,75,75,75,75,75,75,75,75,75,75,75,75,75,75,75,75],"card_choices":[{"not_picked":["Turbo","BootSequence"],"picked":"Loop","floor":1},{"not_picked":["Scrape","Barrage"],"picked":"BootSequence","floor":3},{"not_picked":["Hologram","Undo"],"picked":"Chill","floor":7},{"not_picked":["Compile Driver","Streamline"],"picked":"Blizzard","floor":8},{"not_picked":["Sunder","Gash"],"picked":"BootSequence","floor":12},{"not_picked":["Skim","Chaos"],"picked":"White Noise","floor":13},{"not_picked":["Compile Driver","Hologram"],"picked":"Steam","floor":14},{"not_picked":["Core Surge","Buffer"],"picked":"Echo Form","floor":16},{"not_picked":["Streamline","Redo+1"],"picked":"Defragment","floor":18},{"not_picked":["Hologram","Doom and Gloom"],"picked":"Capacitor+1","floor":20},{"not_picked":["Streamline","Double Energy"],"picked":"Hologram","floor":24},{"not_picked":["Compile Driver","Ball Lightning"],"picked":"Glacier","floor":25},{"not_picked":["Compile Driver","Aggregate"],"picked":"Redo+1","floor":28},{"not_picked":["Darkness","Conserve Battery"],"picked":"Echo Form","floor":29},{"not_picked":["Amplify","Reboot"],"picked":"Buffer","floor":33},{"not_picked":["Streamline","Coolheaded","Gash"],"picked":"SKIP","floor":35},{"not_picked":["Compile Driver+1","FTL","Rebound+1"],"picked":"SKIP","floor":37},{"not_picked":["Meteor Strike","Hello World"],"picked":"Force Field+1","floor":39},{"not_picked":["Rebound","Genetic Algorithm+1"],"picked":"Barrage","floor":41},{"not_picked":["Go for the Eyes","Melter"],"picked":"Loop+1","floor":46},{"not_picked":["FTL","Go for the Eyes","Turbo+1"],"picked":"SKIP","floor":48}],"player_experience":939739,"relics_obtained":[{"floor":8,"key":"Happy Flower"},{"floor":9,"key":"Art of War"},{"floor":13,"key":"Regal Pillow"},{"floor":26,"key":"Oddly Smooth Stone"},{"floor":41,"key":"StoneCalendar"},{"floor":41,"key":"Juzu Bracelet"},{"floor":48,"key":"War Paint"},{"floor":48,"key":"Shuriken"}],"event_choices":[{"cards_removed":["BootSequence"],"damage_healed":0,"gold_gain":0,"player_choice":"Took Card","damage_taken":0,"max_hp_gain":0,"max_hp_loss":0,"event_name":"NoteForYourself","floor":4,"gold_loss":0,"cards_obtained":["Fusion"]},{"damage_healed":0,"gold_gain":0,"player_choice":"Searched \u00271\u0027 times","damage_taken":0,"max_hp_gain":0,"max_hp_loss":0,"event_name":"Dead Adventurer","floor":8,"gold_loss":0},{"damage_healed":0,"gold_gain":0,"player_choice":"Ignored","damage_taken":0,"max_hp_gain":0,"max_hp_loss":0,"event_name":"Golden Wing","floor":10,"gold_loss":0},{"damage_healed":0,"gold_gain":0,"player_choice":"Read","damage_taken":0,"max_hp_gain":0,"max_hp_loss":0,"event_name":"The Library","floor":19,"gold_loss":0,"cards_obtained":["White Noise"]},{"damage_healed":0,"gold_gain":0,"player_choice":"Ignored","damage_taken":0,"max_hp_gain":0,"max_hp_loss":0,"event_name":"Ghosts","floor":22,"gold_loss":0},{"damage_healed":0,"gold_gain":0,"player_choice":"Got Potions","damage_taken":0,"max_hp_gain":0,"max_hp_loss":0,"event_name":"Lab","floor":36,"gold_loss":0}],"is_beta":false,"boss_relics":[{"not_picked":["Ectoplasm","Snecko Eye"],"picked":"FrozenCore"},{"not_picked":["Runic Pyramid","Coffee Dripper"],"picked":"Black Star"}],"items_purged_floors":[],"is_endless":false,"potions_floor_spawned":[1,7,14,16,20,29,33,37,48],"killed_by":"Shield and Spear","ascension_level":0}