{"gold_per_floor":[365,365,365,3,53,82,26,26,75,89,89,101,126,126,126,126],"floor_reached":16,"playtime":407,"items_purged":[],"score":212,"play_id":"f2fde4f8-7c06-43f0-b1a5-5a01aff94fe4","local_time":"20190219131510","is_ascension_mode":true,"campfire_choices":[{"floor":8,"key":"REST"},{"floor":11,"key":"REST"},{"data":"Go for the Eyes","floor":15,"key":"SMITH"}],"neow_cost":"TEN_PERCENT_HP_LOSS","seed_source_timestamp":444177283897600,"circlet_count":0,"master_deck":["AscendersBane","Strike_B","Strike_B","Strike_B","Strike_B","Defend_B+1","Defend_B+1","Zap","Dualcast","Conserve Battery","Capacitor+1","Defragment+1","Go for the Eyes+1","Self Repair+1","Glacier"],"relics":["Cracked Core","Frozen Egg 2","PreservedInsect","Potion Belt","War Paint"],"potions_floor_usage":[6,10],"damage_taken":[{"damage":5,"enemies":"Small Slimes","floor":1,"turns":3},{"damage":41,"enemies":"Gremlin Nob","floor":6,"turns":4},{"damage":2,"enemies":"2 Louse","floor":10,"turns":2},{"damage":5,"enemies":"Cultist","floor":12,"turns":4},{"damage":20,"enemies":"Lagavulin","floor":13,"turns":7},{"damage":30,"enemies":"Hexaghost","floor":16,"turns":14}],"seed_played":"3053976917047042477","potions_obtained":[{"floor":1,"key":"Strength Potion"},{"floor":10,"key":"FearPotion"}],"is_trial":false,"path_per_floor":["M","?","?","$","?","E","$","R","T","M","R","M","E","?","R","B"],"character_chosen":"DEFECT","items_purchased":["Frozen Egg 2","Capacitor+1","AttackPotion"],"campfire_rested":2,"item_purchase_floors":[4,4,7],"current_hp_per_floor":[59,59,52,52,46,5,5,24,24,22,41,36,26,26,26,0],"gold":126,"neow_bonus":"TWO_FIFTY_GOLD","is_prod":false,"is_daily":false,"chose_seed":false,"campfire_upgraded":1,"win_rate":0,"timestamp":1550549710,"path_taken":["M","?","?","$","?","E","$","R","T","M","R","?","E","?","R","BOSS"],"build_version":"2019-01-23","purchased_purges":0,"victory":false,"max_hp_per_floor":[64,64,64,64,64,64,64,64,64,64,64,64,64,64,64,64],"card_choices":[{"not_picked":["Genetic Algorithm","Turbo"],"picked":"Conserve Battery","floor":1},{"not_picked":["Coolheaded","Streamline"],"picked":"Defragment+1","floor":6},{"not_picked":["Darkness","Redo"],"picked":"Go for the Eyes","floor":10},{"not_picked":["Streamline","Electrodynamics+1"],"picked":"Self Repair+1","floor":12},{"not_picked":["Gash","Steam"],"picked":"Glacier","floor":13}],"player_experience":1634576,"relics_obtained":[{"floor":6,"key":"PreservedInsect"},{"floor":9,"key":"Potion Belt"},{"floor":13,"key":"War Paint"}],"event_choices":[{"damage_healed":0,"gold_gain":0,"player_choice":"Leave","damage_taken":0,"max_hp_gain":0,"max_hp_loss":0,"event_name":"The Cleric","floor":2,"gold_loss":0},{"cards_removed":["Defend_B"],"damage_healed":0,"gold_gain":0,"player_choice":"Card Removal","damage_taken":7,"max_hp_gain":0,"max_hp_loss":0,"event_name":"Golden Wing","floor":3,"gold_loss":0},{"damage_healed":0,"gold_gain":50,"player_choice":"Touch","damage_taken":6,"max_hp_gain":0,"max_hp_loss":0,"event_name":"FaceTrader","floor":5,"gold_loss":0},{"cards_removed":["Defend_B"],"damage_healed":0,"gold_gain":0,"player_choice":"Forget","damage_taken":0,"max_hp_gain":0,"max_hp_loss":0,"event_name":"Living Wall","floor":14,"gold_loss":0}],"is_beta":false,"boss_relics":[],"items_purged_floors":[],"is_endless":false,"potions_floor_spawned":[1,10],"killed_by":"Hexaghost","ascension_level":20}