{"gold_per_floor":[117,117,127,127,138,170,170,198,198,198,214,214,239,239,239,239],"floor_reached":16,"playtime":438,"items_purged":[],"score":236,"play_id":"a0c57101-a518-4cdd-a6ae-17c67b42711f","local_time":"20190424124119","is_ascension_mode":true,"campfire_choices":[{"data":"Armaments","floor":7,"key":"SMITH"},{"floor":10,"key":"REST"},{"data":"Bash","floor":12,"key":"SMITH"},{"data":"Clothesline","floor":15,"key":"SMITH"}],"neow_cost":"NONE","seed_source_timestamp":175959240178400,"circlet_count":0,"master_deck":["AscendersBane","Strike_R+1","Strike_R","Strike_R","Strike_R+1","Strike_R","Defend_R+1","Defend_R","Defend_R","Defend_R","Bash+1","Clothesline+1","Flame Barrier+1","Armaments+1","Second Wind"],"relics":["Busted Crown","Juzu Bracelet","Mango","The Courier","War Paint"],"potions_floor_usage":[16],"damage_taken":[{"damage":4,"enemies":"Small Slimes","floor":1,"turns":3},{"damage":5,"enemies":"2 Louse","floor":3,"turns":2},{"damage":0,"enemies":"Cultist","floor":5,"turns":3},{"damage":3,"enemies":"Lagavulin","floor":6,"turns":7},{"damage":25,"enemies":"3 Sentries","floor":8,"turns":9},{"damage":0,"enemies":"Exordium Wildlife","floor":11,"turns":3},{"damage":10,"enemies":"Lagavulin","floor":13,"turns":9},{"damage":42,"enemies":"Slime Boss","floor":16,"turns":12}],"seed_played":"5517307184654542823","potions_obtained":[{"floor":5,"key":"Energy Potion"},{"floor":8,"key":"Block Potion"}],"is_trial":false,"path_per_floor":["M","?","M","?","M","E","R","E","T","R","M","R","E","?","R","B"],"character_chosen":"IRONCLAD","items_purchased":[],"campfire_rested":1,"item_purchase_floors":[],"current_hp_per_floor":[64,64,59,36,36,33,33,22,22,48,48,48,38,43,43,1],"gold":239,"neow_bonus":"BOSS_RELIC","is_prod":false,"is_daily":false,"chose_seed":false,"campfire_upgraded":3,"win_rate":0,"timestamp":1556077279,"path_taken":["M","?","M","?","M","E","R","E","T","R","M","R","E","?","R","BOSS"],"build_version":"2019-01-23","purchased_purges":0,"victory":false,"max_hp_per_floor":[75,75,75,75,75,75,75,89,89,89,89,89,89,94,94,94],"card_choices":[{"not_picked":[],"picked":"Clothesline","floor":1},{"not_picked":[],"picked":"Flame Barrier","floor":3},{"not_picked":["Body Slam"],"picked":"SKIP","floor":5},{"not_picked":[],"picked":"Armaments","floor":6},{"not_picked":["Cleave"],"picked":"SKIP","floor":8},{"not_picked":[],"picked":"Second Wind","floor":11},{"not_picked":["Twin Strike"],"picked":"SKIP","floor":13}],"player_experience":3332260,"relics_obtained":[{"floor":6,"key":"Juzu Bracelet"},{"floor":8,"key":"Mango"},{"floor":9,"key":"The Courier"},{"floor":13,"key":"War Paint"}],"event_choices":[{"damage_healed":0,"gold_gain":0,"player_choice":"Ignored","damage_taken":0,"max_hp_gain":0,"max_hp_loss":0,"event_name":"Liars Game","floor":2,"gold_loss":0},{"damage_healed":0,"gold_gain":0,"player_choice":"Entered Light","damage_taken":23,"max_hp_gain":0,"max_hp_loss":0,"event_name":"Shining Light","floor":4,"gold_loss":0,"cards_upgraded":["Strike_R","Strike_R"]},{"damage_healed":0,"gold_gain":0,"player_choice":"Donut","damage_taken":0,"max_hp_gain":5,"max_hp_loss":0,"event_name":"Big Fish","floor":14,"gold_loss":0}],"is_beta":false,"boss_relics":[],"items_purged_floors":[],"is_endless":false,"potions_floor_spawned":[5,8,11],"killed_by":"Slime Boss","ascension_level":20}