{"gold_per_floor":[110,260,272,25,25,50,50,85,85,85,85,85,116,128,128,202,202,216,166,181,15,15,15,46,46,46,46,5,5,17,17,17,93,93,103,113,113,132,150,179,192,192,272,306,306,335,351,351,351,351,351,351,351,81,112,112],"floor_reached":56,"playtime":2681,"items_purged":["Doubt"],"score":2417,"play_id":"d312e80c-f418-4db6-b982-696217692adb","local_time":"20190320185102","is_ascension_mode":true,"campfire_choices":[{"data":"Creative AI","floor":11,"key":"SMITH"},{"data":"Consume","floor":15,"key":"SMITH"},{"data":"Recycle","floor":23,"key":"SMITH"},{"data":"Deep Breath","floor":29,"key":"SMITH"},{"data":"Amplify","floor":32,"key":"SMITH"},{"floor":42,"key":"RECALL"},{"data":"Dualcast","floor":45,"key":"SMITH"},{"data":"Zap","floor":49,"key":"SMITH"},{"data":"Glacier","floor":53,"key":"SMITH"}],"neow_cost":"NONE","seed_source_timestamp":84933877744100,"circlet_count":0,"master_deck":["AscendersBane","Strike_B","Strike_B","Strike_B","Defend_B","Defend_B","Defend_B","Zap+1","Dualcast+1","Cold Snap","Glacier+1","Creative AI+1","Amplify+1","Consume+1","Recycle+1","Echo Form+1","Blizzard+1","Deep Breath+1","Cold Snap","Self Repair+1","Hologram+1","Echo Form+1","Cold Snap","Conserve Battery+1","Capacitor+1","Electrodynamics+1","Turbo+1"],"relics":["Cracked Core","NeowsBlessing","Meat on the Bone","Sundial","Matryoshka","FossilizedHelix","Ancient Tea Set","DataDisk","Coffee Dripper","Mercury Hourglass","Gambling Chip","Frozen Egg 2","Symbiotic Virus","Inserter","Prayer Wheel","Singing Bowl","Ornamental Fan","Pear","Bottled Lightning","Orichalcum"],"potions_floor_usage":[24,27,38,56],"damage_taken":[{"damage":0,"enemies":"Jaw Worm","floor":1,"turns":1},{"damage":0,"enemies":"Small Slimes","floor":3,"turns":1},{"damage":0,"enemies":"3 Sentries","floor":6,"turns":2},{"damage":37,"enemies":"Gremlin Nob","floor":8,"turns":5},{"damage":8,"enemies":"3 Sentries","floor":13,"turns":13},{"damage":0,"enemies":"2 Louse","floor":14,"turns":2},{"damage":0,"enemies":"The Guardian","floor":16,"turns":8},{"damage":0,"enemies":"Shell Parasite","floor":18,"turns":7},{"damage":35,"enemies":"3 Byrds","floor":20,"turns":8},{"damage":0,"enemies":"Book of Stabbing","floor":24,"turns":4},{"damage":0,"enemies":"Shelled Parasite and Fungi","floor":27,"turns":1},{"damage":6,"enemies":"Snake Plant","floor":30,"turns":6},{"damage":0,"enemies":"Automaton","floor":33,"turns":7},{"damage":0,"enemies":"3 Shapes","floor":35,"turns":6},{"damage":9,"enemies":"Orb Walker","floor":36,"turns":4},{"damage":39,"enemies":"Transient","floor":38,"turns":6},{"damage":45,"enemies":"Spire Growth","floor":39,"turns":6},{"damage":0,"enemies":"Giant Head","floor":40,"turns":9},{"damage":19,"enemies":"3 Darklings","floor":41,"turns":5},{"damage":0,"enemies":"Nemesis","floor":44,"turns":11},{"damage":0,"enemies":"Giant Head","floor":46,"turns":7},{"damage":11,"enemies":"4 Shapes","floor":47,"turns":2},{"damage":45,"enemies":"Time Eater","floor":50,"turns":9},{"damage":23,"enemies":"Donu and Deca","floor":51,"turns":10},{"damage":79,"enemies":"Shield and Spear","floor":55,"turns":6},{"damage":36,"enemies":"The Heart","floor":56,"turns":3}],"seed_played":"9078410255483776188","potions_obtained":[{"floor":6,"key":"Fire Potion"},{"floor":13,"key":"Dexterity Potion"},{"floor":20,"key":"GamblersBrew"},{"floor":24,"key":"SmokeBomb"},{"floor":30,"key":"GamblersBrew"},{"floor":35,"key":"Ancient Potion"},{"floor":44,"key":"Poison Potion"},{"floor":47,"key":"Energy Potion"}],"is_trial":false,"path_per_floor":["M","?","M","$","?","E","?","E","T","?","R","T","E","M","R","B",null,"M","?","M","$","T","R","E","?","T","M","$","R","M","?","R","B",null,"M","M","?","M","M","E","M","R","T","E","R","E","M","?","R","B","B",null,"R","$","E","B"],"character_chosen":"DEFECT","items_purchased":["Creative AI","Deep Breath","Cold Snap","Self Repair+1","Bottled Lightning"],"campfire_rested":0,"item_purchase_floors":[4,21,21,28,54],"current_hp_per_floor":[64,64,64,64,69,69,69,44,44,26,26,26,30,42,42,42,68,68,68,45,45,45,45,45,23,23,35,35,35,61,61,61,71,79,81,81,81,62,49,69,70,70,70,83,83,95,86,86,86,73,70,90,90,90,35,0],"gold":112,"neow_bonus":"THREE_ENEMY_KILL","is_prod":false,"is_daily":false,"chose_seed":false,"campfire_upgraded":8,"win_rate":0,"timestamp":1553075462,"path_taken":["M","?","M","$","?","E","?","E","T","?","R","?","E","?","R","BOSS","M","?","M","$","?","R","E","?","T","M","?","R","M","?","R","BOSS","M","M","?","M","M","E","M","R","T","E","R","E","?","?","R","BOSS","BOSS","R","$","E","BOSS"],"build_version":"2019-01-23","purchased_purges":1,"victory":false,"max_hp_per_floor":[71,71,71,71,76,76,76,76,76,76,76,76,76,76,76,76,76,76,76,76,76,76,76,76,81,81,81,81,81,81,81,81,81,81,81,81,81,81,81,81,81,81,81,83,83,95,97,97,97,97,97,97,97,97,99,99],"card_choices":[{"not_picked":["Streamline","Stack"],"picked":"Cold Snap","floor":1},{"not_picked":["Streamline","Compile Driver"],"picked":"Glacier","floor":3},{"not_picked":["Redo","BootSequence","Scrape"],"picked":"SKIP","floor":6},{"not_picked":["Barrage","Darkness"],"picked":"Consume","floor":8},{"not_picked":["Force Field","Gash","Lockon"],"picked":"SKIP","floor":13},{"not_picked":["Gash","Rebound"],"picked":"Recycle","floor":14},{"not_picked":["Rainbow","Fission"],"picked":"Echo Form","floor":16},{"not_picked":["Leap","Steam"],"picked":"Blizzard+1","floor":18},{"not_picked":["Steam","Beam Cell","Sweeping Beam+1"],"picked":"SKIP","floor":20},{"not_picked":["Sweeping Beam","Barrage","Leap"],"picked":"SKIP","floor":24},{"not_picked":["Tempest","Sweeping Beam"],"picked":"Hologram+1","floor":30},{"not_picked":["Machine Learning+1","Core Surge"],"picked":"Echo Form+1","floor":33},{"not_picked":["Steam Power","Stack+1","Redo"],"picked":"SKIP","floor":35},{"not_picked":["Steam Power+1","Beam Cell"],"picked":"Cold Snap","floor":36},{"not_picked":["Auto Shields+1","Ball Lightning"],"picked":"Conserve Battery+1","floor":38},{"not_picked":["White Noise","Doom and Gloom+1"],"picked":"Capacitor+1","floor":39},{"not_picked":["Compile Driver","Undo","Streamline"],"picked":"SKIP","floor":40},{"not_picked":["Barrage","Steam"],"picked":"Electrodynamics+1","floor":41},{"not_picked":["Barrage+1","Static Discharge+1","Streamline+1"],"picked":"SKIP","floor":41},{"not_picked":["Fusion+1","Ball Lightning","Compile Driver+1"],"picked":"Singing Bowl","floor":44},{"not_picked":["Heatsinks+1","Redo","Ball Lightning"],"picked":"Singing Bowl","floor":46},{"not_picked":["Redo","Leap+1","Auto Shields+1"],"picked":"Singing Bowl","floor":47},{"not_picked":["Go for the Eyes+1","Steam"],"picked":"Turbo+1","floor":47},{"not_picked":["Double Energy","Hologram","Streamline"],"picked":"Singing Bowl","floor":55}],"player_experience":2414447,"relics_obtained":[{"floor":6,"key":"Meat on the Bone"},{"floor":8,"key":"Sundial"},{"floor":9,"key":"Matryoshka"},{"floor":12,"key":"Ancient Tea Set"},{"floor":13,"key":"DataDisk"},{"floor":22,"key":"Mercury Hourglass"},{"floor":22,"key":"Gambling Chip"},{"floor":24,"key":"Frozen Egg 2"},{"floor":26,"key":"Symbiotic Virus"},{"floor":40,"key":"Prayer Wheel"},{"floor":43,"key":"Singing Bowl"},{"floor":44,"key":"Ornamental Fan"},{"floor":46,"key":"Pear"},{"floor":55,"key":"Orichalcum"}],"event_choices":[{"damage_healed":0,"gold_gain":150,"player_choice":"AGREE","damage_taken":0,"max_hp_gain":0,"max_hp_loss":0,"event_name":"Liars Game","floor":2,"gold_loss":0,"cards_obtained":["Doubt"]},{"damage_healed":0,"gold_gain":0,"player_choice":"Donut","damage_taken":0,"max_hp_gain":5,"max_hp_loss":0,"event_name":"Big Fish","floor":5,"gold_loss":0},{"damage_healed":0,"gold_gain":0,"cards_transformed":["Defend_B"],"player_choice":"Change","damage_taken":0,"max_hp_gain":0,"max_hp_loss":0,"event_name":"Living Wall","floor":7,"gold_loss":0,"cards_obtained":["Amplify"]},{"damage_healed":0,"gold_gain":0,"player_choice":"Success","damage_taken":18,"relics_obtained":["FossilizedHelix"],"max_hp_gain":0,"max_hp_loss":0,"event_name":"Scrap Ooze","floor":10,"gold_loss":0},{"damage_healed":0,"gold_gain":0,"player_choice":"Bet on Murderer","damage_taken":0,"max_hp_gain":0,"max_hp_loss":0,"event_name":"The Joust","floor":19,"gold_loss":50},{"damage_healed":0,"gold_gain":0,"player_choice":"Shed Blood","damage_taken":27,"max_hp_gain":5,"max_hp_loss":0,"event_name":"Forgotten Altar","floor":25,"gold_loss":0},{"cards_removed":["Strike_B"],"damage_healed":0,"gold_gain":0,"player_choice":"Elegance","damage_taken":0,"max_hp_gain":0,"max_hp_loss":0,"event_name":"Back to Basics","floor":31,"gold_loss":0},{"damage_healed":0,"gold_gain":0,"player_choice":"Upgraded","damage_taken":0,"max_hp_gain":0,"max_hp_loss":0,"event_name":"Upgrade Shrine","floor":37,"gold_loss":0,"cards_upgraded":["Echo Form"]},{"damage_healed":0,"gold_gain":0,"player_choice":"Ignored","damage_taken":0,"max_hp_gain":0,"max_hp_loss":0,"event_name":"Tomb of Lord Red Mask","floor":48,"gold_loss":0}],"is_beta":false,"boss_relics":[{"not_picked":["FrozenCore","Astrolabe"],"picked":"Coffee Dripper"},{"not_picked":["Sozu","Cursed Key"],"picked":"Inserter"}],"items_purged_floors":[4],"is_endless":false,"potions_floor_spawned":[6,13,14,20,24,30,35,44,47],"killed_by":"The Heart","ascension_level":20}