{"gold_per_floor":[111,129,129,129,17,56,56,69,69,69,92,130,130,166,166,260,260,283,56,80,80,80,80],"floor_reached":23,"playtime":663,"items_purged":[],"score":464,"play_id":"6c0e9c88-df35-43d1-b5e2-4e889e0931f4","local_time":"20190409123803","is_ascension_mode":true,"campfire_choices":[{"floor":13.0,"key":"REST"},{"data":"Bash","floor":15.0,"key":"SMITH"}],"neow_cost":"NONE","seed_source_timestamp":210860572105500,"circlet_count":0,"master_deck":["AscendersBane","Strike_R","Strike_R","Strike_R","Strike_R","Strike_R","Defend_R","Defend_R","Defend_R","Defend_R","Bash+1","Body Slam","Rampage","Armaments+1","Shrug It Off+1","Spot Weakness+1","Disarm+1","Disarm+1","Impervious+1","Shrug It Off+1","Barricade","Feel No Pain"],"special_seed":0,"relics":["Burning Blood","NeowsBlessing","Golden Idol","Toxic Egg 2","Question Card","Vajra","Art of War","The Courier","Oddly Smooth Stone","Pen Nib","Fusion Hammer","Kunai","Enchiridion","Potion Belt"],"potions_floor_usage":[],"damage_taken":[{"damage":0.0,"enemies":"Cultist","floor":1.0,"turns":1.0},{"damage":0.0,"enemies":"Jaw Worm","floor":2.0,"turns":1.0},{"damage":0.0,"enemies":"Gremlin Nob","floor":6.0,"turns":1.0},{"damage":13.0,"enemies":"2 Louse","floor":8.0,"turns":2.0},{"damage":2.0,"enemies":"Large Slime","floor":11.0,"turns":5.0},{"damage":38.0,"enemies":"3 Sentries","floor":12.0,"turns":9.0},{"damage":11.0,"enemies":"Lagavulin","floor":14.0,"turns":8.0},{"damage":1.0,"enemies":"Hexaghost","floor":16.0,"turns":11.0},{"damage":9.0,"enemies":"Shell Parasite","floor":18.0,"turns":6.0},{"damage":7.0,"enemies":"Chosen","floor":20.0,"turns":7.0},{"damage":37,"enemies":"Gremlin Leader","floor":23,"turns":7}],"seed_played":"7771161277048188817","potions_obtained":[{"floor":1.0,"key":"Weak Potion"},{"floor":6.0,"key":"Regen Potion"},{"floor":11.0,"key":"SkillPotion"},{"floor":20.0,"key":"PowerPotion"}],"is_trial":false,"path_per_floor":["M","M","?","T","$","E","?","M","T","?","M","E","R","E","R","B",null,"M","$","M","?","?","E"],"character_chosen":"IRONCLAD","items_purchased":["Armaments+1","Shrug It Off+1","Kunai"],"campfire_rested":1,"item_purchase_floors":[5,5,19],"current_hp_per_floor":[74,75,49,49,49,55,55,48,48,22,40,8,30,25,25,30,64,61,61,60,39,39,2],"gold":80,"neow_bonus":"THREE_ENEMY_KILL","is_prod":false,"is_daily":false,"chose_seed":false,"campfire_upgraded":1,"win_rate":0,"timestamp":1554781083,"path_taken":["M","M","?","?","$","E","?","M","T","?","M","E","R","E","R","BOSS","M","$","M","?","?","E"],"build_version":"2019-01-23","purchased_purges":0,"victory":false,"max_hp_per_floor":[75,75,75,75,75,75,75,75,75,75,75,75,75,75,75,75,75,75,75,75,75,75,75],"card_choices":[{"not_picked":["Ghostly Armor","Iron Wave"],"picked":"Body Slam","floor":1.0},{"not_picked":["Power Through","Pommel Strike"],"picked":"Rampage","floor":2.0},{"not_picked":["Flex+1","Flame Barrier+1"],"picked":"Spot Weakness+1","floor":6.0},{"not_picked":["Sentinel+1","Shrug It Off+1","True Grit+1"],"picked":"Disarm+1","floor":8.0},{"not_picked":["True Grit+1","Rampage","Twin Strike"],"picked":"Disarm+1","floor":11.0},{"not_picked":["Flex+1","Bloodletting+1","Cleave"],"picked":"Impervious+1","floor":12.0},{"not_picked":["Iron Wave","Anger","Perfected Strike"],"picked":"Shrug It Off+1","floor":14.0},{"not_picked":["Reaper","Fiend Fire","Juggernaut"],"picked":"Barricade","floor":16.0},{"not_picked":["Body Slam","Cleave","Uppercut"],"picked":"Feel No Pain","floor":18.0},{"not_picked":["Uppercut","Sword Boomerang","Heavy Blade","Perfected Strike"],"picked":"SKIP","floor":20.0}],"player_experience":3001430,"relics_obtained":[{"floor":4.0,"key":"Toxic Egg 2"},{"floor":6.0,"key":"Question Card"},{"floor":9.0,"key":"Art of War"},{"floor":12.0,"key":"Oddly Smooth Stone"},{"floor":14.0,"key":"Pen Nib"},{"floor":21.0,"key":"Enchiridion"}],"event_choices":[{"damage_healed":0.0,"max_hp_gain":0.0,"max_hp_loss":0.0,"gold_gain":0.0,"event_name":"Golden Idol","player_choice":"Take Damage","floor":3.0,"gold_loss":0.0,"damage_taken":26.0,"relics_obtained":["Golden Idol"]},{"damage_healed":0.0,"max_hp_gain":0.0,"max_hp_loss":0.0,"gold_gain":0.0,"event_name":"Dead Adventurer","player_choice":"Searched \u00271\u0027 times","floor":7.0,"gold_loss":0.0,"damage_taken":0.0,"relics_obtained":["Vajra"]},{"damage_healed":0.0,"max_hp_gain":0.0,"max_hp_loss":0.0,"gold_gain":0.0,"event_name":"Scrap Ooze","player_choice":"Success","floor":10.0,"gold_loss":0.0,"damage_taken":26.0,"relics_obtained":["The Courier"]},{"damage_healed":0.0,"max_hp_gain":0.0,"max_hp_loss":0.0,"gold_gain":0.0,"event_name":"Cursed Tome","player_choice":"Obtained Book","floor":21.0,"gold_loss":0.0,"damage_taken":21.0},{"damage_healed":0.0,"max_hp_gain":0.0,"max_hp_loss":0.0,"gold_gain":0.0,"event_name":"WeMeetAgain","player_choice":"Gave Potion","floor":22.0,"gold_loss":0.0,"damage_taken":0.0,"relics_obtained":["Potion Belt"]}],"is_beta":false,"boss_relics":[{"not_picked":["Black Star","Empty Cage"],"picked":"Fusion Hammer"}],"items_purged_floors":[],"is_endless":false,"potions_floor_spawned":[1,6,8,11,20],"killed_by":"Gremlin Leader","ascension_level":20}