{"gold_per_floor":[112,262,262,280,280,310,250,250,250,279,279,298,313,238,238,312,312,322,372,25,25,25,25,35,35,35,35,14,14,42,57,57,57],"floor_reached":33,"playtime":1008,"items_purged":["Strike_R"],"score":588,"play_id":"3eca84b0-089c-478d-b1af-4b00498cd3ed","local_time":"20190414192744","is_ascension_mode":true,"campfire_choices":[{"data":"Bash","floor":8.0,"key":"SMITH"},{"data":"Inflame","floor":11.0,"key":"SMITH"},{"data":"Disarm","floor":15.0,"key":"SMITH"},{"data":"Rampage","floor":23,"key":"SMITH"},{"data":"Feel No Pain","floor":25,"key":"SMITH"},{"data":"True Grit","floor":29,"key":"SMITH"},{"floor":32,"key":"REST"}],"neow_cost":"NONE","seed_source_timestamp":200533225769300,"circlet_count":0,"master_deck":["AscendersBane","Strike_R","Defend_R","Defend_R","Defend_R","Defend_R","Bash+1","Disarm+1","Rampage+1","Inflame+1","Immolate+1","Body Slam+1","Brutality","Feel No Pain+1","True Grit+1","True Grit"],"special_seed":0,"relics":["Burning Blood","NeowsBlessing","The Courier","Happy Flower","Molten Egg 2","Mercury Hourglass","Sozu","Membership Card","Lantern","Ice Cream","Girya","Ornamental Fan"],"potions_floor_usage":[16,16],"damage_taken":[{"damage":0.0,"enemies":"Cultist","floor":1.0,"turns":1.0},{"damage":0.0,"enemies":"2 Louse","floor":4.0,"turns":1.0},{"damage":0.0,"enemies":"Lagavulin","floor":6.0,"turns":1.0},{"damage":54.0,"enemies":"3 Sentries","floor":10.0,"turns":13.0},{"damage":7.0,"enemies":"Jaw Worm","floor":12.0,"turns":3.0},{"damage":1.0,"enemies":"2 Fungi Beasts","floor":13.0,"turns":2.0},{"damage":17,"enemies":"The Guardian","floor":16,"turns":10},{"damage":6,"enemies":"Spheric Guardian","floor":18,"turns":3},{"damage":21,"enemies":"2 Thieves","floor":24,"turns":3},{"damage":19,"enemies":"Slavers","floor":30,"turns":5},{"damage":9,"enemies":"Centurion and Healer","floor":31,"turns":6},{"damage":31,"enemies":"Champ","floor":33,"turns":10}],"seed_played":"-535717977347651018","potions_obtained":[{"floor":4.0,"key":"SkillPotion"},{"floor":6.0,"key":"Ancient Potion"},{"floor":12.0,"key":"SpeedPotion"}],"is_trial":false,"path_per_floor":["M","?","?","M","T","E","$","R","T","E","R","M","M","?","R","B",null,"M","?","$","?","$","R","M","R","T","?","$","R","E","M","R","B"],"character_chosen":"IRONCLAD","items_purchased":["Membership Card","Lantern","Ice Cream","True Grit"],"campfire_rested":1,"item_purchase_floors":[20,20,20,28],"current_hp_per_floor":[74,74,67,73,73,75,75,75,75,27,27,26,31,31,31,20,61,61,61,61,61,61,61,46,46,46,46,46,46,33,30,52,21],"gold":57,"neow_bonus":"THREE_ENEMY_KILL","is_prod":false,"is_daily":false,"chose_seed":false,"campfire_upgraded":6,"win_rate":0,"timestamp":1555237664,"path_taken":["M","?","?","M","?","E","$","R","T","E","R","M","M","?","R","BOSS","M","?","$","?","$","R","M","R","T","?","?","R","E","M","R","BOSS"],"build_version":"2019-01-23","purchased_purges":1,"victory":false,"max_hp_per_floor":[75,75,75,75,75,75,75,75,75,75,75,75,75,75,75,75,75,75,75,75,75,75,75,75,75,75,75,75,75,75,75,75,75],"card_choices":[{"not_picked":["Armaments","Sever Soul"],"picked":"Disarm","floor":1.0},{"not_picked":["Heavy Blade","Headbutt"],"picked":"Rampage","floor":4.0},{"not_picked":["Thunderclap","Flex","Uppercut"],"picked":"SKIP","floor":6.0},{"not_picked":["Rupture","Heavy Blade+1"],"picked":"Inflame","floor":10.0},{"not_picked":["Headbutt+1","Havoc","Clash+1"],"picked":"SKIP","floor":12.0},{"not_picked":["Body Slam+1","Pommel Strike+1","Infernal Blade"],"picked":"SKIP","floor":13.0},{"not_picked":["Reaper+1","Fiend Fire+1"],"picked":"Immolate+1","floor":16},{"not_picked":["Warcry","Wild Strike+1"],"picked":"Body Slam+1","floor":18},{"not_picked":["Warcry","Body Slam+1","Pommel Strike+1"],"picked":"SKIP","floor":24},{"not_picked":["Feel No Pain","Wild Strike+1"],"picked":"True Grit","floor":30},{"not_picked":["Spot Weakness","Clothesline+1","Perfected Strike+1"],"picked":"SKIP","floor":31}],"player_experience":3132071,"relics_obtained":[{"floor":5.0,"key":"The Courier"},{"floor":6.0,"key":"Happy Flower"},{"floor":9.0,"key":"Molten Egg 2"},{"floor":10.0,"key":"Mercury Hourglass"},{"floor":26,"key":"Girya"},{"floor":30,"key":"Ornamental Fan"}],"event_choices":[{"damage_healed":0.0,"max_hp_gain":0.0,"max_hp_loss":0.0,"gold_gain":150.0,"event_name":"Liars Game","player_choice":"AGREE","floor":2.0,"gold_loss":0.0,"damage_taken":0.0,"cards_obtained":["Doubt"]},{"cards_removed":["Doubt"],"damage_healed":0.0,"max_hp_gain":0.0,"max_hp_loss":0.0,"gold_gain":0.0,"event_name":"Golden Wing","player_choice":"Card Removal","floor":3.0,"gold_loss":0.0,"damage_taken":7.0},{"cards_removed":["Strike_R"],"damage_healed":0.0,"max_hp_gain":0.0,"max_hp_loss":0.0,"gold_gain":0.0,"event_name":"The Cleric","player_choice":"Card Removal","floor":14.0,"gold_loss":75.0,"damage_taken":0.0},{"damage_healed":0,"gold_gain":50,"player_choice":"Stole From Cult","damage_taken":0,"max_hp_gain":0,"max_hp_loss":0,"event_name":"Nest","floor":19,"gold_loss":0},{"damage_healed":0,"gold_gain":0,"cards_transformed":["Strike_R","Strike_R"],"player_choice":"Became Test Subject","damage_taken":0,"max_hp_gain":0,"max_hp_loss":0,"event_name":"Drug Dealer","floor":21,"gold_loss":0,"cards_obtained":["Brutality","Feel No Pain"]},{"damage_healed":0,"gold_gain":0,"player_choice":"Ignored","damage_taken":0,"max_hp_gain":0,"max_hp_loss":0,"event_name":"The Mausoleum","floor":27,"gold_loss":0}],"is_beta":false,"boss_relics":[{"not_picked":["Black Star","Lizard Tail"],"picked":"Sozu"}],"items_purged_floors":[7],"is_endless":false,"potions_floor_spawned":[4,6,12,13,18,30],"killed_by":"Champ","ascension_level":20}