{"gold_per_floor":[115,135,153,153,153,153,185,204,251,223,249,249,23,43,43,115,115,134,51,71,71],"floor_reached":21,"playtime":1088,"items_purged":[],"score":432,"play_id":"ccec3ea2-4877-42c7-9bd2-5daf821ca25e","local_time":"20190426153528","is_ascension_mode":true,"campfire_choices":[{"floor":6,"key":"REST"},{"floor":12,"key":"REST"},{"data":"White Noise","floor":15,"key":"SMITH"}],"neow_cost":"NONE","seed_source_timestamp":1288468407386114,"circlet_count":0,"master_deck":["AscendersBane","Strike_B","Strike_B","Strike_B","Strike_B","Defend_B","Defend_B","Defend_B","Defend_B","Zap","Dualcast","Glacier","Static Discharge","Hyperbeam","Self Repair","BootSequence","Conserve Battery","White Noise+1","Self Repair","Streamline","Reboot","White Noise","Loop","BootSequence"],"relics":["Cracked Core","Blue Candle","PreservedInsect","Juzu Bracelet","Nuclear Battery"],"potions_floor_usage":[7,11,11,16,16],"damage_taken":[{"damage":24,"enemies":"Jaw Worm","floor":1,"turns":4},{"damage":3,"enemies":"Small Slimes","floor":2,"turns":5},{"damage":0,"enemies":"2 Louse","floor":3,"turns":3},{"damage":10,"enemies":"Lagavulin","floor":7,"turns":8},{"damage":14,"enemies":"Red Slaver","floor":8,"turns":4},{"damage":8,"enemies":"Exordium Thugs","floor":10,"turns":4},{"damage":0,"enemies":"3 Sentries","floor":11,"turns":2},{"damage":1,"enemies":"Looter","floor":14,"turns":4},{"damage":53,"enemies":"Slime Boss","floor":16,"turns":11},{"damage":30,"enemies":"Spheric Guardian","floor":18,"turns":6},{"damage":35,"enemies":"Chosen","floor":20,"turns":7},{"damage":0,"enemies":"Shelled Parasite and Fungi","floor":21,"turns":1}],"seed_played":"2168599963586504271","potions_obtained":[{"floor":0,"key":"PowerPotion"},{"floor":0,"key":"PowerPotion"},{"floor":7,"key":"SneckoOil"},{"floor":10,"key":"PowerPotion"},{"floor":11,"key":"PowerPotion"},{"floor":18,"key":"Dexterity Potion"}],"is_trial":false,"path_per_floor":["M","M","M","?","?","R","E","M","T","M","E","R","$","M","R","B",null,"M","$","M","M"],"character_chosen":"DEFECT","items_purchased":["White Noise","Self Repair","PowerPotion","Loop"],"campfire_rested":2,"item_purchase_floors":[13,13,13,19],"current_hp_per_floor":[40,37,37,37,37,58,48,34,34,26,33,54,54,67,67,28,60,44,44,23,23],"gold":71,"neow_bonus":"THREE_SMALL_POTIONS","is_prod":false,"is_daily":false,"chose_seed":false,"campfire_upgraded":1,"win_rate":0,"timestamp":1556282128,"path_taken":["M","M","M","?","?","R","E","M","T","M","E","R","$","M","R","BOSS","M","$","M","M"],"build_version":"2019-01-23","purchased_purges":0,"victory":false,"max_hp_per_floor":[71,71,71,71,71,71,71,71,71,71,71,71,71,71,71,71,71,71,71,71,71],"card_choices":[{"not_picked":["Chaos","Coolheaded"],"picked":"Glacier","floor":1},{"not_picked":["Hologram","Scrape"],"picked":"Static Discharge","floor":2},{"not_picked":["Reprogram","Coolheaded"],"picked":"Hyperbeam","floor":3},{"not_picked":["Coolheaded","Lockon","Sweeping Beam"],"picked":"SKIP","floor":7},{"not_picked":["Darkness","Ball Lightning"],"picked":"Self Repair","floor":8},{"not_picked":["Redo","Gash"],"picked":"BootSequence","floor":10},{"not_picked":["Stack","Go for the Eyes"],"picked":"Conserve Battery","floor":11},{"not_picked":["Hyperbeam","Barrage"],"picked":"Streamline","floor":14},{"not_picked":["Rainbow","All For One"],"picked":"Reboot","floor":16},{"not_picked":["Cold Snap+1","Doom and Gloom"],"picked":"White Noise","floor":18},{"not_picked":["Sunder","Beam Cell"],"picked":"BootSequence","floor":20}],"player_experience":1247170,"relics_obtained":[{"floor":7,"key":"Blue Candle"},{"floor":9,"key":"PreservedInsect"},{"floor":11,"key":"Juzu Bracelet"}],"event_choices":[{"damage_healed":0,"gold_gain":0,"player_choice":"Ignored","damage_taken":0,"max_hp_gain":0,"max_hp_loss":0,"event_name":"Shining Light","floor":4,"gold_loss":0},{"damage_healed":0,"gold_gain":0,"player_choice":"Fled","damage_taken":0,"max_hp_gain":0,"max_hp_loss":0,"event_name":"Scrap Ooze","floor":5,"gold_loss":0}],"is_beta":false,"boss_relics":[{"not_picked":["Astrolabe","Philosopher\u0027s Stone"],"picked":"Nuclear Battery"}],"items_purged_floors":[],"is_endless":false,"potions_floor_spawned":[2,3,7,10,11,18],"killed_by":"Shelled Parasite and Fungi","ascension_level":20}