{"gold_per_floor":[115,41,54,66,27,27,47,47,118,143,163,17,17,17,17,120,120,135,17,17,17,30,62,80,80,80,92,103,103,115,115,115,215,215,228,57,57,67,87,87,105,105,154,154,18,37,37,56,56,56],"floor_reached":51,"playtime":2670,"items_purged":["Strike_R","Strike_R","Hemokinesis+1"],"score":692,"play_id":"fb48d861-1453-4805-b3b3-6db9ff153aa8","local_time":"20190303014735","is_ascension_mode":false,"campfire_choices":[{"data":"Bash","floor":6.0,"key":"SMITH"},{"data":"Feel No Pain","floor":8.0,"key":"SMITH"},{"data":"Body Slam","floor":13.0,"key":"SMITH"},{"data":"Havoc","floor":15.0,"key":"SMITH"},{"data":"Feel No Pain","floor":29.0,"key":"SMITH"},{"floor":32.0,"key":"REST"},{"data":"Searing Blow+1","floor":40,"key":"SMITH"},{"data":"Feel No Pain","floor":49,"key":"SMITH"}],"neow_cost":"NONE","seed_source_timestamp":90216270921700,"circlet_count":0,"master_deck":["Defend_R","Defend_R","Defend_R","Defend_R","Bash+1","Thunderclap","Feel No Pain+1","Second Wind","Body Slam+1","Havoc+1","Second Wind","Power Through+1","Evolve+1","Clothesline","Feel No Pain+1","Clothesline","Searing Blow+2","Necronomicurse","Havoc+1","Havoc+1","Juggernaut","Burning Pact+1","Feel No Pain+1","Anger","Parasite","Combust+1","Corruption","True Grit","Clash","Feed"],"special_seed":0,"relics":["Eternal Feather","Odd Mushroom","Meat on the Bone","Torii","Pen Nib","Astrolabe","Potion Belt","Necronomicon","Matryoshka","Runic Dome","Smiling Mask","Boot","Question Card","Paper Frog"],"potions_floor_usage":[38,50,50],"damage_taken":[{"damage":1.0,"enemies":"Cultist","floor":1.0,"turns":3.0},{"damage":10.0,"enemies":"Jaw Worm","floor":3.0,"turns":4.0},{"damage":0.0,"enemies":"Small Slimes","floor":4.0,"turns":3.0},{"damage":38.0,"enemies":"The Mushroom Lair","floor":7.0,"turns":5.0},{"damage":34.0,"enemies":"Lagavulin","floor":10.0,"turns":10.0},{"damage":8.0,"enemies":"2 Fungi Beasts","floor":11.0,"turns":5.0},{"damage":10.0,"enemies":"Hexaghost","floor":16.0,"turns":9.0},{"damage":0.0,"enemies":"Chosen","floor":18.0,"turns":5.0},{"damage":13.0,"enemies":"Spheric Guardian","floor":22.0,"turns":4.0},{"damage":6.0,"enemies":"Gremlin Leader","floor":23.0,"turns":6.0},{"damage":12.0,"enemies":"Centurion and Healer","floor":24.0,"turns":8.0},{"damage":26.0,"enemies":"3 Cultists","floor":27.0,"turns":6.0},{"damage":8.0,"enemies":"Shelled Parasite and Fungi","floor":28.0,"turns":5.0},{"damage":0.0,"enemies":"Snecko","floor":30.0,"turns":3.0},{"damage":51.0,"enemies":"Champ","floor":33.0,"turns":12.0},{"damage":15.0,"enemies":"3 Darklings","floor":35.0,"turns":4.0},{"damage":14.0,"enemies":"Orb Walker","floor":38.0,"turns":4.0},{"damage":20,"enemies":"Writhing Mass","floor":39,"turns":5},{"damage":11,"enemies":"Jaw Worm Horde","floor":41,"turns":5},{"damage":3,"enemies":"Maw","floor":46,"turns":6},{"damage":21,"enemies":"Spire Growth","floor":48,"turns":5},{"damage":15,"enemies":"Donu and Deca","floor":50,"turns":8}],"seed_played":"-6633355433183041326","potions_obtained":[{"floor":7.0,"key":"Swift Potion"},{"floor":10.0,"key":"SkillPotion"},{"floor":11.0,"key":"Strength Potion"},{"floor":16.0,"key":"FearPotion"},{"floor":18.0,"key":"SteroidPotion"},{"floor":20.0,"key":"Block Potion"},{"floor":20.0,"key":"Energy Potion"},{"floor":27.0,"key":"SteroidPotion"},{"floor":30.0,"key":"EssenceOfSteel"},{"floor":38,"key":"Fruit Juice"},{"floor":46,"key":"Strength Potion"},{"floor":48,"key":"FearPotion"}],"is_trial":false,"path_per_floor":["M","$","M","M","$","R","?","R","T","E","M","$","R","?","R","B",null,"M","$","?","$","M","E","M","?","T","M","M","R","M","?","R","B",null,"M","$","?","M","M","R","M","?","T","?","$","M","T","M","R","B",null],"character_chosen":"IRONCLAD","items_purchased":["Feel No Pain","Second Wind","Second Wind","Feel No Pain","PowerPotion","Feel No Pain","Corruption","True Grit"],"campfire_rested":1,"item_purchase_floors":[2,5,12,19,19,36,45,45],"current_hp_per_floor":[79,79,69,69,69,75,37,43,43,21,25,25,34,22,31,33,80,80,80,80,80,67,61,49,33,33,19,23,35,47,32,69,30,85,70,70,70,61,53,68,57,57,57,57,57,54,54,45,63,48],"gold":56,"neow_bonus":"BOSS_RELIC","is_prod":false,"is_daily":false,"chose_seed":false,"campfire_upgraded":7,"win_rate":0,"timestamp":1551545255,"path_taken":["M","$","M","?","$","R","?","R","T","E","M","?","R","?","R","BOSS","M","$","?","?","M","E","?","?","T","M","M","R","M","?","R","BOSS","M","$","?","M","M","R","M","?","T","?","$","?","?","M","R","BOSS"],"build_version":"2019-01-23","purchased_purges":3,"victory":true,"max_hp_per_floor":[80,80,80,80,80,80,80,80,80,80,80,80,80,80,80,80,80,80,80,80,80,80,80,80,80,80,80,80,80,80,85,85,85,85,85,85,85,90,90,90,90,85,85,85,85,85,85,85,85,85],"card_choices":[{"not_picked":["True Grit","Power Through"],"picked":"Thunderclap","floor":1.0},{"not_picked":["Perfected Strike","Havoc"],"picked":"Pummel","floor":7.0},{"not_picked":["Ghostly Armor","Armaments"],"picked":"Body Slam","floor":10.0},{"not_picked":["Flame Barrier","Bloodletting"],"picked":"Havoc","floor":11.0},{"not_picked":["Infernal Blade","Cleave+1"],"picked":"Clothesline","floor":18.0},{"not_picked":["Rampage","Blood for Blood"],"picked":"Clothesline","floor":22.0},{"not_picked":["Inflame","Exhume","Body Slam"],"picked":"SKIP","floor":23.0},{"not_picked":["Inflame","Exhume","Body Slam"],"picked":"SKIP","floor":23.0},{"not_picked":["Clothesline+1","Sever Soul"],"picked":"Searing Blow+1","floor":24.0},{"not_picked":["Heavy Blade+1","Sword Boomerang"],"picked":"Havoc+1","floor":27.0},{"not_picked":["Twin Strike+1","Rage"],"picked":"Havoc+1","floor":28.0},{"not_picked":["Shrug It Off","Twin Strike"],"picked":"Cleave","floor":30.0},{"not_picked":["Brutality","Offering"],"picked":"Juggernaut","floor":33.0},{"not_picked":["Twin Strike","Iron Wave"],"picked":"Burning Pact+1","floor":35.0},{"not_picked":["Feel No Pain","Sword Boomerang+1"],"picked":"Anger","floor":38},{"not_picked":["Infernal Blade+1","Armaments+1"],"picked":"Combust+1","floor":41},{"not_picked":["True Grit","Shrug It Off+1"],"picked":"Clash","floor":46},{"not_picked":["Disarm+1","Entrench","Rupture"],"picked":"Feed","floor":48}],"player_experience":1953854,"relics_obtained":[{"floor":7.0,"key":"Odd Mushroom"},{"floor":9.0,"key":"Meat on the Bone"},{"floor":10.0,"key":"Torii"},{"floor":23.0,"key":"Potion Belt"},{"floor":25.0,"key":"Necronomicon"},{"floor":26.0,"key":"Matryoshka"},{"floor":43,"key":"Smiling Mask"},{"floor":43,"key":"Boot"},{"floor":47,"key":"Question Card"},{"floor":47,"key":"Paper Frog"}],"event_choices":[{"damage_healed":0.0,"max_hp_gain":0.0,"max_hp_loss":0.0,"gold_gain":0.0,"event_name":"Mushrooms","player_choice":"Fought Mushrooms","floor":7.0,"gold_loss":0.0,"damage_taken":0.0},{"damage_healed":0.0,"max_hp_gain":0.0,"max_hp_loss":0.0,"gold_gain":0.0,"event_name":"Scrap Ooze","player_choice":"Success","floor":14.0,"gold_loss":0.0,"damage_taken":12.0,"relics_obtained":["Pen Nib"]},{"damage_healed":0.0,"max_hp_gain":0.0,"max_hp_loss":0.0,"gold_gain":0.0,"event_name":"Lab","player_choice":"Got Potions","floor":20.0,"gold_loss":0.0,"damage_taken":0.0},{"damage_healed":0.0,"max_hp_gain":0.0,"max_hp_loss":0.0,"gold_gain":0.0,"event_name":"Cursed Tome","player_choice":"Obtained Book","floor":25.0,"gold_loss":0.0,"damage_taken":16.0},{"damage_healed":0.0,"max_hp_gain":5.0,"max_hp_loss":0.0,"gold_gain":0.0,"event_name":"Forgotten Altar","player_choice":"Shed Blood","floor":31.0,"gold_loss":0.0,"damage_taken":20.0},{"cards_removed":["Pummel"],"damage_healed":0.0,"max_hp_gain":0.0,"max_hp_loss":0.0,"gold_gain":0.0,"event_name":"Falling","player_choice":"Removed Attack","floor":37.0,"gold_loss":0.0,"damage_taken":0.0},{"damage_healed":0,"gold_gain":0,"player_choice":"Max HP","damage_taken":0,"max_hp_gain":0,"max_hp_loss":5,"event_name":"Winding Halls","floor":42,"gold_loss":0},{"cards_removed":["Cleave"],"damage_healed":0,"gold_gain":0,"player_choice":"Card Removal","damage_taken":0,"max_hp_gain":0,"max_hp_loss":0,"event_name":"Wheel of Change","floor":44,"gold_loss":0}],"is_beta":false,"boss_relics":[{"not_picked":["Mark of Pain","Fusion Hammer"],"picked":"Astrolabe"},{"not_picked":["Runic Cube","White Beast Statue"],"picked":"Runic Dome"}],"items_purged_floors":[12,36,45],"is_endless":false,"potions_floor_spawned":[7,10,11,16,18,27,30,38,46,48],"ascension_level":0}