{"gold_per_floor":[119,119,119,119,130,156,170,170,170,198,258,258,12,25,25,97,97,112,112,124,138,154,154,154],"floor_reached":24,"playtime":767,"items_purged":[],"score":462,"play_id":"d4887003-5889-4e59-aa7c-3ddaf27c4dbf","local_time":"20190220173054","is_ascension_mode":true,"campfire_choices":[{"data":"Sunder","floor":8,"key":"SMITH"},{"data":"Consume","floor":12,"key":"SMITH"},{"data":"Dualcast","floor":15,"key":"SMITH"},{"floor":23,"key":"REST"}],"neow_cost":"NONE","seed_source_timestamp":20075576437600,"circlet_count":0,"master_deck":["AscendersBane","Strike_B","Strike_B","Strike_B","Strike_B","Defend_B","Defend_B","Zap","Dualcast+1","Cold Snap","Force Field","Coolheaded","Sunder+1","Coolheaded","Consume+1","Biased Cognition","Melter","Darkness","Cold Snap","Recycle"],"relics":["Cracked Core","NeowsBlessing","Calipers","Smiling Mask","Letter Opener","Bag of Marbles","Dead Branch","Membership Card","Runic Dome"],"potions_floor_usage":[10,10,16,20,22,24],"damage_taken":[{"damage":0,"enemies":"Cultist","floor":1,"turns":1},{"damage":0,"enemies":"Small Slimes","floor":5,"turns":1},{"damage":0,"enemies":"Lagavulin","floor":6,"turns":1},{"damage":5,"enemies":"Jaw Worm","floor":7,"turns":3},{"damage":12,"enemies":"3 Sentries","floor":10,"turns":10},{"damage":3,"enemies":"3 Sentries","floor":11,"turns":5},{"damage":25,"enemies":"Gremlin Gang","floor":14,"turns":4},{"damage":7,"enemies":"Hexaghost","floor":16,"turns":11},{"damage":16,"enemies":"Shell Parasite","floor":18,"turns":6},{"damage":0,"enemies":"Chosen","floor":20,"turns":4},{"damage":32,"enemies":"Snake Plant","floor":21,"turns":3},{"damage":0,"enemies":"Sentry and Sphere","floor":22,"turns":2},{"damage":17,"enemies":"Slavers","floor":24,"turns":2}],"seed_played":"-7246929747879274620","potions_obtained":[{"floor":1,"key":"Explosive Potion"},{"floor":7,"key":"Block Potion"},{"floor":16,"key":"FearPotion"},{"floor":18,"key":"GamblersBrew"},{"floor":22,"key":"Fire Potion"}],"is_trial":false,"path_per_floor":["M","?","?","?","M","E","M","R","T","E","?","R","$","M","R","B",null,"M","?","M","M","M","R","E"],"character_chosen":"DEFECT","items_purchased":["Membership Card","PowerPotion"],"campfire_rested":1,"item_purchase_floors":[13,13],"current_hp_per_floor":[64,64,64,64,64,64,59,59,59,47,44,44,44,19,19,12,56,40,40,40,8,8,29,12],"gold":154,"neow_bonus":"THREE_ENEMY_KILL","is_prod":false,"is_daily":false,"chose_seed":false,"campfire_upgraded":3,"win_rate":0,"timestamp":1550651454,"path_taken":["M","?","?","?","?","E","M","R","T","E","?","R","$","M","R","BOSS","M","?","M","M","M","R","E"],"build_version":"2019-01-23","purchased_purges":0,"victory":false,"max_hp_per_floor":[71,71,71,71,71,71,71,71,71,71,71,71,71,71,71,71,71,71,71,71,71,71,71,71],"card_choices":[{"not_picked":["Skim","Doom and Gloom"],"picked":"Cold Snap","floor":1},{"not_picked":["Go for the Eyes","Conserve Battery"],"picked":"Coolheaded","floor":5},{"not_picked":["Turbo","Go for the Eyes"],"picked":"Sunder","floor":6},{"not_picked":["Turbo","Stack"],"picked":"Coolheaded","floor":7},{"not_picked":["Stack","Lockon","Tempest"],"picked":"SKIP","floor":10},{"not_picked":["Sweeping Beam","Core Surge"],"picked":"Consume","floor":11},{"not_picked":["Compile Driver","Stack","Heatsinks"],"picked":"SKIP","floor":14},{"not_picked":["Multi-Cast","Reboot"],"picked":"Biased Cognition","floor":16},{"not_picked":["Aggregate","Tempest"],"picked":"Melter","floor":18},{"not_picked":["Beam Cell","Lockon"],"picked":"Cold Snap","floor":20},{"not_picked":["Rebound","Ball Lightning+1","Barrage"],"picked":"SKIP","floor":21},{"not_picked":["Gash+1","Sunder"],"picked":"Recycle","floor":22}],"player_experience":1677595,"relics_obtained":[{"floor":6,"key":"Smiling Mask"},{"floor":9,"key":"Letter Opener"},{"floor":10,"key":"Bag of Marbles"},{"floor":11,"key":"Dead Branch"}],"event_choices":[{"damage_healed":0,"gold_gain":0,"cards_transformed":["Defend_B"],"player_choice":"Change","damage_taken":0,"max_hp_gain":0,"max_hp_loss":0,"event_name":"Living Wall","floor":2,"gold_loss":0,"cards_obtained":["Force Field"]},{"damage_healed":0,"gold_gain":0,"player_choice":"Box","damage_taken":0,"relics_obtained":["Calipers"],"max_hp_gain":0,"max_hp_loss":0,"event_name":"Big Fish","floor":3,"gold_loss":0,"cards_obtained":["Regret"]},{"cards_removed":["Regret"],"damage_healed":0,"gold_gain":0,"player_choice":"Removed Curses","damage_taken":0,"max_hp_gain":0,"max_hp_loss":0,"event_name":"Fountain of Cleansing","floor":4,"gold_loss":0},{"damage_healed":0,"gold_gain":30,"player_choice":"Searched \u00273\u0027 times","damage_taken":0,"max_hp_gain":0,"max_hp_loss":0,"event_name":"Dead Adventurer","floor":11,"gold_loss":0},{"damage_healed":0,"gold_gain":0,"cards_transformed":["Defend_B"],"player_choice":"Transformed","damage_taken":0,"max_hp_gain":0,"max_hp_loss":0,"event_name":"Transmorgrifier","floor":19,"gold_loss":0,"cards_obtained":["Darkness"]}],"is_beta":false,"boss_relics":[{"not_picked":["Black Star","Pandora\u0027s Box"],"picked":"Runic Dome"}],"items_purged_floors":[],"is_endless":false,"potions_floor_spawned":[1,7,16,18,22],"killed_by":"Slavers","ascension_level":20}