{"gold_per_floor":[119,44,119,119,133,133,168,168,168,168,5,36,36,36,36,36],"floor_reached":16,"playtime":245,"items_purged":[],"score":258,"play_id":"fdd9c5f7-6a02-4375-9996-e82678e75ba6","local_time":"20190328151241","is_ascension_mode":true,"campfire_choices":[{"data":"Bash","floor":6,"key":"SMITH"},{"floor":15,"key":"REST"}],"neow_cost":"NONE","seed_source_timestamp":47244251335400,"circlet_count":0,"master_deck":["AscendersBane","Strike_R","Strike_R","Strike_R","Defend_R","Defend_R+1","Defend_R","Defend_R+1","Bash+1","Rampage","Entrench"],"relics":["Burning Blood","NeowsBlessing","Bronze Scales","Mercury Hourglass","Frozen Egg 2","Juzu Bracelet","Bird Faced Urn"],"potions_floor_usage":[16],"damage_taken":[{"damage":0,"enemies":"Jaw Worm","floor":1,"turns":1},{"damage":0,"enemies":"Small Slimes","floor":5,"turns":1},{"damage":0,"enemies":"Lagavulin","floor":7,"turns":1},{"damage":28,"enemies":"Gremlin Nob","floor":12,"turns":4},{"damage":37,"enemies":"The Guardian","floor":16,"turns":11}],"seed_played":"-1862982256131009083","potions_obtained":[{"floor":12,"key":"Strength Potion"}],"is_trial":false,"path_per_floor":["M","?","?","?","M","R","E","?","T","?","$","E","?","$","R","B"],"character_chosen":"IRONCLAD","items_purchased":["Juzu Bracelet"],"campfire_rested":1,"item_purchase_floors":[11],"current_hp_per_floor":[74,74,63,68,74,74,80,62,62,38,38,16,16,16,40,3],"gold":36,"neow_bonus":"THREE_ENEMY_KILL","is_prod":false,"is_daily":false,"chose_seed":false,"campfire_upgraded":1,"win_rate":0,"timestamp":1553753561,"path_taken":["M","?","?","?","M","R","E","?","T","?","?","E","?","?","R","BOSS"],"build_version":"2019-01-23","purchased_purges":0,"victory":false,"max_hp_per_floor":[75,75,75,80,80,80,80,80,80,80,80,80,80,80,80,80],"card_choices":[{"not_picked":["Perfected Strike","Headbutt","Havoc"],"picked":"SKIP","floor":1},{"not_picked":["Feel No Pain","Sentinel"],"picked":"Rampage","floor":5},{"not_picked":["Cleave","Sword Boomerang"],"picked":"Entrench","floor":7},{"not_picked":["Wild Strike","Flex","Thunderclap"],"picked":"SKIP","floor":12}],"player_experience":2673188,"relics_obtained":[{"floor":7,"key":"Bronze Scales"},{"floor":9,"key":"Frozen Egg 2"},{"floor":12,"key":"Bird Faced Urn"}],"event_choices":[{"cards_removed":["Strike_R"],"damage_healed":0,"gold_gain":0,"player_choice":"Card Removal","damage_taken":0,"max_hp_gain":0,"max_hp_loss":0,"event_name":"The Cleric","floor":2,"gold_loss":75},{"damage_healed":0,"gold_gain":75,"player_choice":"Gather Gold","damage_taken":11,"max_hp_gain":0,"max_hp_loss":0,"event_name":"World of Goop","floor":3,"gold_loss":0},{"damage_healed":0,"gold_gain":0,"player_choice":"Donut","damage_taken":0,"max_hp_gain":5,"max_hp_loss":0,"event_name":"Big Fish","floor":4,"gold_loss":0},{"damage_healed":0,"gold_gain":0,"player_choice":"Success","damage_taken":18,"relics_obtained":["Mercury Hourglass"],"max_hp_gain":0,"max_hp_loss":0,"event_name":"Scrap Ooze","floor":8,"gold_loss":0},{"damage_healed":0,"gold_gain":0,"player_choice":"Entered Light","damage_taken":24,"max_hp_gain":0,"max_hp_loss":0,"event_name":"Shining Light","floor":10,"gold_loss":0,"cards_upgraded":["Defend_R","Defend_R"]},{"cards_removed":["Strike_R"],"damage_healed":0,"gold_gain":0,"player_choice":"Offered Basic","damage_taken":0,"max_hp_gain":0,"max_hp_loss":0,"event_name":"Bonfire Elementals","floor":13,"gold_loss":0}],"is_beta":false,"boss_relics":[],"items_purged_floors":[],"is_endless":false,"potions_floor_spawned":[12],"killed_by":"The Guardian","ascension_level":20}