{"gold_per_floor":[117,117,192,39,51,51,107,107,132,42,42,42,53,72,72,72],"floor_reached":16,"playtime":253,"items_purged":["Strike_R"],"score":196,"play_id":"05161426-1261-4b09-84ce-93e3f7f5d20e","local_time":"20190425190641","is_ascension_mode":true,"campfire_choices":[{"data":"Bash","floor":6,"key":"SMITH"},{"data":"Inflame","floor":8,"key":"SMITH"},{"data":"Seeing Red","floor":12,"key":"SMITH"},{"floor":15,"key":"RECALL"}],"neow_cost":"NONE","seed_source_timestamp":285663551512600,"circlet_count":0,"master_deck":["AscendersBane","Strike_R","Strike_R","Strike_R","Strike_R","Defend_R","Defend_R","Defend_R","Defend_R","Bash+1","Seeing Red+1","Inflame+1","Evolve"],"relics":["Runic Pyramid","Pear","Tiny Chest","Pantograph"],"potions_floor_usage":[],"damage_taken":[{"damage":6,"enemies":"Jaw Worm","floor":1,"turns":8},{"damage":7,"enemies":"Small Slimes","floor":5,"turns":3},{"damage":25,"enemies":"Lagavulin","floor":7,"turns":7},{"damage":2,"enemies":"2 Louse","floor":13,"turns":3},{"damage":7,"enemies":"Looter","floor":14,"turns":3},{"damage":0,"enemies":"The Guardian","floor":16,"turns":1}],"seed_played":"5901721168270040958","potions_obtained":[{"floor":1,"key":"LiquidBronze"},{"floor":7,"key":"FearPotion"}],"is_trial":false,"path_per_floor":["M","?","?","$","M","R","E","R","T","$","T","R","M","M","R","B"],"character_chosen":"IRONCLAD","items_purchased":["Inflame","Evolve"],"campfire_rested":0,"item_purchase_floors":[4,10],"current_hp_per_floor":[62,67,56,56,49,49,24,24,24,24,24,24,22,15,15,40],"gold":72,"neow_bonus":"BOSS_RELIC","is_prod":false,"is_daily":false,"chose_seed":false,"campfire_upgraded":3,"win_rate":0,"timestamp":1556186801,"path_taken":["M","?","?","$","M","R","E","R","T","?","?","R","M","M","R","BOSS"],"build_version":"2019-01-23","purchased_purges":1,"victory":false,"max_hp_per_floor":[75,85,85,85,85,85,85,85,85,85,85,85,85,85,85,85],"card_choices":[{"not_picked":["Heavy Blade","Fire Breathing"],"picked":"Seeing Red","floor":1},{"not_picked":["Iron Wave","Headbutt","Clothesline"],"picked":"SKIP","floor":5},{"not_picked":["Thunderclap","Corruption","Pummel"],"picked":"SKIP","floor":7},{"not_picked":["Cleave","Iron Wave","Wild Strike"],"picked":"SKIP","floor":13},{"not_picked":["Iron Wave","Uppercut","Blood for Blood"],"picked":"SKIP","floor":14}],"player_experience":3372965,"relics_obtained":[{"floor":7,"key":"Tiny Chest"},{"floor":11,"key":"Pantograph"}],"event_choices":[{"damage_healed":0,"gold_gain":0,"player_choice":"Success","damage_taken":5,"relics_obtained":["Pear"],"max_hp_gain":0,"max_hp_loss":0,"event_name":"Scrap Ooze","floor":2,"gold_loss":0},{"damage_healed":0,"gold_gain":75,"player_choice":"Gather Gold","damage_taken":11,"max_hp_gain":0,"max_hp_loss":0,"event_name":"World of Goop","floor":3,"gold_loss":0}],"is_beta":false,"boss_relics":[],"items_purged_floors":[4],"is_endless":false,"potions_floor_spawned":[1,7],"killed_by":"The Guardian","ascension_level":20}