{"gold_per_floor":[116,6,6,24,39,70,70,170,170,204,154,154,174,196,196,196],"floor_reached":16,"playtime":437,"items_purged":["Strike_B"],"score":216,"play_id":"538b4dc9-de92-4310-b233-0727df7a0a72","local_time":"20190421144058","is_ascension_mode":true,"campfire_choices":[{"floor":7,"key":"REST"},{"floor":12,"key":"REST"},{"data":"Turbo","floor":15,"key":"SMITH"}],"neow_cost":"NONE","seed_source_timestamp":470643765256800,"circlet_count":0,"master_deck":["AscendersBane","Strike_B","Strike_B","Strike_B","Defend_B","Defend_B","Defend_B","Defend_B","Zap","Dualcast","Meteor Strike","Double Energy+1","Coolheaded","Cold Snap","Turbo+1","Darkness","Meteor Strike"],"relics":["Cracked Core","Incense Burner","Smiling Mask","Odd Mushroom"],"potions_floor_usage":[6,10],"damage_taken":[{"damage":1,"enemies":"Cultist","floor":1,"turns":3},{"damage":4,"enemies":"Small Slimes","floor":4,"turns":3},{"damage":4,"enemies":"2 Louse","floor":5,"turns":3},{"damage":34,"enemies":"Lagavulin","floor":6,"turns":8},{"damage":31,"enemies":"Gremlin Nob","floor":10,"turns":4},{"damage":2,"enemies":"Large Slime","floor":13,"turns":6},{"damage":0,"enemies":"The Mushroom Lair","floor":14,"turns":3},{"damage":30,"enemies":"Hexaghost","floor":16,"turns":7}],"seed_played":"-3690782676963510074","potions_obtained":[{"floor":5,"key":"Fire Potion"},{"floor":6,"key":"Fire Potion"},{"floor":14,"key":"Fire Potion"}],"is_trial":false,"path_per_floor":["M","$","?","M","M","E","R","?","T","E","$","R","M","?","R","B"],"character_chosen":"DEFECT","items_purchased":["Double Energy","Coolheaded"],"campfire_rested":2,"item_purchase_floors":[2,2],"current_hp_per_floor":[63,63,63,59,55,21,42,42,42,11,11,32,30,30,30,0],"gold":196,"neow_bonus":"ONE_RANDOM_RARE_CARD","is_prod":false,"is_daily":false,"chose_seed":false,"campfire_upgraded":1,"win_rate":0,"timestamp":1555825258,"path_taken":["M","$","?","M","M","E","R","?","T","E","$","R","?","?","R","BOSS"],"build_version":"2019-01-23","purchased_purges":1,"victory":false,"max_hp_per_floor":[71,71,71,71,71,71,71,71,71,71,71,71,71,71,71,71],"card_choices":[{"not_picked":["Hologram","Scrape","Steam"],"picked":"SKIP","floor":1},{"not_picked":["Streamline","Coolheaded"],"picked":"Cold Snap","floor":4},{"not_picked":["Scrape","Stack"],"picked":"Turbo","floor":5},{"not_picked":["Static Discharge","Go for the Eyes"],"picked":"Darkness","floor":6},{"not_picked":["Melter","White Noise"],"picked":"Meteor Strike","floor":10},{"not_picked":["Turbo","Chaos","Steam"],"picked":"SKIP","floor":13}],"player_experience":3274203,"relics_obtained":[{"floor":6,"key":"Incense Burner"},{"floor":10,"key":"Smiling Mask"},{"floor":14,"key":"Odd Mushroom"}],"event_choices":[{"damage_healed":0,"gold_gain":0,"player_choice":"Grow","damage_taken":0,"max_hp_gain":0,"max_hp_loss":0,"event_name":"Living Wall","floor":3,"gold_loss":0,"cards_upgraded":["Double Energy"]},{"damage_healed":0,"gold_gain":100,"player_choice":"Gold","damage_taken":0,"max_hp_gain":0,"max_hp_loss":0,"event_name":"Wheel of Change","floor":8,"gold_loss":0},{"damage_healed":0,"gold_gain":0,"player_choice":"Fought Mushrooms","damage_taken":0,"max_hp_gain":0,"max_hp_loss":0,"event_name":"Mushrooms","floor":14,"gold_loss":0}],"is_beta":false,"boss_relics":[],"items_purged_floors":[11],"is_endless":false,"potions_floor_spawned":[5,6,14],"killed_by":"Hexaghost","ascension_level":20}