{"path_per_floor":["M","$","?","M","M","R","E","?","T","R","?","M","M","M","R","B",null,"M","$","?","M","M","E","R","M","T","M","R","M","$","E","R","B",null,"M","?","M","$","M","R","E","?","T","E","$","R","?","M","R"],"character_chosen":"IRONCLAD","items_purchased":["Flex","Iron Wave","Jack Of All Trades","Pen Nib","Lantern","Shrug It Off","Headbutt","Secret Weapon","Regen Potion","Weak Potion"],"gold_per_floor":[111,38,213,232,245,245,273,273,300,300,300,319,336,346,346,449,449,459,7,7,17,30,63,63,83,108,119,119,136,110,144,144,239,239,250,250,261,59,74,74,107,107,107,141,42,42,42,54,54],"floor_reached":50,"campfire_rested":5,"playtime":4637,"current_hp_per_floor":[80,80,80,80,80,80,54,54,54,79,76,85,92,96,96,81,100,95,95,79,70,65,62,92,96,96,94,94,94,94,108,108,76,108,108,98,87,87,86,108,21,21,21,43,43,75,75,62,95],"items_purged":[],"gold":54,"play_id":"6b85a31e-671a-42aa-a191-17f25178665a","is_prod":false,"is_daily":false,"is_ascension_mode":false,"campfire_upgraded":4,"path_taken":["M","$","?","M","M","R","E","?","T","R","?","M","M","M","R","BOSS","M","$","?","M","M","E","R","M","T","M","R","M","$","E","R","BOSS","M","?","M","$","M","R","E","?","T","E","$","R","?","M","R","BOSS"],"build_version":"2018-02-01-PROD3","purchased_purges":1,"victory":false,"master_deck":["Strike_R","Strike_R","Strike_R","Strike_R","Strike_R","Defend_R","Defend_R","Defend_R","Defend_R","Bash","Cleave","Flex","Iron Wave","Feed+1","Anger","Flame Barrier","Bash","Fiend Fire","Clash","Warcry","Searing Blow+3","Double Tap","Inflame","Jack Of All Trades","Shrug It Off","Infernal Blade","Clothesline","Twin Strike","Sentinel","Pommel Strike+1","Iron Wave","Headbutt","Seeing Red","Exhume","Infernal Blade+1","Madness","Madness","Anger+1","Secret Weapon","Iron Wave+1","Cleave+1","Necronomicurse","Anger+1","Inflame+1"],"max_hp_per_floor":[80,80,80,80,80,80,84,84,84,84,84,88,92,96,96,100,100,100,100,100,100,100,100,100,104,104,104,104,108,108,108,108,108,108,108,108,108,108,108,108,108,108,108,108,108,108,108,112,112],"relics":["Burning Blood","Oddly Smooth Stone","Ginger","Anchor","Torii","Lizard Tail","Pen Nib","Lantern","Necronomicon","Matryoshka","Vajra","Juzu Bracelet","Red Skull","Black Star","Frozen Egg 2","Bottled Flame","Omamori","Calipers","Happy Flower","Orichalcum"],"card_choices":[{"not_picked":["Hemokinesis","Twin Strike"],"picked":"Cleave"},{"not_picked":["Shrug It Off","Body Slam"],"picked":"Feed"},{"not_picked":["Flex","Twin Strike"],"picked":"Anger"},{"not_picked":["Rupture","Fire Breathing"],"picked":"Flame Barrier"},{"not_picked":["Metallicize","Perfected Strike"],"picked":"Clash"},{"not_picked":["Havoc","Clash"],"picked":"Warcry"},{"not_picked":["True Grit","Heavy Blade"],"picked":"Searing Blow"},{"not_picked":["Limit Break","Offering"],"picked":"Double Tap"},{"not_picked":["Iron Wave","Twin Strike"],"picked":"Inflame"},{"not_picked":["Headbutt","Burning Pact"],"picked":"Infernal Blade"},{"not_picked":["Feel No Pain","Reckless Charge"],"picked":"Clothesline"},{"not_picked":["Havoc","Anger"],"picked":"Twin Strike"},{"not_picked":["Reckless Charge","Anger"],"picked":"Sentinel"},{"not_picked":["Dropkick","Battle Trance"],"picked":"Pommel Strike"},{"not_picked":["Warcry","Metallicize"],"picked":"Iron Wave"},{"not_picked":["Rupture","Reckless Charge"],"picked":"Seeing Red"},{"not_picked":["Fiend Fire","Berserk"],"picked":"Exhume"},{"not_picked":["Shrug It Off","Clothesline"],"picked":"Infernal Blade"},{"not_picked":["Perfected Strike","Seeing Red"],"picked":"Anger"},{"not_picked":["Perfected Strike","Berserk"],"picked":"Iron Wave"},{"not_picked":["Spot Weakness","True Grit"],"picked":"Cleave"},{"not_picked":["Dropkick","Clothesline"],"picked":"Anger"},{"not_picked":["Headbutt","True Grit"],"picked":"Inflame"}],"player_experience":54134,"potions_floor_usage":[16,23,35,37,39,41,44,50,50,50],"damage_taken":[{"damage":0,"enemies":"Cultist","floor":1,"turns":3},{"damage":0,"enemies":"Small Slimes","floor":4,"turns":3},{"damage":0,"enemies":"Jaw Worm","floor":5,"turns":3},{"damage":36,"enemies":"3 Sentries","floor":7,"turns":7},{"damage":1,"enemies":"Exordium Wildlife","floor":12,"turns":4},{"damage":1,"enemies":"Lots of Slimes","floor":13,"turns":2},{"damage":0,"enemies":"2 Fungi Beasts","floor":14,"turns":3},{"damage":25,"enemies":"Slime Boss","floor":16,"turns":11},{"damage":11,"enemies":"Spheric Guardian","floor":18,"turns":4},{"damage":15,"enemies":"Chosen","floor":21,"turns":4},{"damage":11,"enemies":"Centurion and Healer","floor":22,"turns":5},{"damage":9,"enemies":"Slavers","floor":23,"turns":6},{"damage":6,"enemies":"Snecko","floor":25,"turns":3},{"damage":8,"enemies":"Snake Plant","floor":27,"turns":2},{"damage":10,"enemies":"Sentry and Sphere","floor":29,"turns":3},{"damage":1,"enemies":"Gremlin Leader","floor":31,"turns":5},{"damage":38,"enemies":"Champ","floor":33,"turns":8},{"damage":1,"enemies":"Orb Walker","floor":35,"turns":2},{"damage":26,"enemies":"3 Shapes","floor":37,"turns":4},{"damage":19,"enemies":"Maw","floor":39,"turns":6},{"damage":93,"enemies":"Giant Head","floor":41,"turns":9},{"damage":50,"enemies":"Nemesis","floor":44,"turns":7},{"damage":23,"enemies":"Sphere and 2 Shapes","floor":48,"turns":4},{"damage":134,"enemies":"Time Eater","floor":50,"turns":10}],"event_choices":[{"event_name":"Liars Game","player_choice":"agreed","floor":3,"damage_taken":0},{"event_name":"Match and Keep!","player_choice":"2 cards matched","floor":8,"damage_taken":0},{"event_name":"Scrap Ooze","player_choice":"success","floor":11,"damage_taken":3},{"event_name":"Cursed Tome","player_choice":"Obtained Book","floor":20,"damage_taken":0},{"event_name":"Winding Halls","player_choice":"Embrace Madness","floor":36,"damage_taken":0},{"event_name":"Fountain of Cleansing","player_choice":"Removed Curse","floor":42,"damage_taken":0},{"event_name":"Mysterious Sphere","player_choice":"Ignore","floor":47,"damage_taken":0}],"boss_relics":[{"not_picked":["Philosopher\u0027s Stone","Astrolabe"],"picked":"Lizard Tail"},{"not_picked":["Snecko Eye","Runic Dome"],"picked":"Black Star"}],"potions_floor_spawned":[4,13,14,18,25,27,29,37,39,41,44],"seed_played":"-1975501232854083553","killed_by":"Time Eater","ascension_level":0,"is_trial":false}