{"gold_per_floor":[117,41,58,58,68,68,82,82,82,115,127,127,182,196,196,274,274,291,311,15,15,15,46,46,63,63,113,131,131,145,145,145,220,220,240,1239,1239,573,573,573,587,614,638,668,143,169,181,209,209,209,209,209,209,25,58,58],"floor_reached":56,"playtime":2918,"items_purged":["Regret","Normality","Normality"],"score":2616,"play_id":"dd6194d9-4e57-42b1-87af-05cba3069716","local_time":"20190214114055","is_ascension_mode":true,"campfire_choices":[{"floor":12.0,"key":"REST"},{"floor":15.0,"key":"REST"},{"data":"Consume","floor":24.0,"key":"SMITH"},{"floor":29.0,"key":"REST"},{"data":"Creative AI","floor":32.0,"key":"SMITH"},{"data":"Buffer","floor":40.0,"key":"SMITH"},{"floor":49.0,"key":"RECALL"},{"data":"Capacitor","floor":53.0,"key":"SMITH"}],"neow_cost":"TEN_PERCENT_HP_LOSS","seed_source_timestamp":3820529842400,"circlet_count":0,"master_deck":["AscendersBane","Strike_B","Strike_B","Strike_B","Defend_B","Defend_B","Defend_B","Zap","Dualcast","Creative AI+1","Cold Snap","Capacitor+1","Consume+1","Electrodynamics","White Noise+1","Undo+1","Buffer+1","Glacier+1","Ghostly+1","Ghostly+1","Ghostly+1","Hologram+1","Conserve Battery+1","Glacier+1","Ghostly+1","Amplify+1","Turbo+1","Loop+1","Master of Strategy+1","Glacier+1","Coolheaded+1","Consume+1","Biased Cognition+1","Loop+1","Coolheaded+1","Blizzard","Biased Cognition+1"],"special_seed":0,"relics":["Cracked Core","Thread and Needle","FossilizedHelix","Lantern","Art of War","Toxic Egg 2","Philosopher\u0027s Stone","ClockworkSouvenir","Frozen Egg 2","Bottled Tornado","Coffee Dripper","Sling","Orichalcum","Dodecahedron","Mummified Hand","Lee\u0027s Waffle","Bag of Preparation","Darkstone Periapt","Boot","Pantograph"],"potions_floor_usage":[56,56],"damage_taken":[{"damage":1.0,"enemies":"Cultist","floor":1.0,"turns":3.0},{"damage":12.0,"enemies":"Jaw Worm","floor":3.0,"turns":6.0},{"damage":5.0,"enemies":"Small Slimes","floor":5.0,"turns":3.0},{"damage":0.0,"enemies":"Looter","floor":7.0,"turns":4.0},{"damage":41.0,"enemies":"Gremlin Nob","floor":10.0,"turns":5.0},{"damage":0.0,"enemies":"2 Fungi Beasts","floor":11.0,"turns":2.0},{"damage":16.0,"enemies":"Lagavulin Event","floor":13.0,"turns":5.0},{"damage":1.0,"enemies":"Large Slime","floor":14.0,"turns":4.0},{"damage":19.0,"enemies":"Hexaghost","floor":16.0,"turns":8.0},{"damage":4.0,"enemies":"Spheric Guardian","floor":18.0,"turns":5.0},{"damage":28.0,"enemies":"3 Byrds","floor":19.0,"turns":3.0},{"damage":0.0,"enemies":"Slavers","floor":23.0,"turns":4.0},{"damage":10.0,"enemies":"Centurion and Healer","floor":25.0,"turns":5.0},{"damage":0.0,"enemies":"Sentry and Sphere","floor":28.0,"turns":6.0},{"damage":0.0,"enemies":"Snecko","floor":30.0,"turns":6.0},{"damage":0.0,"enemies":"Automaton","floor":33.0,"turns":10.0},{"damage":0.0,"enemies":"3 Darklings","floor":35.0,"turns":6.0},{"damage":0.0,"enemies":"Orb Walker","floor":41.0,"turns":7.0},{"damage":0.0,"enemies":"Reptomancer","floor":42.0,"turns":6.0},{"damage":0.0,"enemies":"Nemesis","floor":44.0,"turns":12.0},{"damage":0.0,"enemies":"Reptomancer","floor":46.0,"turns":5.0},{"damage":0.0,"enemies":"Jaw Worm Horde","floor":47.0,"turns":2.0},{"damage":8.0,"enemies":"Nemesis","floor":48.0,"turns":6.0},{"damage":0.0,"enemies":"Donu and Deca","floor":50.0,"turns":11.0},{"damage":0.0,"enemies":"Awakened One","floor":51.0,"turns":23.0},{"damage":16.0,"enemies":"Shield and Spear","floor":55.0,"turns":5.0},{"damage":36,"enemies":"The Heart","floor":56,"turns":3}],"seed_played":"-6755825420099439613","potions_obtained":[{"floor":5.0,"key":"SpeedPotion"},{"floor":11.0,"key":"LiquidBronze"},{"floor":14.0,"key":"Block Potion"},{"floor":16.0,"key":"EssenceOfSteel"},{"floor":25.0,"key":"Explosive Potion"},{"floor":28.0,"key":"SkillPotion"},{"floor":33.0,"key":"SpeedPotion"},{"floor":35.0,"key":"Energy Potion"},{"floor":41.0,"key":"Weak Potion"}],"is_trial":false,"path_per_floor":["M","$","M","?","M","T","M","?","T","E","M","R","?","M","R","B",null,"M","M","$","?","?","E","R","M","T","?","M","R","M","?","R","B",null,"M","?","?","$","?","R","M","E","T","E","$","E","M","E","R","B","B",null,"R","$","E","B"],"character_chosen":"DEFECT","items_purchased":["Capacitor","ClockworkSouvenir","Loop+1","Sling","FocusPotion","Orichalcum","Lee\u0027s Waffle","Bag of Preparation","Loop+1","Coolheaded+1","Blizzard"],"campfire_rested":3,"item_purchase_floors":[2,20,38,38,38,38,45,45,54,54,54],"current_hp_per_floor":[63,63,51,51,46,46,46,46,46,5,5,24,8,7,26,7,50,46,18,18,18,18,18,18,8,8,8,8,17,17,17,17,17,28,28,28,28,28,28,28,28,28,28,28,39,39,39,31,31,31,31,37,37,37,21,3],"gold":58,"neow_bonus":"THREE_RARE_CARDS","is_prod":false,"is_daily":false,"chose_seed":false,"campfire_upgraded":4,"win_rate":0,"timestamp":1550112055,"path_taken":["M","?","M","?","?","?","?","?","T","E","M","R","?","M","R","BOSS","M","M","$","?","?","E","R","M","T","?","M","R","?","?","R","BOSS","M","?","?","$","?","R","M","E","T","E","$","E","M","E","R","BOSS","BOSS","R","$","E","BOSS"],"build_version":"2019-01-23","purchased_purges":3,"victory":false,"max_hp_per_floor":[64,64,64,64,64,64,64,64,64,64,64,64,64,64,64,64,64,64,64,64,32,32,32,32,32,32,32,32,32,32,32,32,32,32,32,32,32,32,32,32,32,32,32,32,39,39,39,39,39,39,39,39,39,39,39,39],"card_choices":[{"not_picked":["Fission","Amplify"],"picked":"Creative AI","floor":0.0},{"not_picked":["Beam Cell","Go for the Eyes"],"picked":"Cold Snap","floor":1.0},{"not_picked":["Capacitor","Aggregate","Stack"],"picked":"SKIP","floor":3.0},{"not_picked":["Compile Driver","Stack","Rebound"],"picked":"SKIP","floor":5.0},{"not_picked":["Ball Lightning","Double Energy","Lockon"],"picked":"SKIP","floor":7.0},{"not_picked":["Reprogram","Reinforced Body"],"picked":"Electrodynamics","floor":10.0},{"not_picked":["Doom and Gloom","Melter","Go for the Eyes"],"picked":"SKIP","floor":11.0},{"not_picked":["Sunder","Beam Cell"],"picked":"White Noise","floor":13.0},{"not_picked":["FTL","Rip and Tear"],"picked":"Undo+1","floor":14.0},{"not_picked":["Multi-Cast+1","Electrodynamics"],"picked":"Buffer","floor":16.0},{"not_picked":["Sweeping Beam","Stack+1","Reprogram+1"],"picked":"SKIP","floor":18.0},{"not_picked":["Sweeping Beam+1","Beam Cell"],"picked":"Glacier+1","floor":19.0},{"not_picked":["Storm","Beam Cell"],"picked":"Hologram+1","floor":23.0},{"not_picked":["Redo+1","Compile Driver","Rebound"],"picked":"SKIP","floor":25.0},{"not_picked":["Beam Cell","Hologram+1"],"picked":"Conserve Battery+1","floor":28.0},{"not_picked":["Darkness+1","Beam Cell"],"picked":"Glacier+1","floor":30.0},{"not_picked":["Multi-Cast+1","Echo Form+1"],"picked":"Amplify+1","floor":33.0},{"not_picked":["Barrage","Ball Lightning"],"picked":"Turbo+1","floor":35.0},{"not_picked":["PanicButton+1","HandOfGreed"],"picked":"Master of Strategy+1","floor":39.0},{"not_picked":["Hologram+1","Stack+1"],"picked":"Glacier+1","floor":41.0},{"not_picked":["Rebound+1","Conserve Battery+1"],"picked":"Coolheaded+1","floor":42.0},{"not_picked":["Tempest+1","Stack+1"],"picked":"Consume+1","floor":44.0},{"not_picked":["Defragment+1","Ball Lightning+1"],"picked":"Biased Cognition+1","floor":46.0},{"not_picked":["Leap+1","Redo+1","Turbo+1"],"picked":"SKIP","floor":47.0},{"not_picked":["Beam Cell","Leap+1","Go for the Eyes"],"picked":"SKIP","floor":48.0},{"not_picked":["Barrage","Doom and Gloom+1"],"picked":"Biased Cognition+1","floor":55.0}],"player_experience":1558680,"relics_obtained":[{"floor":6.0,"key":"Thread and Needle"},{"floor":9.0,"key":"Lantern"},{"floor":10.0,"key":"Art of War"},{"floor":13.0,"key":"Toxic Egg 2"},{"floor":23.0,"key":"Frozen Egg 2"},{"floor":26.0,"key":"Bottled Tornado"},{"floor":42.0,"key":"Dodecahedron"},{"floor":44.0,"key":"Mummified Hand"},{"floor":46.0,"key":"Darkstone Periapt"},{"floor":48.0,"key":"Boot"},{"floor":55.0,"key":"Pantograph"}],"event_choices":[{"damage_healed":0.0,"max_hp_gain":0.0,"max_hp_loss":0.0,"gold_gain":0.0,"cards_transformed":["Defend_B"],"event_name":"Transmorgrifier","player_choice":"Transformed","floor":4.0,"gold_loss":0.0,"damage_taken":0.0,"cards_obtained":["Consume"]},{"damage_healed":0.0,"max_hp_gain":0.0,"max_hp_loss":0.0,"gold_gain":0.0,"event_name":"Big Fish","player_choice":"Box","floor":8.0,"gold_loss":0.0,"damage_taken":0.0,"relics_obtained":["FossilizedHelix"],"cards_obtained":["Regret"]},{"damage_healed":0.0,"max_hp_gain":0.0,"max_hp_loss":0.0,"gold_gain":30.0,"event_name":"Dead Adventurer","player_choice":"Searched \u00272\u0027 times","floor":13.0,"gold_loss":0.0,"damage_taken":0.0},{"damage_healed":0.0,"max_hp_gain":0.0,"max_hp_loss":32.0,"gold_gain":0.0,"event_name":"Ghosts","player_choice":"Became a Ghost","floor":21.0,"gold_loss":0.0,"damage_taken":0.0,"cards_obtained":["Ghostly","Ghostly","Ghostly"]},{"damage_healed":0.0,"max_hp_gain":0.0,"max_hp_loss":0.0,"gold_gain":0.0,"event_name":"Beggar","player_choice":"Ignored","floor":22.0,"gold_loss":0.0,"damage_taken":0.0},{"damage_healed":0.0,"max_hp_gain":0.0,"max_hp_loss":0.0,"gold_gain":50.0,"event_name":"Golden Shrine","player_choice":"Pray","floor":27.0,"gold_loss":0.0,"damage_taken":0.0},{"damage_healed":0.0,"max_hp_gain":0.0,"max_hp_loss":0.0,"gold_gain":0.0,"event_name":"Duplicator","player_choice":"Copied","floor":31.0,"gold_loss":0.0,"damage_taken":0.0,"cards_obtained":["Ghostly"]},{"damage_healed":0.0,"max_hp_gain":0.0,"max_hp_loss":0.0,"gold_gain":999.0,"event_name":"MindBloom","player_choice":"Gold","floor":36.0,"gold_loss":0.0,"damage_taken":0.0,"cards_obtained":["Normality","Normality"]},{"cards_removed":["Strike_B"],"damage_healed":0.0,"max_hp_gain":0.0,"max_hp_loss":0.0,"gold_gain":0.0,"event_name":"Falling","player_choice":"Removed Attack","floor":37.0,"gold_loss":0.0,"damage_taken":0.0},{"damage_healed":0.0,"max_hp_gain":0.0,"max_hp_loss":0.0,"gold_gain":0.0,"event_name":"SensoryStone","player_choice":"Memory 1","floor":39.0,"gold_loss":0.0,"damage_taken":0.0}],"is_beta":false,"boss_relics":[{"not_picked":["Pandora\u0027s Box","Astrolabe"],"picked":"Philosopher\u0027s Stone"},{"not_picked":["Fusion Hammer","Velvet Choker"],"picked":"Coffee Dripper"}],"items_purged_floors":[20,38,45],"is_endless":false,"potions_floor_spawned":[5,11,14,16,25,28,33,35,41,44],"killed_by":"The Heart","ascension_level":20}