{"gold_per_floor":[360,360,360,360,360,360,381,424,424,449,462,462,55,120,120,214,214,214,214,157,157,157,157,157,29,29,29,29,29,29,29,29,29,29,29,29,29,29,29,29,29,29,29,29,29,29,29,29,29,29,29,29,29,29,29,29],"floor_reached":57,"playtime":2965,"items_purged":["Writhe","Defend_B"],"score":2741,"play_id":"8d1a75a2-28f6-4e08-8f1f-34eb791a1f29","local_time":"20190219162131","is_ascension_mode":true,"campfire_choices":[{"data":"Defragment","floor":6,"key":"SMITH"},{"floor":12,"key":"REST"},{"data":"Zap","floor":15,"key":"SMITH"},{"data":"Loop","floor":24,"key":"SMITH"},{"floor":28,"key":"REST"},{"floor":30,"key":"DIG"},{"floor":32,"key":"DIG"},{"floor":41,"key":"DIG"},{"floor":47,"key":"RECALL"},{"floor":49,"key":"DIG"},{"floor":53,"key":"DIG"}],"neow_cost":"CURSE","seed_source_timestamp":452681958460300,"circlet_count":0,"master_deck":["AscendersBane","Strike_B","Strike_B","Strike_B","Defend_B+1","Defend_B","Defend_B+1","Zap+1","Dualcast","Defragment+1","Glacier+1","Ball Lightning","Hologram+1","Cold Snap+1","Streamline+1","Electrodynamics","Cold Snap+1","Blizzard+1","Loop+1","Conserve Battery+1","Coolheaded+1","Fission+1","Seek+1","Capacitor","Core Surge+1","Loop"],"relics":["Cracked Core","Toxic Egg 2","Golden Idol","Mercury Hourglass","Molten Egg 2","Odd Mushroom","Bird Faced Urn","Tiny Chest","Ectoplasm","Singing Bowl","Pocketwatch","Shovel","Orichalcum","Torii","Calipers","Fusion Hammer","Thread and Needle","Anchor","Pen Nib","Frozen Egg 2","Pantograph","Ice Cream","Sundial","Bronze Scales"],"potions_floor_usage":[23,23,23,44,50,56],"damage_taken":[{"damage":4,"enemies":"Jaw Worm","floor":1,"turns":4},{"damage":0,"enemies":"2 Louse","floor":7,"turns":2},{"damage":15,"enemies":"3 Sentries","floor":8,"turns":15},{"damage":15,"enemies":"The Mushroom Lair","floor":10,"turns":4},{"damage":4,"enemies":"Small Slimes","floor":11,"turns":2},{"damage":3,"enemies":"Lagavulin","floor":14,"turns":8},{"damage":19,"enemies":"Hexaghost","floor":16,"turns":8},{"damage":0,"enemies":"Spheric Guardian","floor":18,"turns":3},{"damage":0,"enemies":"Chosen","floor":21,"turns":3},{"damage":14,"enemies":"Centurion and Healer","floor":22,"turns":6},{"damage":25,"enemies":"Slavers","floor":23,"turns":4},{"damage":0,"enemies":"Snake Plant","floor":27,"turns":4},{"damage":7,"enemies":"Book of Stabbing","floor":29,"turns":5},{"damage":0,"enemies":"Chosen and Byrds","floor":31,"turns":2},{"damage":1,"enemies":"Automaton","floor":33,"turns":13},{"damage":0,"enemies":"Orb Walker","floor":35,"turns":3},{"damage":0,"enemies":"3 Shapes","floor":37,"turns":4},{"damage":6,"enemies":"Spire Growth","floor":38,"turns":6},{"damage":10,"enemies":"Transient","floor":39,"turns":6},{"damage":0,"enemies":"Nemesis","floor":40,"turns":7},{"damage":0,"enemies":"Writhing Mass","floor":42,"turns":6},{"damage":0,"enemies":"Giant Head","floor":44,"turns":11},{"damage":0,"enemies":"3 Darklings","floor":46,"turns":5},{"damage":18,"enemies":"Awakened One","floor":50,"turns":17},{"damage":14,"enemies":"Donu and Deca","floor":51,"turns":10},{"damage":62,"enemies":"Shield and Spear","floor":55,"turns":9},{"damage":35,"enemies":"The Heart","floor":56,"turns":12}],"seed_played":"1370009225229079159","potions_obtained":[{"floor":7,"key":"Weak Potion"},{"floor":16,"key":"EntropicBrew"},{"floor":22,"key":"Block Potion"},{"floor":23,"key":"SteroidPotion"},{"floor":37,"key":"LiquidBronze"},{"floor":42,"key":"SkillPotion"},{"floor":44,"key":"Swift Potion"}],"is_trial":false,"path_per_floor":["M","?","?","?","?","R","M","E","T","?","M","R","$","E","R","B",null,"M","?","?","M","M","E","R","$","T","M","R","E","R","M","R","B",null,"M","$","M","M","M","E","R","M","T","E","T","M","R","T","R","B","B",null,"R","$","E","B",null],"character_chosen":"DEFECT","items_purchased":["Bird Faced Urn","Conserve Battery+1"],"campfire_rested":2,"item_purchase_floors":[13,25],"current_hp_per_floor":[60,55,34,57,57,57,57,42,42,27,23,42,42,41,41,24,54,56,56,56,60,50,33,33,33,33,39,58,57,57,63,63,66,66,68,68,70,64,62,70,70,74,74,74,74,76,76,76,76,64,62,73,73,73,23,23],"gold":29,"neow_bonus":"TWO_FIFTY_GOLD","is_prod":false,"is_daily":false,"chose_seed":false,"campfire_upgraded":3,"win_rate":0,"timestamp":1550560891,"path_taken":["M","?","?","?","?","R","?","E","T","?","M","R","?","E","R","BOSS","M","?","?","?","M","E","R","$","T","M","R","E","R","M","R","BOSS","M","$","M","M","M","E","R","M","T","E","?","M","R","?","R","BOSS","BOSS","R","$","E","BOSS"],"build_version":"2019-01-23","purchased_purges":2,"victory":true,"max_hp_per_floor":[71,71,71,71,64,64,64,64,64,64,64,64,64,64,64,64,64,64,64,64,64,64,64,64,64,64,64,64,64,64,66,66,66,66,68,68,70,70,72,72,72,74,74,74,74,76,76,76,76,76,76,76,76,76,78,78],"card_choices":[{"not_picked":["Barrage","Compile Driver"],"picked":"Defragment","floor":1},{"not_picked":["Capacitor","Hologram+1"],"picked":"Glacier+1","floor":7},{"not_picked":["Streamline","Rebound"],"picked":"Ball Lightning","floor":8},{"not_picked":["Sweeping Beam+1","Reprogram+1"],"picked":"Hologram+1","floor":10},{"not_picked":["Barrage+1","Aggregate+1"],"picked":"Cold Snap+1","floor":11},{"not_picked":["Redo+1","Hello World"],"picked":"Streamline+1","floor":14},{"not_picked":["Amplify+1","All For One+1"],"picked":"Electrodynamics","floor":16},{"not_picked":["Static Discharge","Ball Lightning+1","Aggregate+1"],"picked":"SKIP","floor":18},{"not_picked":["Barrage+1","Go for the Eyes+1"],"picked":"Cold Snap+1","floor":21},{"not_picked":["Leap+1","Go for the Eyes+1"],"picked":"Blizzard+1","floor":22},{"not_picked":["Skim+1","Turbo+1"],"picked":"Loop","floor":23},{"not_picked":["Stack+1","Turbo+1"],"picked":"Coolheaded+1","floor":27},{"not_picked":["Fusion+1","BootSequence+1"],"picked":"Fission+1","floor":29},{"not_picked":["Steam Power+1","Redo+1","Sunder+1"],"picked":"Singing Bowl","floor":31},{"not_picked":["Core Surge+1","Amplify+1"],"picked":"Seek+1","floor":33},{"not_picked":["Force Field+1","Cold Snap+1","Doom and Gloom+1"],"picked":"Singing Bowl","floor":35},{"not_picked":["Beam Cell+1","Streamline+1","Rip and Tear+1"],"picked":"Singing Bowl","floor":37},{"not_picked":["Auto Shields+1","Sweeping Beam+1"],"picked":"Capacitor","floor":38},{"not_picked":["Aggregate+1","Lockon+1","Force Field+1"],"picked":"Singing Bowl","floor":39},{"not_picked":["Hello World","Ball Lightning+1"],"picked":"Core Surge+1","floor":40},{"not_picked":["Rebound+1","Cold Snap+1","Hologram+1"],"picked":"Singing Bowl","floor":42},{"not_picked":["Chaos+1","FTL+1"],"picked":"Loop","floor":44},{"not_picked":["Hologram+1","Fusion+1","Ball Lightning+1"],"picked":"Singing Bowl","floor":46},{"not_picked":["Skim+1","Sunder+1","Gash+1"],"picked":"Singing Bowl","floor":55}],"player_experience":1642837,"relics_obtained":[{"floor":8,"key":"Mercury Hourglass"},{"floor":9,"key":"Molten Egg 2"},{"floor":10,"key":"Odd Mushroom"},{"floor":14,"key":"Tiny Chest"},{"floor":23,"key":"Pocketwatch"},{"floor":26,"key":"Shovel"},{"floor":29,"key":"Orichalcum"},{"floor":30,"key":"Torii"},{"floor":32,"key":"Calipers"},{"floor":40,"key":"Thread and Needle"},{"floor":41,"key":"Anchor"},{"floor":44,"key":"Pen Nib"},{"floor":45,"key":"Frozen Egg 2"},{"floor":48,"key":"Pantograph"},{"floor":49,"key":"Ice Cream"},{"floor":53,"key":"Sundial"},{"floor":55,"key":"Bronze Scales"}],"event_choices":[{"damage_healed":0,"gold_gain":0,"player_choice":"Success","damage_taken":5,"relics_obtained":["Toxic Egg 2"],"max_hp_gain":0,"max_hp_loss":0,"event_name":"Scrap Ooze","floor":2,"gold_loss":0},{"damage_healed":0,"gold_gain":0,"player_choice":"Entered Light","damage_taken":21,"max_hp_gain":0,"max_hp_loss":0,"event_name":"Shining Light","floor":3,"gold_loss":0,"cards_upgraded":["Defend_B","Defend_B"]},{"damage_healed":23,"gold_gain":0,"player_choice":"Banana","damage_taken":0,"max_hp_gain":0,"max_hp_loss":0,"event_name":"Big Fish","floor":4,"gold_loss":0},{"damage_healed":0,"gold_gain":0,"player_choice":"Lose Max HP","damage_taken":0,"relics_obtained":["Golden Idol"],"max_hp_gain":0,"max_hp_loss":7,"event_name":"Golden Idol","floor":5,"gold_loss":0},{"damage_healed":0,"gold_gain":0,"player_choice":"Fought Mushrooms","damage_taken":0,"max_hp_gain":0,"max_hp_loss":0,"event_name":"Mushrooms","floor":10,"gold_loss":0},{"cards_removed":["Strike_B"],"damage_healed":0,"gold_gain":0,"player_choice":"Elegance","damage_taken":0,"max_hp_gain":0,"max_hp_loss":0,"event_name":"Back to Basics","floor":19,"gold_loss":0},{"damage_healed":0,"gold_gain":0,"player_choice":"Paid Gold","damage_taken":0,"relics_obtained":["Singing Bowl"],"max_hp_gain":0,"max_hp_loss":0,"event_name":"WeMeetAgain","floor":20,"gold_loss":57}],"is_beta":false,"boss_relics":[{"not_picked":["Lizard Tail","Orrery"],"picked":"Ectoplasm"},{"not_picked":["Calling Bell","White Beast Statue"],"picked":"Fusion Hammer"}],"items_purged_floors":[13,25],"is_endless":false,"potions_floor_spawned":[7,16,22,23,35,37,42,44,46],"ascension_level":20}