{"gold_per_floor":[365,365,256,12,28,28,28,28,53,53,53,65,100,100,100,174,174,184,196,213,213,229,229,229,229,254,41,41,41,54,74,74,149,149,164,164,177,177,197,197,228,228,228,228],"floor_reached":44,"playtime":1415,"items_purged":["Strike_R"],"score":918,"play_id":"3ac52d88-550d-4948-a7b9-cad2aa0900f4","local_time":"20190426123501","is_ascension_mode":true,"campfire_choices":[{"data":"Bash","floor":6,"key":"SMITH"},{"floor":8,"key":"REST"},{"data":"Pommel Strike","floor":10,"key":"SMITH"},{"data":"Defend_R","floor":15,"key":"SMITH"},{"floor":23,"key":"REST"},{"data":"Demon Form","floor":25,"key":"SMITH"},{"floor":32,"key":"REST"},{"data":"Barricade","floor":40,"key":"SMITH"},{"floor":42,"key":"RECALL"}],"neow_cost":"PERCENT_DAMAGE","seed_source_timestamp":347399272832400,"circlet_count":0,"master_deck":["AscendersBane","Strike_R+1","Defend_R+1","Defend_R","Defend_R","Defend_R+1","Pommel Strike+1","Demon Form+1","Shrug It Off","Carnage+1","Rampage","Barricade+1","Evolve","Body Slam+1","True Grit+1","Finesse","Deep Breath","Shrug It Off"],"relics":["Burning Blood","Orichalcum","Omamori","Bag of Preparation","Runic Dome","Whetstone","Membership Card","Enchiridion","Coffee Dripper","Kunai","Question Card"],"potions_floor_usage":[20,22,31,41],"damage_taken":[{"damage":7,"enemies":"Small Slimes","floor":1,"turns":4},{"damage":0,"enemies":"2 Louse","floor":5,"turns":3},{"damage":0,"enemies":"Cultist","floor":12,"turns":3},{"damage":20,"enemies":"Gremlin Nob","floor":13,"turns":4},{"damage":38,"enemies":"The Guardian","floor":16,"turns":14},{"damage":8,"enemies":"Chosen","floor":18,"turns":4},{"damage":32,"enemies":"3 Byrds","floor":19,"turns":7},{"damage":20,"enemies":"Centurion and Healer","floor":20,"turns":5},{"damage":15,"enemies":"Snake Plant","floor":22,"turns":4},{"damage":8,"enemies":"3 Cultists","floor":30,"turns":4},{"damage":0,"enemies":"Sentry and Sphere","floor":31,"turns":3},{"damage":38,"enemies":"Champ","floor":33,"turns":14},{"damage":1,"enemies":"Orb Walker","floor":35,"turns":3},{"damage":9,"enemies":"3 Shapes","floor":37,"turns":5},{"damage":12,"enemies":"Sphere and 2 Shapes","floor":39,"turns":5},{"damage":24,"enemies":"Reptomancer","floor":41,"turns":7},{"damage":51,"enemies":"Giant Head","floor":44,"turns":7}],"seed_played":"2296839505157063290","potions_obtained":[{"floor":13,"key":"SpeedPotion"},{"floor":20,"key":"Fruit Juice"},{"floor":30,"key":"Fire Potion"},{"floor":33,"key":"Swift Potion"}],"is_trial":false,"path_per_floor":["M","?","?","$","M","R","?","R","T","R","$","M","E","T","R","B",null,"M","M","M","?","M","R","?","R","T","$","?","?","M","M","R","B",null,"M","?","M","?","M","R","E","R","T","E"],"character_chosen":"IRONCLAD","items_purchased":["Omamori","Membership Card"],"campfire_rested":3,"item_purchase_floors":[4,27],"current_hp_per_floor":[49,42,42,42,48,48,25,47,47,47,47,53,39,39,39,7,58,56,30,21,21,12,36,36,36,36,36,15,15,13,19,43,11,63,68,68,65,55,49,49,31,31,31,0],"gold":228,"neow_bonus":"TWO_FIFTY_GOLD","is_prod":false,"is_daily":false,"chose_seed":false,"campfire_upgraded":5,"win_rate":0,"timestamp":1556249701,"path_taken":["M","?","?","$","?","R","?","R","T","R","$","M","E","?","R","BOSS","M","M","M","?","?","R","?","R","T","?","?","?","M","M","R","BOSS","M","?","M","?","M","R","E","R","T","E"],"build_version":"2019-01-23","purchased_purges":1,"victory":false,"max_hp_per_floor":[75,75,75,75,75,75,75,75,75,75,75,75,75,75,75,75,75,75,75,80,80,80,80,80,80,80,80,80,80,80,80,80,80,80,80,80,80,80,80,80,80,80,80,80],"card_choices":[{"not_picked":["Cleave","Havoc","Sword Boomerang"],"picked":"SKIP","floor":1},{"not_picked":["Flame Barrier","Ghostly Armor"],"picked":"Pommel Strike","floor":5},{"not_picked":["Anger","Perfected Strike","Bloodletting"],"picked":"SKIP","floor":12},{"not_picked":["Pommel Strike","Twin Strike","Anger"],"picked":"SKIP","floor":13},{"not_picked":["Double Tap","Feed"],"picked":"Demon Form","floor":16},{"not_picked":["Twin Strike","Pommel Strike"],"picked":"Shrug It Off","floor":18},{"not_picked":["Wild Strike","Fire Breathing","Havoc"],"picked":"SKIP","floor":19},{"not_picked":["Anger","Heavy Blade","Shrug It Off"],"picked":"SKIP","floor":20},{"not_picked":["Armaments","Havoc"],"picked":"Carnage","floor":22},{"not_picked":["Anger+1","Second Wind"],"picked":"Evolve","floor":30},{"not_picked":["Iron Wave","Dual Wield","Rampage"],"picked":"SKIP","floor":31},{"not_picked":["Flex+1","Twin Strike+1"],"picked":"Body Slam+1","floor":35},{"not_picked":["Burning Pact","Evolve"],"picked":"True Grit+1","floor":37},{"not_picked":["Chrysalis","Impatience"],"picked":"Finesse","floor":38},{"not_picked":["PanicButton","Trip"],"picked":"Deep Breath","floor":38},{"not_picked":["Thunderclap","Perfected Strike+1"],"picked":"Shrug It Off","floor":39},{"not_picked":["Burning Pact","Iron Wave+1","Wild Strike+1"],"picked":"SKIP","floor":41}],"player_experience":3381017,"relics_obtained":[{"floor":13,"key":"Bag of Preparation"},{"floor":26,"key":"Whetstone"},{"floor":28,"key":"Enchiridion"},{"floor":41,"key":"Kunai"},{"floor":43,"key":"Question Card"}],"event_choices":[{"cards_removed":["Strike_R"],"damage_healed":0,"gold_gain":0,"player_choice":"Card Removal","damage_taken":7,"max_hp_gain":0,"max_hp_loss":0,"event_name":"Golden Wing","floor":2,"gold_loss":0},{"damage_healed":0,"gold_gain":0,"player_choice":"Paid Gold","damage_taken":0,"relics_obtained":["Orichalcum"],"max_hp_gain":0,"max_hp_loss":0,"event_name":"WeMeetAgain","floor":3,"gold_loss":109},{"damage_healed":0,"gold_gain":0,"player_choice":"Entered Light","damage_taken":23,"max_hp_gain":0,"max_hp_loss":0,"event_name":"Shining Light","floor":7,"gold_loss":0,"cards_upgraded":["Strike_R","Defend_R"]},{"damage_healed":0,"gold_gain":0,"player_choice":"Copied","damage_taken":0,"max_hp_gain":0,"max_hp_loss":0,"event_name":"Duplicator","floor":21,"gold_loss":0,"cards_obtained":["Demon Form"]},{"cards_removed":["Strike_R"],"damage_healed":0,"gold_gain":0,"player_choice":"Purged","damage_taken":0,"max_hp_gain":0,"max_hp_loss":0,"event_name":"Purifier","floor":24,"gold_loss":0},{"damage_healed":0,"gold_gain":0,"player_choice":"Obtained Book","damage_taken":21,"max_hp_gain":0,"max_hp_loss":0,"event_name":"Cursed Tome","floor":28,"gold_loss":0},{"damage_healed":0,"gold_gain":0,"cards_transformed":["Demon Form","Strike_R"],"player_choice":"Became Test Subject","damage_taken":0,"max_hp_gain":0,"max_hp_loss":0,"event_name":"Drug Dealer","floor":29,"gold_loss":0,"cards_obtained":["Rampage","Barricade"]},{"cards_removed":["Bash"],"damage_healed":0,"gold_gain":0,"player_choice":"Removed Attack","damage_taken":0,"max_hp_gain":0,"max_hp_loss":0,"event_name":"Falling","floor":36,"gold_loss":0},{"damage_healed":0,"gold_gain":0,"player_choice":"Memory 3","damage_taken":10,"max_hp_gain":0,"max_hp_loss":0,"event_name":"SensoryStone","floor":38,"gold_loss":0}],"is_beta":false,"boss_relics":[{"not_picked":["Black Blood","Fusion Hammer"],"picked":"Runic Dome"},{"not_picked":["Eternal Feather","Lizard Tail"],"picked":"Coffee Dripper"}],"items_purged_floors":[4],"is_endless":false,"potions_floor_spawned":[13,20,30,33],"killed_by":"Giant Head","ascension_level":20}