{"gold_per_floor":[11,11,25,37,56,56,85,117,129,141,153,190,202,249,261,345,357,388,370,392,50,75,75,109,120,165,176,195,209,235,67,67,144,144,155,155,47,47,60,60,85,85,85,185,203,222,252,252,252,252],"floor_reached":50,"playtime":2151,"items_purged":["Strike_B"],"score":1270,"play_id":"c6ef57a7-b547-4de2-a8b4-c4e7864a0eca","local_time":"20190307203751","is_ascension_mode":true,"campfire_choices":[{"data":"Sunder","floor":6,"key":"SMITH"},{"data":"Defragment","floor":10,"key":"SMITH"},{"data":"Beam Cell","floor":13,"key":"SMITH"},{"data":"Defragment","floor":15,"key":"SMITH"},{"data":"Electrodynamics","floor":23,"key":"SMITH"},{"data":"Creative AI","floor":32,"key":"SMITH"},{"data":"Loop","floor":40,"key":"SMITH"},{"data":"Creative AI","floor":42,"key":"SMITH"},{"floor":49,"key":"RECALL"}],"neow_cost":"NO_GOLD","seed_source_timestamp":16913289428700,"circlet_count":0,"master_deck":["AscendersBane","Defend_B","Defend_B","Defend_B","Zap","Dualcast","Auto Shields","Reinforced Body","Sunder+1","Streamline","Chill","Glacier","Core Surge","Defragment+1","Cold Snap","Beam Cell+1","Defragment+1","Electrodynamics+1","Creative AI+1","Cold Snap","Loop+1","Heatsinks","Creative AI+1","Blizzard","Sweeping Beam","Turbo+1","Cold Snap","Hologram"],"relics":["Cracked Core","MawBank","Mummified Hand","Strawberry","Blue Candle","Cursed Key","Bottled Tornado","Boot","Omamori","Gambling Chip","Potion Belt","Empty Cage","Shuriken","Bag of Preparation","Girya","Turnip"],"potions_floor_usage":[12,12,24,24,30,44,50,50,50,50,50,50],"damage_taken":[{"damage":3,"enemies":"Small Slimes","floor":1,"turns":3},{"damage":0,"enemies":"Cultist","floor":3,"turns":3},{"damage":0,"enemies":"Jaw Worm","floor":4,"turns":3},{"damage":0,"enemies":"Looter","floor":5,"turns":4},{"damage":0,"enemies":"3 Sentries","floor":7,"turns":7},{"damage":3,"enemies":"Red Slaver","floor":8,"turns":4},{"damage":4,"enemies":"Gremlin Nob","floor":12,"turns":3},{"damage":7,"enemies":"Lagavulin","floor":14,"turns":6},{"damage":32,"enemies":"Hexaghost","floor":16,"turns":10},{"damage":0,"enemies":"Chosen","floor":18,"turns":4},{"damage":4,"enemies":"Spheric Guardian","floor":20,"turns":4},{"damage":17,"enemies":"Book of Stabbing","floor":24,"turns":6},{"damage":0,"enemies":"Centurion and Healer","floor":25,"turns":3},{"damage":0,"enemies":"Sentry and Sphere","floor":27,"turns":6},{"damage":0,"enemies":"Snake Plant","floor":28,"turns":2},{"damage":0,"enemies":"3 Cultists","floor":29,"turns":3},{"damage":19,"enemies":"Gremlin Leader","floor":30,"turns":4},{"damage":15,"enemies":"Champ","floor":33,"turns":17},{"damage":0,"enemies":"3 Shapes","floor":35,"turns":3},{"damage":0,"enemies":"Orb Walker","floor":39,"turns":3},{"damage":0,"enemies":"Giant Head","floor":41,"turns":9},{"damage":1,"enemies":"Mind Bloom Boss Battle","floor":44,"turns":7},{"damage":0,"enemies":"4 Shapes","floor":45,"turns":2},{"damage":15,"enemies":"Maw","floor":46,"turns":4},{"damage":0,"enemies":"Reptomancer","floor":47,"turns":5},{"damage":53,"enemies":"Awakened One","floor":50,"turns":9}],"seed_played":"7633552531538498246","potions_obtained":[{"floor":4,"key":"Swift Potion"},{"floor":5,"key":"FearPotion"},{"floor":12,"key":"Dexterity Potion"},{"floor":19,"key":"SmokeBomb"},{"floor":19,"key":"Regen Potion"},{"floor":20,"key":"Regen Potion"},{"floor":27,"key":"AttackPotion"},{"floor":29,"key":"Regen Potion"},{"floor":33,"key":"EssenceOfSteel"},{"floor":35,"key":"AttackPotion"},{"floor":39,"key":"Dexterity Potion"},{"floor":41,"key":"Poison Potion"},{"floor":45,"key":"Explosive Potion"}],"is_trial":false,"path_per_floor":["M","?","M","M","M","R","E","M","T","R","$","E","R","E","R","B",null,"M","?","M","$","T","R","E","M","T","M","M","M","E","$","R","B",null,"M","?","$","?","M","R","E","R","T","?","M","M","E","?","R","B"],"character_chosen":"DEFECT","items_purchased":["Bottled Tornado","Potion Belt","EntropicBrew"],"campfire_rested":0,"item_purchase_floors":[21,31,37],"current_hp_per_floor":[61,61,61,61,61,61,61,58,58,58,58,61,61,54,54,22,64,64,64,60,60,60,60,77,77,77,77,77,77,62,62,62,47,68,68,75,75,75,75,75,75,75,75,74,74,59,59,59,59,6],"gold":252,"neow_bonus":"TRANSFORM_TWO_CARDS","is_prod":false,"is_daily":false,"chose_seed":false,"campfire_upgraded":8,"win_rate":0,"timestamp":1551958671,"path_taken":["M","?","M","?","M","R","E","M","T","R","$","E","R","E","R","BOSS","M","?","?","$","?","R","E","M","T","M","M","?","E","$","R","BOSS","M","?","$","?","?","R","E","R","T","?","M","M","E","?","R","BOSS"],"build_version":"2019-01-23","purchased_purges":1,"victory":false,"max_hp_per_floor":[71,71,71,71,71,71,71,71,71,71,71,78,78,78,78,78,78,78,78,78,78,78,78,78,78,78,78,78,78,78,78,78,78,75,75,75,75,75,75,75,75,75,75,75,75,75,75,75,75,75],"card_choices":[{"not_picked":["Gash","Undo"],"picked":"Sunder","floor":1},{"not_picked":["Compile Driver","Ball Lightning"],"picked":"Chill","floor":3},{"not_picked":["Force Field","Sweeping Beam"],"picked":"Glacier","floor":4},{"not_picked":["Loop","Turbo"],"picked":"Core Surge","floor":5},{"not_picked":["Doom and Gloom","Cold Snap"],"picked":"Defragment","floor":7},{"not_picked":["Turbo","Streamline"],"picked":"Cold Snap","floor":8},{"not_picked":["Sunder","Heatsinks"],"picked":"Beam Cell","floor":12},{"not_picked":["Ball Lightning","Cold Snap"],"picked":"Defragment","floor":14},{"not_picked":["Echo Form","Machine Learning"],"picked":"Electrodynamics","floor":16},{"not_picked":["Steam","Conserve Battery","Leap"],"picked":"SKIP","floor":18},{"not_picked":["Go for the Eyes","Streamline","Stack"],"picked":"SKIP","floor":20},{"not_picked":["BootSequence","Beam Cell"],"picked":"Creative AI","floor":24},{"not_picked":["Beam Cell","Streamline"],"picked":"Cold Snap","floor":25},{"not_picked":["Doom and Gloom","Hologram","Sunder"],"picked":"SKIP","floor":27},{"not_picked":["Recycle","Compile Driver","Steam"],"picked":"SKIP","floor":28},{"not_picked":["Stack","Streamline"],"picked":"Loop","floor":29},{"not_picked":["Hologram","Leap+1"],"picked":"Heatsinks","floor":30},{"not_picked":["Echo Form","Multi-Cast"],"picked":"Creative AI","floor":33},{"not_picked":["Beam Cell","Sweeping Beam"],"picked":"Blizzard","floor":35},{"not_picked":["Leap","Static Discharge"],"picked":"Turbo+1","floor":39},{"not_picked":["Conserve Battery","Buffer"],"picked":"Cold Snap","floor":41},{"not_picked":["Sweeping Beam","Turbo+1"],"picked":"Hologram","floor":44},{"not_picked":["Cold Snap","Ball Lightning","Compile Driver+1"],"picked":"SKIP","floor":45},{"not_picked":["Reprogram","Redo","Genetic Algorithm"],"picked":"SKIP","floor":46},{"not_picked":["Electrodynamics","Compile Driver","Stack"],"picked":"SKIP","floor":47}],"player_experience":2061073,"relics_obtained":[{"floor":7,"key":"MawBank"},{"floor":9,"key":"Mummified Hand"},{"floor":12,"key":"Strawberry"},{"floor":14,"key":"Blue Candle"},{"floor":24,"key":"Boot"},{"floor":26,"key":"Omamori"},{"floor":30,"key":"Gambling Chip"},{"floor":41,"key":"Shuriken"},{"floor":43,"key":"Bag of Preparation"},{"floor":44,"key":"Girya"},{"floor":47,"key":"Turnip"}],"event_choices":[{"damage_healed":0,"gold_gain":0,"cards_transformed":["Strike_B"],"player_choice":"Transformed","damage_taken":0,"max_hp_gain":0,"max_hp_loss":0,"event_name":"Transmorgrifier","floor":2,"gold_loss":0,"cards_obtained":["Streamline"]},{"damage_healed":0,"gold_gain":0,"player_choice":"Bought 2 Potions","damage_taken":0,"max_hp_gain":0,"max_hp_loss":0,"event_name":"The Woman in Blue","floor":19,"gold_loss":0},{"damage_healed":15,"gold_gain":0,"player_choice":"Writhe","damage_taken":0,"max_hp_gain":0,"max_hp_loss":0,"event_name":"Winding Halls","floor":36,"gold_loss":0,"cards_obtained":["Writhe"]},{"damage_healed":0,"gold_gain":0,"cards_transformed":["Strike_B"],"player_choice":"Transformed","damage_taken":0,"max_hp_gain":0,"max_hp_loss":0,"event_name":"Transmorgrifier","floor":38,"gold_loss":0,"cards_obtained":["Sweeping Beam"]},{"damage_healed":0,"gold_gain":0,"player_choice":"Fight","damage_taken":0,"max_hp_gain":0,"max_hp_loss":0,"event_name":"MindBloom","floor":44,"gold_loss":0},{"damage_healed":0,"gold_gain":0,"player_choice":"Ignored","damage_taken":0,"max_hp_gain":0,"max_hp_loss":0,"event_name":"Tomb of Lord Red Mask","floor":48,"gold_loss":0}],"is_beta":false,"boss_relics":[{"not_picked":["Astrolabe","Busted Crown"],"picked":"Cursed Key"},{"not_picked":["Sozu","Coffee Dripper"],"picked":"Empty Cage"}],"items_purged_floors":[21],"is_endless":false,"potions_floor_spawned":[4,5,7,12,20,27,29,33,35,39,41,45],"killed_by":"Awakened One","ascension_level":20}