{"gold_per_floor":[494,494,524,553,580,580,53,53,85,120,147,147,97,97,126,161,196,241],"floor_reached":19,"playtime":667,"items_purged":["Strike_R","Bash+1","Dropkick"],"score":495,"play_id":"36cbadfa-77cd-4e73-86da-2ac8be86625b","local_time":"20190414211153","daily_mods":["Uncertain Future"],"is_ascension_mode":false,"campfire_choices":[{"data":"Bash","floor":2,"key":"SMITH"},{"data":"Whirlwind","floor":8,"key":"SMITH"},{"data":"Defend_R","floor":14,"key":"PURGE"}],"neow_cost":"","seed_source_timestamp":0,"circlet_count":0,"master_deck":["Strike_R+1","Strike_R+1","Defend_R","Defend_R","Defend_R","True Grit","Evolve","Limit Break","Finesse","Whirlwind+1","Pommel Strike","Shrug It Off"],"relics":["Burning Blood","Black Star","Sling","PreservedInsect","Sundial","Mango","Centennial Puzzle","Regal Pillow","Whetstone","Bird Faced Urn","Lantern","Empty Cage","Meat on the Bone","Ancient Tea Set","Mummified Hand","Peace Pipe","Blue Candle","Smiling Mask","Ornamental Fan","Runic Dome","Red Skull","Champion Belt","Blood Vial","Happy Flower","Vajra","MawBank","Gremlin Horn","Pear"],"potions_floor_usage":[18,18,18],"damage_taken":[{"damage":6,"enemies":"Gremlin Nob","floor":3,"turns":3},{"damage":24,"enemies":"Lagavulin","floor":4,"turns":5},{"damage":6,"enemies":"3 Sentries","floor":5,"turns":5},{"damage":0,"enemies":"Gremlin Leader","floor":9,"turns":4},{"damage":51,"enemies":"Book of Stabbing","floor":10,"turns":6},{"damage":7,"enemies":"Slavers","floor":11,"turns":3},{"damage":0,"enemies":"Giant Head","floor":15,"turns":5},{"damage":33,"enemies":"Nemesis","floor":16,"turns":3},{"damage":17,"enemies":"Reptomancer","floor":17,"turns":5},{"damage":48,"enemies":"Shield and Spear","floor":18,"turns":4}],"seed_played":"-1294714971661124341","potions_obtained":[{"floor":4,"key":"Poison Potion"},{"floor":9,"key":"SkillPotion"}],"is_trial":true,"path_per_floor":["$","R","E","E","E","T","$","R","E","E","E","T","$","R","E","E","E","E",null],"character_chosen":"IRONCLAD","items_purchased":["Sundial","True Grit","Evolve","Strength Potion","Finesse","Whirlwind","Meat on the Bone"],"campfire_rested":0,"item_purchase_floors":[1,1,1,1,7,7,7],"current_hp_per_floor":[80,80,94,76,76,76,76,76,84,53,64,64,64,64,72,59,64,48],"gold":253,"neow_bonus":"","is_prod":false,"is_daily":false,"chose_seed":false,"campfire_upgraded":2,"win_rate":0,"timestamp":1555243913,"path_taken":["$","R","E","E","E","T","$","R","E","E","E","T","$","R","E","E","E","E"],"build_version":"2019-01-23","purchased_purges":3,"victory":true,"max_hp_per_floor":[80,80,94,94,94,94,94,94,94,94,94,94,94,94,94,94,94,104],"card_choices":[{"not_picked":["Heavy Blade","Flex","Warcry"],"picked":"SKIP","floor":3},{"not_picked":["Clothesline","Corruption"],"picked":"Limit Break","floor":4},{"not_picked":["Exhume","Headbutt","Iron Wave"],"picked":"SKIP","floor":5},{"not_picked":["Dual Wield","Cleave"],"picked":"Dropkick","floor":9},{"not_picked":["Heavy Blade","Whirlwind","Sentinel"],"picked":"SKIP","floor":10},{"not_picked":["Headbutt","Demon Form"],"picked":"Pommel Strike","floor":11},{"not_picked":["True Grit","Heavy Blade","Armaments"],"picked":"SKIP","floor":15},{"not_picked":["Seeing Red","Clothesline"],"picked":"Shrug It Off","floor":16},{"not_picked":["Heavy Blade","Perfected Strike","Havoc"],"picked":"SKIP","floor":17}],"player_experience":3137653,"relics_obtained":[{"floor":3,"key":"Mango"},{"floor":3,"key":"Centennial Puzzle"},{"floor":4,"key":"Regal Pillow"},{"floor":4,"key":"Whetstone"},{"floor":5,"key":"Bird Faced Urn"},{"floor":5,"key":"Lantern"},{"floor":9,"key":"Ancient Tea Set"},{"floor":9,"key":"Mummified Hand"},{"floor":10,"key":"Peace Pipe"},{"floor":10,"key":"Blue Candle"},{"floor":11,"key":"Smiling Mask"},{"floor":11,"key":"Ornamental Fan"},{"floor":15,"key":"Red Skull"},{"floor":15,"key":"Champion Belt"},{"floor":16,"key":"Blood Vial"},{"floor":16,"key":"Happy Flower"},{"floor":17,"key":"Vajra"},{"floor":17,"key":"MawBank"},{"floor":18,"key":"Gremlin Horn"},{"floor":18,"key":"Pear"}],"event_choices":[],"is_beta":false,"boss_relics":[{"not_picked":["Runic Cube","Pandora\u0027s Box"],"picked":"Empty Cage"},{"not_picked":["White Beast Statue","Ectoplasm"],"picked":"Runic Dome"}],"items_purged_floors":[1,7,13],"is_endless":false,"potions_floor_spawned":[4,9],"ascension_level":0}