{"gold_per_floor":[110,110,123,48,48,48,48,83,132,163,193,193,27,52,52,52],"floor_reached":16,"playtime":352,"items_purged":["Strike_R"],"score":262,"play_id":"fd9835f7-f0f9-43a6-835f-5082df76523f","local_time":"20190317193722","is_ascension_mode":true,"campfire_choices":[{"data":"Strike_R","floor":6,"key":"SMITH"},{"floor":12,"key":"REST"},{"data":"Strike_R","floor":15,"key":"SMITH"}],"neow_cost":"NONE","seed_source_timestamp":31643532631400,"circlet_count":0,"master_deck":["AscendersBane","Strike_R","Strike_R","Strike_R+1","Strike_R+1","Defend_R","Defend_R","Defend_R","Defend_R","Bash+1","Impervious"],"relics":["Burning Blood","NeowsBlessing","Golden Idol","WingedGreaves","Regal Pillow","Oddly Smooth Stone","PreservedInsect"],"potions_floor_usage":[10,16],"damage_taken":[{"damage":0,"enemies":"2 Louse","floor":1,"turns":1},{"damage":0,"enemies":"Cultist","floor":3,"turns":1},{"damage":0,"enemies":"Lagavulin","floor":8,"turns":1},{"damage":54,"enemies":"3 Sentries","floor":10,"turns":16},{"damage":0,"enemies":"Jaw Worm","floor":14,"turns":5},{"damage":43,"enemies":"Slime Boss","floor":16,"turns":9}],"seed_played":"-5832979801796051909","potions_obtained":[{"floor":1,"key":"Dexterity Potion"},{"floor":14,"key":"Fire Potion"}],"is_trial":false,"path_per_floor":["M","?","M","$","?","R","$","E","T","E","?","R","$","M","R","B"],"character_chosen":"IRONCLAD","items_purchased":["PreservedInsect"],"campfire_rested":1,"item_purchase_floors":[13],"current_hp_per_floor":[74,74,75,75,49,49,49,55,55,7,7,44,44,50,50,7],"gold":52,"neow_bonus":"THREE_ENEMY_KILL","is_prod":false,"is_daily":false,"chose_seed":false,"campfire_upgraded":2,"win_rate":0,"timestamp":1552819042,"path_taken":["M","?","M","?","?","R","$","E","T","E","?","R","$","M","R","BOSS"],"build_version":"2019-01-23","purchased_purges":1,"victory":false,"max_hp_per_floor":[75,75,75,75,75,75,75,75,75,75,75,75,75,75,75,75],"card_choices":[{"not_picked":["Infernal Blade","Sword Boomerang","Blood for Blood"],"picked":"SKIP","floor":1},{"not_picked":["Clash","Sword Boomerang","Thunderclap"],"picked":"SKIP","floor":3},{"not_picked":["Wild Strike","Pummel","Sword Boomerang"],"picked":"SKIP","floor":8},{"not_picked":["Berserk","Second Wind"],"picked":"Impervious","floor":10},{"not_picked":["Sentinel","Shrug It Off","Clash"],"picked":"SKIP","floor":14}],"player_experience":2327981,"relics_obtained":[{"floor":8,"key":"WingedGreaves"},{"floor":9,"key":"Regal Pillow"},{"floor":10,"key":"Oddly Smooth Stone"}],"event_choices":[{"damage_healed":0,"gold_gain":0,"player_choice":"Upgraded","damage_taken":0,"max_hp_gain":0,"max_hp_loss":0,"event_name":"Upgrade Shrine","floor":2,"gold_loss":0,"cards_upgraded":["Bash"]},{"damage_healed":0,"gold_gain":0,"player_choice":"Take Damage","damage_taken":26,"relics_obtained":["Golden Idol"],"max_hp_gain":0,"max_hp_loss":0,"event_name":"Golden Idol","floor":5,"gold_loss":0},{"damage_healed":0,"gold_gain":30,"player_choice":"Searched \u00271\u0027 times","damage_taken":0,"max_hp_gain":0,"max_hp_loss":0,"event_name":"Dead Adventurer","floor":11,"gold_loss":0}],"is_beta":false,"boss_relics":[],"items_purged_floors":[4],"is_endless":false,"potions_floor_spawned":[1,14],"killed_by":"Slime Boss","ascension_level":20}