{"gold_per_floor":[116,136,136,211,211,211,246,246,246,272,272,287,287,65,65,139,139,150,34,34,46,46,46,76,95,167,167,167,167,195,95,95,173,173,193,193,0,20,20,53,53,79,79,98,98,98,109,109,109,109,109,109,109,26,61,61],"floor_reached":57,"playtime":2320,"items_purged":["Strike_R","Strike_R"],"score":2925,"play_id":"28c37a97-359f-4c6f-84c0-fbee1cf7e2c6","local_time":"20190311191558","is_ascension_mode":true,"campfire_choices":[{"data":"Shockwave","floor":6,"key":"SMITH"},{"data":"Bash","floor":8,"key":"SMITH"},{"data":"Metallicize","floor":13,"key":"SMITH"},{"data":"Entrench","floor":15,"key":"SMITH"},{"data":"Shrug It Off","floor":23,"key":"SMITH"},{"data":"Blood for Blood","floor":27,"key":"SMITH"},{"data":"Twin Strike","floor":29,"key":"SMITH"},{"floor":32,"key":"REST"},{"floor":41,"key":"REST"},{"floor":46,"key":"RECALL"},{"data":"Impervious","floor":49,"key":"SMITH"},{"data":"Evolve","floor":53,"key":"SMITH"}],"neow_cost":"NONE","seed_source_timestamp":203360220416700,"circlet_count":0,"master_deck":["AscendersBane","Strike_R","Defend_R","Defend_R","Defend_R","Defend_R","Bash+1","Shrug It Off+1","Shockwave+1","Metallicize+1","Entrench+1","Twin Strike+1","Barricade","Dual Wield+1","Blood for Blood+1","Entrench+1","Body Slam+1","Blood for Blood+1","Barricade","Offering","Discovery","Evolve+1","Impervious+1","Power Through","Clothesline+1","Feel No Pain"],"relics":["Burning Blood","NeowsBlessing","Red Skull","Oddly Smooth Stone","Pear","Art of War","Medical Kit","Snecko Eye","Molten Egg 2","Question Card","Paper Frog","Blood Vial","Sozu","Red Mask","Thread and Needle","Bronze Scales","Incense Burner"],"potions_floor_usage":[10,16,16,25,33,33],"damage_taken":[{"damage":0,"enemies":"2 Louse","floor":1,"turns":1},{"damage":0,"enemies":"Jaw Worm","floor":2,"turns":1},{"damage":10,"enemies":"3 Sentries","floor":7,"turns":3},{"damage":6,"enemies":"Lagavulin","floor":10,"turns":7},{"damage":0,"enemies":"Small Slimes","floor":12,"turns":4},{"damage":43,"enemies":"Hexaghost","floor":16,"turns":10},{"damage":0,"enemies":"3 Byrds","floor":18,"turns":9},{"damage":10,"enemies":"Spheric Guardian","floor":21,"turns":6},{"damage":0,"enemies":"Gremlin Leader","floor":24,"turns":13},{"damage":0,"enemies":"Snake Plant","floor":25,"turns":4},{"damage":43,"enemies":"Book of Stabbing","floor":30,"turns":6},{"damage":0,"enemies":"Collector","floor":33,"turns":8},{"damage":0,"enemies":"3 Shapes","floor":35,"turns":6},{"damage":10,"enemies":"Orb Walker","floor":38,"turns":4},{"damage":53,"enemies":"Nemesis","floor":40,"turns":7},{"damage":6,"enemies":"Giant Head","floor":42,"turns":5},{"damage":0,"enemies":"Writhing Mass","floor":44,"turns":6},{"damage":6,"enemies":"Maw","floor":47,"turns":4},{"damage":26,"enemies":"Donu and Deca","floor":50,"turns":8},{"damage":11,"enemies":"Awakened One","floor":51,"turns":13},{"damage":19,"enemies":"Shield and Spear","floor":55,"turns":3},{"damage":58,"enemies":"The Heart","floor":56,"turns":12}],"seed_played":"-2534215309321981030","potions_obtained":[{"floor":2,"key":"Explosive Potion"},{"floor":10,"key":"SkillPotion"},{"floor":12,"key":"BloodPotion"},{"floor":21,"key":"Swift Potion"},{"floor":24,"key":"Strength Potion"},{"floor":30,"key":"SkillPotion"}],"is_trial":false,"path_per_floor":["M","M","?","?","?","R","E","R","T","E","?","M","R","$","R","B",null,"M","$","?","M","T","R","E","M","T","R","?","R","E","$","R","B",null,"M","?","?","M","?","E","R","E","T","M","?","R","M","$","R","B","B",null,"R","$","E","B",null],"character_chosen":"IRONCLAD","items_purchased":["Medical Kit","Blood for Blood","Feel No Pain"],"campfire_rested":2,"item_purchase_floors":[14,19,54],"current_hp_per_floor":[74,75,49,38,38,38,34,34,44,44,37,43,43,43,43,14,67,73,73,73,69,69,69,75,81,81,81,81,81,44,44,69,77,83,85,75,75,73,73,28,53,55,55,63,63,63,65,65,65,47,44,75,75,75,64,14],"gold":61,"neow_bonus":"THREE_ENEMY_KILL","is_prod":false,"is_daily":false,"chose_seed":false,"campfire_upgraded":9,"win_rate":0,"timestamp":1552299358,"path_taken":["M","M","?","?","?","R","E","R","T","E","?","M","R","?","R","BOSS","M","$","?","?","?","R","E","M","T","R","?","R","E","?","R","BOSS","M","?","?","M","?","E","R","E","T","M","?","R","M","?","R","BOSS","BOSS","R","$","E","BOSS"],"build_version":"2019-01-23","purchased_purges":2,"victory":true,"max_hp_per_floor":[75,75,75,75,75,75,75,75,85,85,85,85,85,85,85,85,85,85,85,85,85,85,85,85,85,85,85,85,85,85,85,85,85,85,85,85,85,85,85,85,85,85,85,85,85,85,85,85,85,85,85,85,85,85,85,85],"card_choices":[{"not_picked":["Infernal Blade","Anger"],"picked":"Shrug It Off","floor":1},{"not_picked":["Sever Soul","Perfected Strike"],"picked":"Shockwave","floor":2},{"not_picked":["Berserk","Clothesline"],"picked":"Metallicize","floor":7},{"not_picked":["Clothesline","Havoc"],"picked":"Entrench","floor":10},{"not_picked":["Thunderclap","Carnage"],"picked":"Twin Strike","floor":12},{"not_picked":["Offering","Dark Embrace"],"picked":"Barricade","floor":16},{"not_picked":["Headbutt","Shrug It Off"],"picked":"Dual Wield+1","floor":18},{"not_picked":["Metallicize+1","Pommel Strike"],"picked":"Entrench+1","floor":21},{"not_picked":["Sever Soul+1","Sword Boomerang+1"],"picked":"Body Slam+1","floor":24},{"not_picked":["Flex+1","True Grit","Havoc"],"picked":"Blood for Blood+1","floor":25},{"not_picked":["Burning Pact","Sword Boomerang+1","Inflame"],"picked":"Barricade","floor":30},{"not_picked":["Immolate+1","Berserk","Brutality"],"picked":"Offering","floor":33},{"not_picked":["Combust+1","Headbutt+1","Heavy Blade+1","Second Wind"],"picked":"SKIP","floor":35},{"not_picked":["Bandage Up","Trip","Finesse"],"picked":"Discovery","floor":36},{"not_picked":["Warcry","Ghostly Armor","Searing Blow+1"],"picked":"Evolve","floor":38},{"not_picked":["Flex","Armaments","Demon Form"],"picked":"Impervious","floor":40},{"not_picked":["Heavy Blade+1","Pummel+1","Bloodletting"],"picked":"Power Through","floor":42},{"not_picked":["Armaments","Cleave+1","Clash+1"],"picked":"Clothesline+1","floor":44},{"not_picked":["Headbutt+1","Double Tap","Whirlwind+1","Hemokinesis+1"],"picked":"SKIP","floor":47},{"not_picked":["Whirlwind+1","Corruption","Havoc","Clothesline+1"],"picked":"SKIP","floor":55}],"player_experience":2189259,"relics_obtained":[{"floor":7,"key":"Oddly Smooth Stone"},{"floor":9,"key":"Pear"},{"floor":10,"key":"Art of War"},{"floor":22,"key":"Molten Egg 2"},{"floor":24,"key":"Question Card"},{"floor":26,"key":"Paper Frog"},{"floor":30,"key":"Blood Vial"},{"floor":40,"key":"Thread and Needle"},{"floor":42,"key":"Bronze Scales"},{"floor":55,"key":"Incense Burner"}],"event_choices":[{"damage_healed":0,"gold_gain":0,"player_choice":"Success","damage_taken":26,"relics_obtained":["Red Skull"],"max_hp_gain":0,"max_hp_loss":0,"event_name":"Scrap Ooze","floor":3,"gold_loss":0},{"damage_healed":0,"gold_gain":75,"player_choice":"Gather Gold","damage_taken":11,"max_hp_gain":0,"max_hp_loss":0,"event_name":"World of Goop","floor":4,"gold_loss":0},{"damage_healed":0,"gold_gain":0,"player_choice":"Ignored","damage_taken":0,"max_hp_gain":0,"max_hp_loss":0,"event_name":"Liars Game","floor":5,"gold_loss":0},{"cards_removed":["Strike_R"],"damage_healed":0,"gold_gain":0,"player_choice":"Card Removal","damage_taken":7,"max_hp_gain":0,"max_hp_loss":0,"event_name":"Golden Wing","floor":11,"gold_loss":0},{"damage_healed":0,"gold_gain":0,"player_choice":"0 cards matched","damage_taken":0,"max_hp_gain":0,"max_hp_loss":0,"event_name":"Match and Keep!","floor":20,"gold_loss":0,"cards_obtained":[]},{"damage_healed":0,"gold_gain":0,"player_choice":"Ignored","damage_taken":0,"max_hp_gain":0,"max_hp_loss":0,"event_name":"Ghosts","floor":28,"gold_loss":0},{"damage_healed":0,"gold_gain":0,"player_choice":"Memory 3","damage_taken":10,"max_hp_gain":0,"max_hp_loss":0,"event_name":"SensoryStone","floor":36,"gold_loss":0},{"damage_healed":0,"gold_gain":0,"player_choice":"Paid","damage_taken":0,"relics_obtained":["Red Mask"],"max_hp_gain":0,"max_hp_loss":0,"event_name":"Tomb of Lord Red Mask","floor":37,"gold_loss":193},{"damage_healed":0,"gold_gain":0,"player_choice":"Ignored","damage_taken":0,"max_hp_gain":0,"max_hp_loss":0,"event_name":"Mysterious Sphere","floor":39,"gold_loss":0},{"cards_removed":["Strike_R"],"damage_healed":0,"gold_gain":0,"player_choice":"Removed Attack","damage_taken":0,"max_hp_gain":0,"max_hp_loss":0,"event_name":"Falling","floor":45,"gold_loss":0}],"is_beta":false,"boss_relics":[{"not_picked":["Pandora\u0027s Box","Coffee Dripper"],"picked":"Snecko Eye"},{"not_picked":["Tiny House","Eternal Feather"],"picked":"Sozu"}],"items_purged_floors":[19,31],"is_endless":false,"potions_floor_spawned":[2,10,12,21,24,30,38,42,47],"ascension_level":20}