{"gold_per_floor":[117,42,192,117,133,133,166,178,261,303,315,327,370,399,411,500,512,478,490],"floor_reached":19,"playtime":420,"items_purged":[],"score":416,"play_id":"28e22c84-8c03-47b5-b9c6-9aaa0109f0ce","local_time":"20190407134625","is_ascension_mode":true,"campfire_choices":[{"data":"Bash","floor":6.0,"key":"SMITH"},{"data":"Rampage","floor":12.0,"key":"SMITH"},{"data":"Evolve","floor":15.0,"key":"SMITH"}],"neow_cost":"NONE","seed_source_timestamp":42345301927200,"circlet_count":0,"master_deck":["AscendersBane","Strike_R","Strike_R","Strike_R","Strike_R","Strike_R","Defend_R","Defend_R","Defend_R","Defend_R","Bash+1","Rampage+1","Evolve+1","Entrench","Ghostly Armor","Feed","Corruption","Barricade"],"special_seed":0,"relics":["Burning Blood","NeowsBlessing","MawBank","Sundial","Pear","Meat on the Bone","Centennial Puzzle","Sozu"],"potions_floor_usage":[16],"damage_taken":[{"damage":0.0,"enemies":"2 Louse","floor":1.0,"turns":2.0},{"damage":0.0,"enemies":"Jaw Worm","floor":5.0,"turns":1.0},{"damage":0.0,"enemies":"Lagavulin","floor":7.0,"turns":1.0},{"damage":10.0,"enemies":"3 Sentries","floor":10.0,"turns":7.0},{"damage":29.0,"enemies":"Lagavulin","floor":13.0,"turns":8.0},{"damage":3.0,"enemies":"Small Slimes","floor":14.0,"turns":3.0},{"damage":47,"enemies":"Slime Boss","floor":16,"turns":10},{"damage":24,"enemies":"2 Thieves","floor":18,"turns":5},{"damage":13,"enemies":"3 Byrds","floor":19,"turns":3}],"seed_played":"3834042778349890246","potions_obtained":[{"floor":1.0,"key":"Fire Potion"},{"floor":5.0,"key":"FearPotion"},{"floor":7.0,"key":"Fire Potion"},{"floor":13.0,"key":"Explosive Potion"}],"is_trial":false,"path_per_floor":["M","$","?","?","M","R","E","?","T","E","$","R","E","M","R","B",null,"M","M"],"character_chosen":"IRONCLAD","items_purchased":["Evolve"],"campfire_rested":0,"item_purchase_floors":[2],"current_hp_per_floor":[74,74,74,74,75,75,75,40,50,46,46,46,35,53,53,24,72,54,41],"gold":490,"neow_bonus":"THREE_ENEMY_KILL","is_prod":false,"is_daily":false,"chose_seed":false,"campfire_upgraded":3,"win_rate":0,"timestamp":1554612385,"path_taken":["M","$","?","?","M","R","E","?","T","E","$","R","E","M","R","BOSS","M","M"],"build_version":"2019-01-23","purchased_purges":0,"victory":false,"max_hp_per_floor":[75,75,75,75,75,75,75,75,85,85,85,85,85,88,88,88,88,88,88],"card_choices":[{"not_picked":["Corruption","Bloodletting"],"picked":"Rampage","floor":1.0},{"not_picked":["Burning Pact","Sword Boomerang"],"picked":"Entrench","floor":5.0},{"not_picked":["Fire Breathing","Dual Wield"],"picked":"Ghostly Armor","floor":7.0},{"not_picked":["Rupture","Twin Strike"],"picked":"Feed","floor":10.0},{"not_picked":["Heavy Blade","Perfected Strike","Clash"],"picked":"SKIP","floor":13.0},{"not_picked":["Blood for Blood","Heavy Blade"],"picked":"Corruption","floor":14.0},{"not_picked":["Limit Break","Dark Embrace"],"picked":"Barricade","floor":16},{"not_picked":["Clothesline","Wild Strike","Clash"],"picked":"SKIP","floor":18}],"player_experience":2940738,"relics_obtained":[{"floor":7.0,"key":"MawBank"},{"floor":9.0,"key":"Pear"},{"floor":10.0,"key":"Meat on the Bone"},{"floor":13.0,"key":"Centennial Puzzle"}],"event_choices":[{"damage_healed":0.0,"max_hp_gain":0.0,"max_hp_loss":0.0,"gold_gain":150.0,"event_name":"Liars Game","player_choice":"AGREE","floor":3.0,"gold_loss":0.0,"damage_taken":0.0,"cards_obtained":["Doubt"]},{"cards_removed":["Doubt"],"damage_healed":0.0,"max_hp_gain":0.0,"max_hp_loss":0.0,"gold_gain":0.0,"event_name":"The Cleric","player_choice":"Card Removal","floor":4.0,"gold_loss":75.0,"damage_taken":0.0},{"damage_healed":0.0,"max_hp_gain":0.0,"max_hp_loss":0.0,"gold_gain":0.0,"event_name":"Scrap Ooze","player_choice":"Success","floor":8.0,"gold_loss":0.0,"damage_taken":35.0,"relics_obtained":["Sundial"]}],"is_beta":false,"boss_relics":[{"not_picked":["Eternal Feather","Orrery"],"picked":"Sozu"}],"items_purged_floors":[],"is_endless":false,"potions_floor_spawned":[1,5,7,13,18],"killed_by":"3 Byrds","ascension_level":20}