{"path_per_floor":["M","M","M","M","M","R","E","?","T","T","?","R","E","M","R","B",null,"M","$","?","M","$","R"],"character_chosen":"IRONCLAD","items_purchased":["Bottled Tornado","Headbutt"],"gold_per_floor":[112,127,138,153,171,171,198,198,198,198,273,273,306,320,320,420,420,434,73,100,112,12,12,12],"floor_reached":24,"campfire_rested":1,"playtime":1242,"current_hp_per_floor":[76,80,80,58,61,61,49,42,42,42,31,31,22,15,39,23,66,42,42,23,28,28,28,0],"items_purged":["Strike_R","Strike_R"],"gold":12,"score":278,"play_id":"13aaeff9-b936-46c6-8705-da57e44adbb3","local_time":"20180324004204","is_prod":false,"is_daily":false,"is_ascension_mode":true,"campfire_upgraded":3,"timestamp":1521823324,"path_taken":["M","M","M","M","M","R","E","?","T","?","?","R","E","?","R","BOSS","M","$","?","M","$","R","E"],"build_version":"2018-03-22","purchased_purges":2,"victory":false,"master_deck":["Strike_R+1","Strike_R","Strike_R+1","Defend_R","Defend_R","Defend_R","Uppercut+1","Ghostly Armor","Dropkick","Burning Pact","Seeing Red","Berserk+1","Rampage+1","Berserk","Pommel Strike","Headbutt","True Grit","Pommel Strike"],"max_hp_per_floor":[80,80,80,80,80,80,80,80,80,80,80,80,80,80,80,80,80,80,80,80,80,80,80,80],"relics":["Black Blood","Gremlin Horn","Pen Nib","Charon\u0027s Ashes","Whetstone","Bottled Tornado","Red Mask"],"card_choices":[{"not_picked":["Bloodletting","Seeing Red"],"picked":"Ghostly Armor","floor":1},{"not_picked":["Heavy Blade","Power Through"],"picked":"Dropkick","floor":2},{"not_picked":["Havoc","Hemokinesis"],"picked":"Burning Pact","floor":4},{"not_picked":["Wild Strike","Second Wind"],"picked":"Seeing Red","floor":5},{"not_picked":["Dual Wield","True Grit"],"picked":"Berserk","floor":7},{"not_picked":["Wild Strike","Pummel"],"picked":"Rampage","floor":13},{"not_picked":["Bludgeon","Barricade"],"picked":"Berserk","floor":16},{"not_picked":["Wild Strike","Sever Soul"],"picked":"Pommel Strike","floor":18},{"not_picked":["Twin Strike","Burning Pact"],"picked":"True Grit","floor":20},{"not_picked":["Anger","Spot Weakness"],"picked":"Pommel Strike","floor":21}],"player_experience":201151,"potions_floor_usage":[5,7,18,24],"damage_taken":[{"damage":2,"enemies":"Jaw Worm","floor":1,"turns":3},{"damage":0,"enemies":"Small Slimes","floor":2,"turns":5},{"damage":2,"enemies":"2 Louse","floor":3,"turns":3},{"damage":28,"enemies":"Exordium Wildlife","floor":4,"turns":6},{"damage":12,"enemies":"Looter","floor":5,"turns":4},{"damage":18,"enemies":"Gremlin Nob","floor":7,"turns":4},{"damage":15,"enemies":"Lagavulin","floor":13,"turns":5},{"damage":13,"enemies":"Blue Slaver","floor":14,"turns":3},{"damage":22,"enemies":"Hexaghost","floor":16,"turns":9},{"damage":34,"enemies":"2 Thieves","floor":18,"turns":4},{"damage":29,"enemies":"Masked Bandits","floor":20,"turns":5},{"damage":5,"enemies":"Shell Parasite","floor":21,"turns":3},{"damage":30,"enemies":"Book of Stabbing","floor":24,"turns":4}],"event_choices":[{"event_name":"Golden Wing","player_choice":"Card Removal","floor":8,"damage_taken":0},{"event_name":"World of Goop","player_choice":"Gather Gold","floor":11,"damage_taken":0},{"event_name":"Masked Bandits","player_choice":"Fought over 73 gold","floor":20,"damage_taken":0}],"boss_relics":[{"not_picked":["Mark of Pain","Question Card"],"picked":"Black Blood"}],"potions_floor_spawned":[1,2,3,7,16],"seed_played":"1483756508359228486","killed_by":"Book of Stabbing","ascension_level":7,"is_trial":false}