{"gold_per_floor":[111,386,21,40,40,69,69,19,46,46,59,59,79,98,98,201,201,214,225,225,236,236,236,511,526,526,553,145,156,156,169,169,265,265,275,275,286,561,579,608,623,642,642,642,284,284,43,56,56,56],"floor_reached":51,"playtime":895,"items_purged":["Regret","Regret"],"score":849,"play_id":"9a8ee425-9374-48bc-bb3e-07f1c65d02da","local_time":"20190328191202","is_ascension_mode":false,"campfire_choices":[{"data":"1","floor":7,"key":"LIFT"},{"data":"2","floor":12,"key":"LIFT"},{"data":"3","floor":15,"key":"LIFT"},{"data":"Heavy Blade","floor":23,"key":"SMITH"},{"data":"Fiend Fire","floor":30,"key":"SMITH"},{"data":"Carnage","floor":32,"key":"SMITH"},{"floor":44,"key":"REST"},{"floor":49,"key":"REST"}],"neow_cost":"NONE","seed_source_timestamp":685547315000,"circlet_count":0,"master_deck":["Strike_R","Strike_R+1","Defend_R","Defend_R","Defend_R","Defend_R","Bash+1","Heavy Blade+1","Offering","True Grit","Fiend Fire+1","Corruption+1","Entrench","Carnage+1","Impervious","True Grit+1","Regret","Entrench","Whirlwind","Spot Weakness","Carnage+1"],"relics":["Burning Blood","NeowsBlessing","Girya","Pen Nib","Whetstone","Singing Bowl","Snecko Eye","Blue Candle","Sundial","Lee\u0027s Waffle","Fusion Hammer","Blood Vial","Incense Burner","Paper Frog","Dodecahedron"],"potions_floor_usage":[27,27,33,50,50],"damage_taken":[{"damage":0,"enemies":"Small Slimes","floor":1,"turns":1},{"damage":0,"enemies":"Cultist","floor":4,"turns":1},{"damage":0,"enemies":"Lagavulin","floor":6,"turns":1},{"damage":11,"enemies":"Jaw Worm","floor":11,"turns":2},{"damage":9,"enemies":"2 Fungi Beasts","floor":13,"turns":2},{"damage":6,"enemies":"Large Slime","floor":14,"turns":1},{"damage":9,"enemies":"Slime Boss","floor":16,"turns":9},{"damage":6,"enemies":"Spheric Guardian","floor":18,"turns":2},{"damage":16,"enemies":"2 Thieves","floor":19,"turns":2},{"damage":22,"enemies":"3 Cultists","floor":21,"turns":4},{"damage":25,"enemies":"Shelled Parasite and Fungi","floor":25,"turns":3},{"damage":24,"enemies":"Slavers","floor":27,"turns":4},{"damage":13,"enemies":"Snake Plant","floor":29,"turns":2},{"damage":6,"enemies":"Centurion and Healer","floor":31,"turns":2},{"damage":54,"enemies":"Champ","floor":33,"turns":6},{"damage":6,"enemies":"Orb Walker","floor":35,"turns":2},{"damage":15,"enemies":"3 Shapes","floor":37,"turns":2},{"damage":7,"enemies":"Transient","floor":39,"turns":5},{"damage":6,"enemies":"Nemesis","floor":40,"turns":3},{"damage":0,"enemies":"Jaw Worm Horde","floor":41,"turns":3},{"damage":17,"enemies":"4 Shapes","floor":42,"turns":6},{"damage":8,"enemies":"3 Darklings","floor":48,"turns":4},{"damage":23,"enemies":"Awakened One","floor":50,"turns":7}],"seed_played":"-5714536684936308416","potions_obtained":[{"floor":6,"key":"SpeedPotion"},{"floor":11,"key":"LiquidBronze"},{"floor":16,"key":"Block Potion"},{"floor":27,"key":"AttackPotion"},{"floor":31,"key":"Swift Potion"},{"floor":37,"key":"Ancient Potion"},{"floor":40,"key":"Energy Potion"},{"floor":42,"key":"Strength Potion"}],"is_trial":false,"path_per_floor":["M","?","$","M","?","E","R","?","T","?","M","R","M","M","R","B",null,"M","M","?","M","?","R","?","M","T","E","$","M","R","M","R","B",null,"M","?","M","?","M","E","M","M","T","R","$","?","$","M","R","B",null],"character_chosen":"IRONCLAD","items_purchased":["Girya","Lee\u0027s Waffle","Entrench","Carnage","Whirlwind","Spot Weakness","Paper Frog","Dodecahedron"],"campfire_rested":2,"item_purchase_floors":[3,28,28,28,45,45,45,47],"current_hp_per_floor":[80,80,80,80,73,79,79,79,79,67,62,62,59,59,59,56,80,82,74,58,44,44,44,44,27,27,9,100,95,95,97,97,49,104,104,104,97,97,98,100,108,101,101,112,112,112,112,110,112,95],"gold":56,"neow_bonus":"THREE_ENEMY_KILL","is_prod":false,"is_daily":false,"chose_seed":false,"campfire_upgraded":3,"win_rate":0,"timestamp":1553767922,"path_taken":["M","?","$","?","?","E","R","?","T","?","M","R","M","M","R","BOSS","M","M","?","M","?","R","?","M","T","E","$","?","R","M","R","BOSS","M","?","?","?","M","E","?","M","T","R","$","?","$","M","R","BOSS"],"build_version":"2019-01-23","purchased_purges":2,"victory":true,"max_hp_per_floor":[80,80,80,80,80,80,80,80,80,80,80,80,80,80,80,80,80,82,84,89,91,91,91,91,93,93,93,100,102,102,104,104,104,104,104,104,106,106,108,110,110,112,112,112,112,112,112,112,112,112],"card_choices":[{"not_picked":["Perfected Strike","Burning Pact","Twin Strike"],"picked":"SKIP","floor":1},{"not_picked":["Cleave","Pommel Strike","Heavy Blade"],"picked":"SKIP","floor":4},{"not_picked":["Clothesline","Sever Soul","Twin Strike"],"picked":"SKIP","floor":6},{"not_picked":["Ghostly Armor","Warcry"],"picked":"Heavy Blade","floor":11},{"not_picked":["Uppercut","Twin Strike"],"picked":"Offering","floor":13},{"not_picked":["Thunderclap","Entrench"],"picked":"True Grit","floor":14},{"not_picked":["Dark Embrace","Juggernaut"],"picked":"Fiend Fire","floor":16},{"not_picked":["Rupture+1","Shrug It Off","Hemokinesis"],"picked":"Singing Bowl","floor":18},{"not_picked":["Clash","Fire Breathing+1","Flex"],"picked":"Singing Bowl","floor":19},{"not_picked":["Burning Pact+1","Rage","Dropkick"],"picked":"Singing Bowl","floor":21},{"not_picked":["Body Slam","Havoc+1","Shrug It Off"],"picked":"Singing Bowl","floor":25},{"not_picked":["Shockwave","Body Slam+1"],"picked":"Corruption+1","floor":27},{"not_picked":["Anger","Pummel+1","Cleave+1"],"picked":"Singing Bowl","floor":29},{"not_picked":["Sentinel","Combust","Thunderclap+1"],"picked":"Singing Bowl","floor":31},{"not_picked":["Offering","Juggernaut"],"picked":"Impervious","floor":33},{"not_picked":["Fire Breathing","Perfected Strike+1"],"picked":"True Grit+1","floor":35},{"not_picked":["Rupture+1","Twin Strike","Sword Boomerang"],"picked":"Singing Bowl","floor":37},{"not_picked":["Dual Wield","Combust","Heavy Blade"],"picked":"Singing Bowl","floor":39},{"not_picked":["Fire Breathing+1","Thunderclap","Feel No Pain"],"picked":"Singing Bowl","floor":40},{"not_picked":["Infernal Blade+1","Clash+1"],"picked":"Entrench","floor":41},{"not_picked":["Iron Wave+1","Anger+1","Metallicize"],"picked":"Singing Bowl","floor":42},{"not_picked":["Twin Strike+1","Juggernaut"],"picked":"Carnage+1","floor":48}],"player_experience":2681769,"relics_obtained":[{"floor":6,"key":"Pen Nib"},{"floor":9,"key":"Whetstone"},{"floor":26,"key":"Blue Candle"},{"floor":27,"key":"Sundial"},{"floor":40,"key":"Blood Vial"},{"floor":43,"key":"Incense Burner"}],"event_choices":[{"damage_healed":0,"gold_gain":275,"player_choice":"Desecrate","damage_taken":0,"max_hp_gain":0,"max_hp_loss":0,"event_name":"Golden Shrine","floor":2,"gold_loss":0,"cards_obtained":["Regret"]},{"cards_removed":["Strike_R"],"damage_healed":0,"gold_gain":0,"player_choice":"Card Removal","damage_taken":7,"max_hp_gain":0,"max_hp_loss":0,"event_name":"Golden Wing","floor":5,"gold_loss":0},{"cards_removed":["Strike_R"],"damage_healed":0,"gold_gain":0,"player_choice":"Card Removal","damage_taken":0,"max_hp_gain":0,"max_hp_loss":0,"event_name":"The Cleric","floor":8,"gold_loss":50},{"damage_healed":0,"gold_gain":0,"player_choice":"Success","damage_taken":12,"relics_obtained":["Singing Bowl"],"max_hp_gain":0,"max_hp_loss":0,"event_name":"Scrap Ooze","floor":10,"gold_loss":0},{"damage_healed":0,"gold_gain":0,"player_choice":"Shed Blood","damage_taken":21,"max_hp_gain":5,"max_hp_loss":0,"event_name":"Forgotten Altar","floor":20,"gold_loss":0},{"damage_healed":0,"gold_gain":0,"player_choice":"Ignored","damage_taken":0,"max_hp_gain":0,"max_hp_loss":0,"event_name":"Vampires","floor":22,"gold_loss":0},{"damage_healed":0,"gold_gain":275,"player_choice":"Desecrate","damage_taken":0,"max_hp_gain":0,"max_hp_loss":0,"event_name":"Golden Shrine","floor":24,"gold_loss":0,"cards_obtained":["Regret"]},{"cards_removed":["Strike_R"],"damage_healed":0,"gold_gain":0,"player_choice":"Purged","damage_taken":0,"max_hp_gain":0,"max_hp_loss":0,"event_name":"Purifier","floor":36,"gold_loss":0},{"damage_healed":0,"gold_gain":275,"player_choice":"Desecrate","damage_taken":0,"max_hp_gain":0,"max_hp_loss":0,"event_name":"Golden Shrine","floor":38,"gold_loss":0,"cards_obtained":["Regret"]},{"damage_healed":0,"gold_gain":0,"player_choice":"Ignored","damage_taken":0,"max_hp_gain":0,"max_hp_loss":0,"event_name":"Tomb of Lord Red Mask","floor":46,"gold_loss":0}],"is_beta":false,"boss_relics":[{"not_picked":["Coffee Dripper","Ectoplasm"],"picked":"Snecko Eye"},{"not_picked":["Velvet Choker","Eternal Feather"],"picked":"Fusion Hammer"}],"items_purged_floors":[3,28],"is_endless":false,"potions_floor_spawned":[6,11,16,21,27,31,37,40,42,48],"ascension_level":0}