{"path_per_floor":["M","?","M","?","?","R","E","R","T","E","M","$","R","M","R","B",null,"M","$","M","M","?"],"character_chosen":"IRONCLAD","items_purchased":["Purity"],"gold_per_floor":[119,69,79,79,79,79,122,122,122,162,180,105,105,130,130,251,251,266,62,81,94,132,132],"floor_reached":23,"campfire_rested":0,"playtime":1623,"current_hp_per_floor":[73,73,70,70,70,70,29,29,29,27,37,37,37,37,37,20,73,76,76,70,59,44,0],"items_purged":["Bash","Defend_R"],"gold":132,"score":304,"play_id":"ca9e3c9d-1618-4034-b42a-639c71a32799","local_time":"20180402010619","is_prod":false,"is_daily":false,"is_ascension_mode":true,"campfire_upgraded":4,"timestamp":1522602379,"path_taken":["M","?","M","?","?","R","E","R","T","E","M","$","R","M","R","BOSS","M","$","M","M","?","E"],"build_version":"2018-03-29","purchased_purges":2,"victory":false,"master_deck":["Strike_R","Strike_R","Strike_R","Strike_R","Defend_R","Defend_R","Defend_R","Dark Embrace+1","Thunderclap","Offering","Spot Weakness","Feed+1","Shockwave+1","Feel No Pain","Metallicize","True Grit+1","Limit Break","Purity","Double Tap","Dropkick"],"max_hp_per_floor":[80,80,80,74,74,74,78,78,78,82,86,86,86,90,90,90,90,94,94,98,102,106,106],"relics":["Burning Blood","Golden Idol","Dodecahedron","Gambling Chip","Sozu","Red Mask"],"card_choices":[{"not_picked":["Reckless Charge","Sword Boomerang"],"picked":"Thunderclap","floor":1},{"not_picked":["True Grit","Combust"],"picked":"Offering","floor":3},{"not_picked":["Sever Soul","Clash"],"picked":"Shockwave","floor":7},{"not_picked":["Wild Strike","True Grit"],"picked":"Feel No Pain","floor":10},{"not_picked":["Flex","Thunderclap"],"picked":"Metallicize","floor":11},{"not_picked":["Body Slam","Shrug It Off"],"picked":"True Grit","floor":14},{"not_picked":["Feed","Exhume"],"picked":"Limit Break","floor":16},{"not_picked":["Perfected Strike","Sentinel"],"picked":"Double Tap","floor":21},{"not_picked":["Shrug It Off","Cleave"],"picked":"Dropkick","floor":22}],"player_experience":220942,"potions_floor_usage":[10,16],"damage_taken":[{"damage":5,"enemies":"Small Slimes","floor":1,"turns":3},{"damage":9,"enemies":"Jaw Worm","floor":3,"turns":6},{"damage":51,"enemies":"Lagavulin","floor":7,"turns":6},{"damage":12,"enemies":"3 Sentries","floor":10,"turns":5},{"damage":0,"enemies":"2 Louse","floor":11,"turns":2},{"damage":10,"enemies":"Large Slime","floor":14,"turns":5},{"damage":23,"enemies":"The Guardian","floor":16,"turns":14},{"damage":7,"enemies":"Chosen","floor":18,"turns":7},{"damage":16,"enemies":"Shell Parasite","floor":20,"turns":5},{"damage":21,"enemies":"Centurion and Healer","floor":21,"turns":6},{"damage":25,"enemies":"Masked Bandits","floor":22,"turns":3},{"damage":48,"enemies":"Slavers","floor":23,"turns":4}],"event_choices":[{"event_name":"The Cleric","player_choice":"Card Removal","floor":2,"damage_taken":0},{"event_name":"Golden Idol","player_choice":"Lose Max HP","floor":4,"damage_taken":0},{"event_name":"Match and Keep!","player_choice":"2 cards matched","floor":5,"damage_taken":0},{"event_name":"Masked Bandits","player_choice":"Fought over 94 gold","floor":22,"damage_taken":0}],"boss_relics":[{"not_picked":["Lizard Tail","Philosopher\u0027s Stone"],"picked":"Sozu"}],"potions_floor_spawned":[7,11,16,18,20],"seed_played":"7681003575218174360","killed_by":"Slavers","ascension_level":8,"is_trial":false}