{"gold_per_floor":[113,113,127,142,142,142,159,185,185,185,31,66,66,116,116,221,221,239,255,115,115,127,127,127,127,175,175,175,175,41,41,41,137,137,149,249,249,219,219,219,88,120,120,137,137,137,171,171,171,171],"floor_reached":51,"playtime":1716,"items_purged":["Defend_R","Defend_R","Defend_R"],"score":855,"play_id":"f09b137c-27ab-4b9b-8247-c81156cca3fa","local_time":"20180908022543","is_ascension_mode":true,"campfire_choices":[{"data":"Shockwave","floor":6.0,"key":"SMITH"},{"floor":10.0,"key":"REST"},{"floor":13.0,"key":"REST"},{"floor":15.0,"key":"DIG"},{"floor":23.0,"key":"DIG"},{"floor":25,"key":"DIG"},{"floor":29,"key":"DIG"},{"floor":32,"key":"REST"},{"floor":40,"key":"REST"},{"floor":46,"key":"DIG"},{"floor":49,"key":"REST"}],"neow_cost":"NONE","seed_source_timestamp":0,"circlet_count":0,"master_deck":["Strike_R","Strike_R","Strike_R","Defend_R","Bash","Impervious+1","Fire Breathing","Shockwave+1","Heavy Blade","Offering","Seeing Red","Heavy Blade","Limit Break+1","Shrug It Off+1","True Grit","J.A.X.","Shrug It Off+1","Fire Breathing","Flex","Armaments+1","Offering","Twin Strike+1","Intimidate+1","Inflame","Clothesline+1","Madness","Madness"],"special_seed":0,"relics":["Burning Blood","Matryoshka","Bronze Scales","Shovel","Red Skull","Torii","Letter Opener","Pen Nib","Smiling Mask","Sozu","Juzu Bracelet","Dream Catcher","Strawberry","Pear","Busted Crown","Incense Burner","Mercury Hourglass","Frozen Egg 2","Paper Frog","War Paint"],"potions_floor_usage":[50],"damage_taken":[{"damage":13.0,"enemies":"Jaw Worm","floor":1.0,"turns":5.0},{"damage":13.0,"enemies":"Small Slimes","floor":3.0,"turns":5.0},{"damage":3.0,"enemies":"Cultist","floor":4.0,"turns":4.0},{"damage":40.0,"enemies":"Gremlin Gang","floor":7.0,"turns":6.0},{"damage":24.0,"enemies":"Gremlin Nob","floor":8.0,"turns":5.0},{"damage":21.0,"enemies":"3 Sentries","floor":12.0,"turns":5.0},{"damage":41.0,"enemies":"Slime Boss","floor":16.0,"turns":9.0},{"damage":18.0,"enemies":"3 Byrds","floor":18.0,"turns":3.0},{"damage":12.0,"enemies":"2 Thieves","floor":19.0,"turns":3.0},{"damage":16.0,"enemies":"Centurion and Healer","floor":22.0,"turns":4.0},{"damage":43,"enemies":"Champ","floor":33,"turns":11},{"damage":32,"enemies":"3 Darklings","floor":35,"turns":5},{"damage":31,"enemies":"Mind Bloom Boss Battle","floor":39,"turns":5},{"damage":37,"enemies":"2 Orb Walkers","floor":42,"turns":4},{"damage":21,"enemies":"Orb Walker","floor":44,"turns":4},{"damage":27,"enemies":"Nemesis","floor":47,"turns":5},{"damage":87,"enemies":"Awakened One","floor":50,"turns":8}],"seed_played":"4405398011910879446","potions_obtained":[{"floor":3.0,"key":"FearPotion"},{"floor":12.0,"key":"Strength Potion"},{"floor":16.0,"key":"Regen Potion"}],"is_trial":false,"path_per_floor":["M","?","M","M","?","R","M","E","T","R","$","E","R","T","R","B",null,"M","M","$","?","M","R","?","R","T","?","?","R","$","?","R","B",null,"M","?","?","?","?","R","$","E","T","M","?","R","E","?","R","B"],"character_chosen":"IRONCLAD","items_purchased":["Red Skull","Metallicize","True Grit","Fire Breathing","Flex","Inflame"],"campfire_rested":5,"item_purchase_floors":[11,20,20,30,30,41],"current_hp_per_floor":[73,66,59,62,62,62,28,10,10,34,34,19,43,43,43,8,80,68,62,62,62,52,52,52,52,59,59,64,74,74,55,85,48,102,76,76,76,76,51,81,81,50,50,35,89,89,68,57,83,17],"gold":171,"neow_bonus":"ONE_RANDOM_RARE_CARD","is_prod":false,"is_daily":false,"chose_seed":false,"campfire_upgraded":1,"win_rate":0,"timestamp":1536387943,"path_taken":["M","?","M","M","?","R","M","E","T","R","$","E","R","?","R","BOSS","M","M","$","?","M","R","?","R","T","?","?","R","?","?","R","BOSS","M","?","?","?","?","R","$","E","T","M","?","R","E","?","R","BOSS"],"build_version":"2018-09-06","purchased_purges":3,"victory":true,"max_hp_per_floor":[80,80,80,80,80,80,80,80,80,80,80,80,80,80,80,80,80,80,80,80,80,80,80,80,80,87,87,87,97,97,102,102,102,102,102,102,102,102,102,102,102,102,102,102,89,89,89,89,89,89],"card_choices":[{"not_picked":["Flex","Pommel Strike"],"picked":"Fire Breathing","floor":1.0},{"not_picked":["Hemokinesis","Iron Wave"],"picked":"Shockwave","floor":3.0},{"not_picked":["Perfected Strike","Whirlwind","Havoc"],"picked":"SKIP","floor":4.0},{"not_picked":["Dropkick","Armaments"],"picked":"Offering","floor":7.0},{"not_picked":["Warcry","Sword Boomerang"],"picked":"Seeing Red","floor":8.0},{"not_picked":["Anger","Carnage"],"picked":"Heavy Blade","floor":12.0},{"not_picked":["Juggernaut","Berserk"],"picked":"Limit Break","floor":16.0},{"not_picked":["Warcry","Heavy Blade"],"picked":"Shrug It Off+1","floor":18.0},{"not_picked":["Thunderclap","Clash"],"picked":"Armaments","floor":19.0},{"not_picked":["Combust","Havoc"],"picked":"Shrug It Off+1","floor":22.0},{"not_picked":["Sword Boomerang","Bloodletting"],"picked":"Armaments+1","floor":32},{"not_picked":["Double Tap","Berserk"],"picked":"Offering","floor":33},{"not_picked":["Second Wind+1"],"picked":"SKIP","floor":35},{"not_picked":[],"picked":"Twin Strike+1","floor":39},{"not_picked":[],"picked":"Intimidate+1","floor":40},{"not_picked":[],"picked":"Clothesline+1","floor":42},{"not_picked":["Thunderclap"],"picked":"SKIP","floor":44},{"not_picked":["Body Slam"],"picked":"SKIP","floor":47}],"player_experience":86174,"relics_obtained":[{"floor":8.0,"key":"Matryoshka"},{"floor":9.0,"key":"Bronze Scales"},{"floor":9.0,"key":"Shovel"},{"floor":12.0,"key":"Torii"},{"floor":14.0,"key":"Letter Opener"},{"floor":14.0,"key":"Pen Nib"},{"floor":15.0,"key":"Smiling Mask"},{"floor":23.0,"key":"Juzu Bracelet"},{"floor":25,"key":"Dream Catcher"},{"floor":26,"key":"Strawberry"},{"floor":29,"key":"Pear"},{"floor":39,"key":"Incense Burner"},{"floor":42,"key":"Mercury Hourglass"},{"floor":43,"key":"Frozen Egg 2"},{"floor":46,"key":"Paper Frog"},{"floor":47,"key":"War Paint"}],"event_choices":[{"event_name":"Golden Wing","player_choice":"Card Removal","floor":2.0,"damage_taken":0.0},{"event_name":"Living Wall","player_choice":"Change","floor":5.0,"damage_taken":0.0},{"event_name":"Drug Dealer","player_choice":"Got JAX","floor":21.0,"damage_taken":0.0},{"event_name":"Back to Basics","player_choice":"Elegance","floor":24.0,"damage_taken":0.0},{"event_name":"Ghosts","player_choice":"Ignored","floor":27,"damage_taken":0},{"event_name":"Bonfire Elementals","player_choice":"COMMON","floor":28,"damage_taken":0},{"event_name":"Forgotten Altar","player_choice":"Shed Blood","floor":31,"damage_taken":0},{"event_name":"Golden Shrine","player_choice":"Pray","floor":36,"damage_taken":0},{"event_name":"Falling","player_choice":"Removed Power","floor":37,"damage_taken":0},{"event_name":"The Woman in Blue","player_choice":"Bought 2 Potions","floor":38,"damage_taken":0},{"event_name":"MindBloom","player_choice":"Fight","floor":39,"damage_taken":0},{"event_name":"The Moai Head","player_choice":"Heal","floor":45,"damage_taken":0},{"event_name":"Winding Halls","player_choice":"Embrace Madness","floor":48,"damage_taken":0}],"is_beta":false,"boss_relics":[{"not_picked":["Runic Dome","Mark of Pain"],"picked":"Sozu"},{"not_picked":["White Beast Statue","Coffee Dripper"],"picked":"Busted Crown"}],"items_purged_floors":[20,30,41],"is_endless":false,"potions_floor_spawned":[3,12,16,33,39,47],"ascension_level":3}