{"gold_per_floor":[531,42,159,269,380,380,37,37,37,37],"floor_reached":10,"playtime":354,"items_purged":["Strike_R"],"score":206,"play_id":"48ce1368-463e-41c9-8a09-86a5f462bfdb","local_time":"20190404221308","daily_mods":["Uncertain Future"],"is_ascension_mode":false,"campfire_choices":[{"floor":8.0,"key":"REST"}],"neow_cost":"","seed_source_timestamp":0,"circlet_count":0,"master_deck":["Strike_R","Strike_R","Strike_R","Defend_R","Defend_R","Defend_R","Bash","Finesse+1","Panacea+1","Flex+1","Havoc+1","Evolve+1","Shrug It Off+1","Fiend Fire+1","Finesse+1"],"special_seed":0,"relics":["Burning Blood","The Courier","Molten Egg 2","Toxic Egg 2","Frozen Egg 2","Lantern","Happy Flower","Bag of Preparation","Chemical X","Sundial","Gremlin Horn","Peace Pipe","Gambling Chip","Empty Cage","DollysMirror","Bag of Marbles"],"potions_floor_usage":[],"damage_taken":[{"damage":20.0,"enemies":"The Guardian","floor":3.0,"turns":11.0},{"damage":18.0,"enemies":"Slime Boss","floor":4.0,"turns":8.0},{"damage":21.0,"enemies":"Hexaghost","floor":5.0,"turns":7.0},{"damage":0,"enemies":"3 Sentries","floor":10,"turns":1}],"seed_played":"-7712340131326723865","potions_obtained":[{"floor":3.0,"key":"Strength Potion"},{"floor":4.0,"key":"Swift Potion"}],"is_trial":true,"path_per_floor":["$","$","M","M","M","T","$","R","T","E"],"character_chosen":"IRONCLAD","items_purchased":["Lantern","Happy Flower","Finesse+1","Panacea+1","Flex+1","Bag of Preparation","Chemical X","Sundial","Fiend Fire+1","DollysMirror","GamblersBrew"],"campfire_rested":1,"item_purchase_floors":[1,1,1,1,1,2,2,2,7,7,7],"current_hp_per_floor":[80,80,66,54,39,39,39,63,63,63],"gold":37,"neow_bonus":"","is_prod":false,"is_daily":false,"chose_seed":false,"campfire_upgraded":0,"win_rate":0,"timestamp":1554383588,"path_taken":["$","$","M","M","M","T","$","R","M","E"],"build_version":"2019-01-23","purchased_purges":1,"victory":false,"max_hp_per_floor":[80,80,80,80,80,80,80,80,80,80],"card_choices":[{"not_picked":["Rage+1","Anger+1"],"picked":"Havoc+1","floor":3.0},{"not_picked":["Warcry+1","Pommel Strike+1"],"picked":"Evolve+1","floor":4.0},{"not_picked":["Perfected Strike+1","Whirlwind+1"],"picked":"Shrug It Off+1","floor":5.0}],"player_experience":2878671,"relics_obtained":[{"floor":3.0,"key":"Gremlin Horn"},{"floor":4.0,"key":"Peace Pipe"},{"floor":5.0,"key":"Gambling Chip"},{"floor":9.0,"key":"Bag of Marbles"}],"event_choices":[],"is_beta":false,"boss_relics":[{"not_picked":["Calling Bell","Busted Crown"],"picked":"Empty Cage"}],"items_purged_floors":[1],"is_endless":false,"potions_floor_spawned":[3,4],"killed_by":"3 Sentries","ascension_level":0}