{"gold_per_floor":[109,127,138,15,15,15,50,50,50,50,50,50,60,92,92,193,193,203,226,68,68,78,78,112,112,112,144,158,188,220,243,255,267],"floor_reached":33,"playtime":2512,"items_purged":["Defend_R"],"score":526,"play_id":"93de5aa2-1f30-44ce-ab52-033cb6883086","local_time":"20181012125056","is_ascension_mode":true,"campfire_choices":[{"data":"Shrug It Off","floor":6,"key":"SMITH"},{"data":"Pommel Strike","floor":8,"key":"SMITH"},{"data":"Ghostly Armor","floor":11,"key":"SMITH"},{"data":"Impervious","floor":15,"key":"SMITH"},{"data":"Armaments","floor":23,"key":"SMITH"},{"data":"Dark Embrace","floor":25,"key":"SMITH"},{"data":"Barricade","floor":32,"key":"SMITH"}],"neow_cost":"NONE","seed_source_timestamp":1451586627954963,"circlet_count":0,"master_deck":["Strike_R","Strike_R","Strike_R","Strike_R+1","Strike_R","Defend_R","Defend_R","Defend_R","Bash+1","AscendersBane","Ghostly Armor+1","Battle Trance+1","Pommel Strike+1","Shrug It Off+1","Impervious+1","Thunderclap","Dark Embrace+1","Armaments+1","Disarm","Metallicize","Headbutt","Ghostly Armor","Barricade+1"],"relics":["Burning Blood","Pear","Boot","Pen Nib","Dead Branch","Coffee Dripper","Omamori","Strawberry","Potion Belt","Bottled Flame","Red Skull","MawBank"],"potions_floor_usage":[16,16,24,31,31],"damage_taken":[{"damage":7,"enemies":"2 Louse","floor":1,"turns":4},{"damage":8,"enemies":"Small Slimes","floor":2,"turns":5},{"damage":0,"enemies":"Cultist","floor":3,"turns":4},{"damage":9,"enemies":"Gremlin Nob","floor":7,"turns":4},{"damage":6,"enemies":"Exordium Wildlife","floor":13,"turns":4},{"damage":17,"enemies":"3 Sentries","floor":14,"turns":9},{"damage":40,"enemies":"Hexaghost","floor":16,"turns":12},{"damage":2,"enemies":"Shell Parasite","floor":18,"turns":6},{"damage":7,"enemies":"Chosen","floor":22,"turns":5},{"damage":22,"enemies":"Book of Stabbing","floor":24,"turns":8},{"damage":35,"enemies":"Slavers","floor":27,"turns":11},{"damage":0,"enemies":"Snecko","floor":28,"turns":3},{"damage":18,"enemies":"Gremlin Leader","floor":29,"turns":7},{"damage":1,"enemies":"Centurion and Healer","floor":30,"turns":6},{"damage":0,"enemies":"Cultist and Chosen","floor":31,"turns":5},{"damage":45,"enemies":"Collector","floor":33,"turns":11}],"seed_played":"1011560136762064205","potions_obtained":[{"floor":1,"key":"GamblersBrew"},{"floor":2,"key":"Fire Potion"},{"floor":10,"key":"EntropicBrew"},{"floor":29,"key":"Poison Potion"},{"floor":30,"key":"EssenceOfSteel"}],"is_trial":false,"path_per_floor":["M","M","M","$","?","R","E","R","T","?","R","?","M","E","R","B",null,"M","T","$","?","M","R","E","R","T","E","M","E","M","M","R"],"character_chosen":"IRONCLAD","items_purchased":["Shrug It Off","Disarm","Metallicize"],"campfire_rested":0,"item_purchase_floors":[4,20,20],"current_hp_per_floor":[71,69,75,75,59,59,66,66,66,66,66,63,63,52,52,18,72,76,76,76,83,82,82,66,66,66,37,43,31,36,42,42,0],"gold":267,"neow_bonus":"UPGRADE_CARD","is_prod":false,"is_daily":false,"chose_seed":false,"campfire_upgraded":7,"win_rate":0,"timestamp":1539319856,"path_taken":["M","M","M","$","?","R","E","R","T","?","R","?","M","E","R","BOSS","M","?","$","?","M","R","E","R","T","E","M","E","?","M","R","BOSS"],"build_version":"2018-10-10","purchased_purges":1,"victory":false,"max_hp_per_floor":[80,80,80,80,80,80,90,90,90,90,90,90,90,90,90,90,90,90,90,90,97,97,97,97,97,97,97,97,97,97,97,97,97],"card_choices":[{"not_picked":["Combust","Body Slam"],"picked":"Ghostly Armor","floor":1},{"not_picked":["Evolve","Twin Strike"],"picked":"Battle Trance","floor":2},{"not_picked":["Perfected Strike","Dual Wield"],"picked":"Pommel Strike","floor":3},{"not_picked":["True Grit","Warcry"],"picked":"Impervious","floor":7},{"not_picked":["Pommel Strike","Shrug It Off"],"picked":"Thunderclap","floor":13},{"not_picked":["Thunderclap","Dual Wield","Inflame"],"picked":"SKIP","floor":14},{"not_picked":["Offering","Brutality"],"picked":"Dark Embrace","floor":16},{"not_picked":["Havoc","Shrug It Off"],"picked":"Armaments","floor":18},{"not_picked":["Heavy Blade","Clothesline"],"picked":"Headbutt","floor":22},{"not_picked":["Power Through+1","Heavy Blade+1","Double Tap"],"picked":"SKIP","floor":24},{"not_picked":["Pommel Strike","Heavy Blade","Iron Wave"],"picked":"SKIP","floor":27},{"not_picked":["Offering","Blood for Blood","Heavy Blade"],"picked":"SKIP","floor":28},{"not_picked":["Pommel Strike","Body Slam"],"picked":"Ghostly Armor","floor":29},{"not_picked":["Headbutt","Entrench"],"picked":"Barricade","floor":30},{"not_picked":["Sentinel","Inflame","Havoc"],"picked":"SKIP","floor":31}],"player_experience":491057,"relics_obtained":[{"floor":7,"key":"Pear"},{"floor":9,"key":"Boot"},{"floor":14,"key":"Dead Branch"},{"floor":19,"key":"Omamori"},{"floor":24,"key":"Potion Belt"},{"floor":26,"key":"Bottled Flame"},{"floor":27,"key":"Red Skull"},{"floor":29,"key":"MawBank"}],"event_choices":[{"event_name":"Shining Light","player_choice":"Entered Light","floor":5,"damage_taken":0},{"event_name":"The Lab","player_choice":"Got Potions","floor":10,"damage_taken":0},{"event_name":"Scrap Ooze","player_choice":"success","floor":12,"damage_taken":3},{"event_name":"WeMeetAgain","player_choice":"Potion","floor":21,"damage_taken":0}],"is_beta":true,"boss_relics":[{"not_picked":["Runic Dome","Black Star"],"picked":"Coffee Dripper"}],"items_purged_floors":[4],"is_endless":false,"potions_floor_spawned":[1,2,13,29,30],"killed_by":"Collector","ascension_level":12}