{"gold_per_floor":[110,385,98,108,125,125,160,35,35,67,82,102,129,141,141,214,214,231,146,160,177,177,177,212,212,212,212,54,80,80,92,92,92,92,106,381,392,411,411,411,446,446,446,446,466,481,494,525,525,525,525,525,525,44,44],"floor_reached":55,"playtime":3475,"items_purged":["Regret","Defend_B","Dualcast"],"score":2099,"play_id":"a1906f98-95b6-4028-92f9-9c87b5488dc5","local_time":"20190223175102","is_ascension_mode":true,"campfire_choices":[{"data":"Consume","floor":6.0,"key":"SMITH"},{"data":"Sunder","floor":15.0,"key":"SMITH"},{"data":"Hyperbeam","floor":23.0,"key":"SMITH"},{"data":"Streamline","floor":27.0,"key":"PURGE"},{"data":"Fission","floor":32.0,"key":"SMITH"},{"data":"Regret","floor":40.0,"key":"PURGE"},{"floor":42.0,"key":"RECALL"},{"data":"Consume","floor":44.0,"key":"SMITH"},{"data":"Blizzard","floor":49.0,"key":"SMITH"},{"data":"Fusion","floor":53.0,"key":"PURGE"}],"neow_cost":"NONE","seed_source_timestamp":277411943997800,"circlet_count":0,"master_deck":["AscendersBane","Consume+1","Self Repair","Cold Snap","Coolheaded","Gash","Sunder+1","Self Repair+1","Core Surge","Rip and Tear","Buffer+1","Glacier","Hyperbeam+1","Core Surge","FTL","Consume+1","Conserve Battery+1","Capacitor+1","Loop+1","Fission+1","Cold Snap+1","White Noise","Echo Form+1","Blizzard","Turbo+1","Blizzard+1","Self Repair+1","Loop+1","Heatsinks+1","Capacitor+1","Capacitor+1","Panacea"],"special_seed":0,"relics":["Cracked Core","NeowsBlessing","Incense Burner","Frozen Egg 2","Centennial Puzzle","Ginger","Pandora\u0027s Box","The Courier","Peace Pipe","Pantograph","Lantern","Singing Bowl","Enchiridion","Philosopher\u0027s Stone","Juzu Bracelet","StoneCalendar","Vajra"],"potions_floor_usage":[],"damage_taken":[{"damage":0.0,"enemies":"Jaw Worm","floor":1.0,"turns":1.0},{"damage":0.0,"enemies":"Cultist","floor":4.0,"turns":1.0},{"damage":0.0,"enemies":"2 Louse","floor":5.0,"turns":1.0},{"damage":18.0,"enemies":"3 Sentries","floor":7.0,"turns":15.0},{"damage":22.0,"enemies":"Gremlin Nob","floor":10.0,"turns":4.0},{"damage":5.0,"enemies":"2 Fungi Beasts","floor":11.0,"turns":2.0},{"damage":6.0,"enemies":"Blue Slaver","floor":12.0,"turns":4.0},{"damage":17.0,"enemies":"Lagavulin","floor":13.0,"turns":9.0},{"damage":6.0,"enemies":"3 Louse","floor":14.0,"turns":3.0},{"damage":0.0,"enemies":"The Guardian","floor":16.0,"turns":13.0},{"damage":2.0,"enemies":"2 Thieves","floor":18.0,"turns":3.0},{"damage":0.0,"enemies":"Spheric Guardian","floor":20.0,"turns":5.0},{"damage":7.0,"enemies":"Chosen and Byrds","floor":21.0,"turns":8.0},{"damage":11.0,"enemies":"Colosseum Slavers","floor":22.0,"turns":6.0},{"damage":34.0,"enemies":"Slavers","floor":24.0,"turns":5.0},{"damage":16.0,"enemies":"Gremlin Leader","floor":29.0,"turns":7.0},{"damage":4.0,"enemies":"Sentry and Sphere","floor":31.0,"turns":6.0},{"damage":9.0,"enemies":"Collector","floor":33.0,"turns":20.0},{"damage":0.0,"enemies":"3 Shapes","floor":35.0,"turns":2.0},{"damage":0.0,"enemies":"Orb Walker","floor":37.0,"turns":3.0},{"damage":14.0,"enemies":"3 Darklings","floor":38.0,"turns":5.0},{"damage":0.0,"enemies":"Giant Head","floor":41.0,"turns":13.0},{"damage":24.0,"enemies":"Sphere and 2 Shapes","floor":45.0,"turns":12.0},{"damage":40.0,"enemies":"4 Shapes","floor":46.0,"turns":7.0},{"damage":16.0,"enemies":"Spire Growth","floor":47.0,"turns":11.0},{"damage":0.0,"enemies":"Nemesis","floor":48.0,"turns":13.0},{"damage":42.0,"enemies":"Time Eater","floor":50.0,"turns":24.0},{"damage":41.0,"enemies":"Donu and Deca","floor":51.0,"turns":17.0},{"damage":75,"enemies":"Shield and Spear","floor":55,"turns":4}],"seed_played":"251379574311589851","potions_obtained":[{"floor":5.0,"key":"AttackPotion"},{"floor":12.0,"key":"Swift Potion"},{"floor":18.0,"key":"Ancient Potion"},{"floor":20.0,"key":"Block Potion"},{"floor":24.0,"key":"Explosive Potion"},{"floor":35.0,"key":"Dexterity Potion"},{"floor":41.0,"key":"Strength Potion"},{"floor":48.0,"key":"Dexterity Potion"}],"is_trial":false,"path_per_floor":["M","?","$","M","M","R","E","$","T","E","M","M","E","M","R","B",null,"M","?","M","M","?","R","E","T","T","R","$","E","?","M","R","B",null,"M","?","M","M","?","R","E","R","T","R","M","M","M","E","R","B","B",null,"R","$","E"],"character_chosen":"DEFECT","items_purchased":["Consume","Self Repair","Energy Potion","Gash","Capacitor+1","Lantern","Self Repair+1","Loop+1","Heatsinks+1","Capacitor+1","Capacitor+1","Panacea"],"campfire_rested":0,"item_purchase_floors":[3,3,3,8,28,28,54,54,54,54,54,54],"current_hp_per_floor":[64,64,64,64,71,71,60,60,60,45,40,34,24,35,35,52,66,71,71,71,71,71,71,54,54,54,54,54,55,34,47,47,71,71,71,71,73,73,73,73,73,73,73,73,73,67,75,75,75,50,68,73,73,73,0],"gold":44,"neow_bonus":"THREE_ENEMY_KILL","is_prod":false,"is_daily":false,"chose_seed":false,"campfire_upgraded":6,"win_rate":0,"timestamp":1550911862,"path_taken":["M","?","$","?","?","R","E","?","T","E","M","M","E","M","R","BOSS","M","?","M","M","?","R","E","?","T","R","?","E","?","?","R","BOSS","M","?","M","?","?","R","E","R","T","R","M","M","M","E","R","BOSS","BOSS","R","$","E"],"build_version":"2019-01-23","purchased_purges":3,"victory":false,"max_hp_per_floor":[71,71,71,71,71,71,71,71,71,71,71,71,71,71,71,71,71,71,71,71,71,71,71,71,71,71,71,71,71,71,71,71,71,71,71,71,73,73,73,73,73,73,73,73,73,73,75,75,75,75,75,75,75,75,75],"card_choices":[{"not_picked":["Conserve Battery","Steam","Double Energy"],"picked":"SKIP","floor":1.0},{"not_picked":["Darkness","Compile Driver"],"picked":"Cold Snap","floor":4.0},{"not_picked":["Hologram","Steam"],"picked":"Coolheaded","floor":5.0},{"not_picked":["Genetic Algorithm","Auto Shields"],"picked":"Streamline","floor":7.0},{"not_picked":["Reinforced Body","Sunder","Streamline"],"picked":"SKIP","floor":10.0},{"not_picked":["Reinforced Body","Streamline"],"picked":"Sunder","floor":10.0},{"not_picked":["Chaos","Static Discharge+1","Compile Driver"],"picked":"SKIP","floor":11.0},{"not_picked":["Reprogram","Go for the Eyes","Genetic Algorithm"],"picked":"SKIP","floor":12.0},{"not_picked":["Steam Power","FTL"],"picked":"Self Repair+1","floor":13.0},{"not_picked":["Steam","Multi-Cast","Rip and Tear"],"picked":"SKIP","floor":14.0},{"not_picked":["Amplify","Thunder Strike"],"picked":"Core Surge","floor":16.0},{"not_picked":["Conserve Battery","Steam Power"],"picked":"Consume","floor":18.0},{"not_picked":["Ball Lightning+1","Streamline"],"picked":"Conserve Battery+1","floor":20.0},{"not_picked":["Sweeping Beam","Beam Cell","Streamline"],"picked":"SKIP","floor":21.0},{"not_picked":["Barrage","Gash","Go for the Eyes+1"],"picked":"SKIP","floor":24.0},{"not_picked":["Capacitor+1","Compile Driver+1"],"picked":"Loop+1","floor":29.0},{"not_picked":["Steam","Double Energy+1"],"picked":"Fission","floor":31.0},{"not_picked":["Go for the Eyes+1","Barrage"],"picked":"Cold Snap+1","floor":35.0},{"not_picked":["Ball Lightning","Skim","Tempest+1"],"picked":"Singing Bowl","floor":37.0},{"not_picked":["Rebound+1","Streamline"],"picked":"White Noise","floor":38.0},{"not_picked":["Defragment+1","Storm+1"],"picked":"Echo Form+1","floor":41.0},{"not_picked":["Sweeping Beam","Barrage"],"picked":"Blizzard","floor":45.0},{"not_picked":["Steam","Self Repair+1"],"picked":"Turbo+1","floor":46.0},{"not_picked":["Ball Lightning+1","Consume","Double Energy"],"picked":"Singing Bowl","floor":47.0},{"not_picked":["Steam Power","Double Energy"],"picked":"Blizzard","floor":48.0}],"player_experience":1781182,"relics_obtained":[{"floor":7.0,"key":"Incense Burner"},{"floor":9.0,"key":"Frozen Egg 2"},{"floor":10.0,"key":"Centennial Puzzle"},{"floor":13.0,"key":"Ginger"},{"floor":24.0,"key":"Peace Pipe"},{"floor":26.0,"key":"Pantograph"},{"floor":29.0,"key":"Singing Bowl"},{"floor":30.0,"key":"Enchiridion"},{"floor":41.0,"key":"Juzu Bracelet"},{"floor":43.0,"key":"StoneCalendar"},{"floor":48.0,"key":"Vajra"}],"event_choices":[{"damage_healed":0.0,"max_hp_gain":0.0,"max_hp_loss":0.0,"gold_gain":275.0,"event_name":"Golden Shrine","player_choice":"Desecrate","floor":2.0,"gold_loss":0.0,"damage_taken":0.0,"cards_obtained":["Regret"]},{"damage_healed":0.0,"max_hp_gain":0.0,"max_hp_loss":0.0,"gold_gain":0.0,"event_name":"Addict","player_choice":"Obtained Relic","floor":19.0,"gold_loss":85.0,"damage_taken":0.0,"relics_obtained":["The Courier"]},{"damage_healed":0.0,"max_hp_gain":0.0,"max_hp_loss":0.0,"gold_gain":0.0,"event_name":"Colosseum","player_choice":"Fight","floor":22.0,"gold_loss":0.0,"damage_taken":0.0},{"damage_healed":0.0,"max_hp_gain":0.0,"max_hp_loss":0.0,"gold_gain":0.0,"event_name":"Colosseum","player_choice":"Fled From Nobs","floor":22.0,"gold_loss":0.0,"damage_taken":0.0},{"damage_healed":0.0,"max_hp_gain":0.0,"max_hp_loss":0.0,"gold_gain":0.0,"event_name":"Cursed Tome","player_choice":"Obtained Book","floor":30.0,"gold_loss":0.0,"damage_taken":21.0},{"damage_healed":0.0,"max_hp_gain":0.0,"max_hp_loss":0.0,"gold_gain":275.0,"event_name":"Golden Shrine","player_choice":"Desecrate","floor":36.0,"gold_loss":0.0,"damage_taken":0.0,"cards_obtained":["Regret"]},{"cards_removed":["Zap"],"damage_healed":0.0,"max_hp_gain":0.0,"max_hp_loss":0.0,"gold_gain":0.0,"event_name":"Falling","player_choice":"Removed Skill","floor":39.0,"gold_loss":0.0,"damage_taken":0.0}],"is_beta":false,"boss_relics":[{"not_picked":["Astrolabe","Eternal Feather"],"picked":"Pandora\u0027s Box"},{"not_picked":["Runic Pyramid","White Beast Statue"],"picked":"Philosopher\u0027s Stone"}],"items_purged_floors":[3,8,54],"is_endless":false,"potions_floor_spawned":[5,12,13,14,18,20,24,35,41,45,48],"killed_by":"Shield and Spear","ascension_level":20}