{"path_per_floor":["M","?","?","$","M","M","?","R","T","M","R","?","M","M","R","B",null,"M","$","?","?","M","R","M","E","T","M","M","R","M"],"character_chosen":"DEFECT","items_purchased":["Kunai","Vajra"],"gold_per_floor":[116,116,291,216,234,245,245,245,245,257,257,257,270,290,290,390,390,406,5,0,0,13,13,25,86,140,153,167,167,183,183],"floor_reached":31,"campfire_rested":0,"playtime":2101,"current_hp_per_floor":[59,59,59,59,59,59,52,52,52,50,50,50,43,42,42,27,58,51,51,51,35,35,35,49,3,3,34,28,28,8,0],"items_purged":["Doubt"],"gold":183,"score":324,"play_id":"8b69dd22-838f-4dcf-880b-915fc3ebae42","local_time":"20180511195811","is_prod":false,"is_daily":false,"chose_seed":false,"is_ascension_mode":true,"campfire_upgraded":5,"timestamp":1526039891,"path_taken":["M","?","?","$","M","?","?","R","T","?","R","?","M","M","R","BOSS","M","$","?","?","?","R","M","E","T","M","M","R","M","E"],"build_version":"2018-05-10","seed_source_timestamp":11724923709539,"purchased_purges":2,"victory":false,"master_deck":["Strike_B","Strike_B","Defend_B","Defend_B","Defend_B","Defend_B","Zap+1","Dualcast","Recycle+1","Streamline+1","Defragment+1","Chill","Reinforced Body","Reboot","Ball Lightning","Barrage+1","Coolheaded+1","Barrage","Double Energy+1"],"max_hp_per_floor":[68,68,68,68,68,68,68,68,68,68,68,68,68,68,68,68,68,68,68,68,68,68,68,68,68,68,68,68,68,68,68],"relics":["Cracked Core","Dead Branch","Torii","Happy Flower","Lizard Tail","Kunai","Vajra","Nilry\u0027s Codex","Tiny Chest","Lantern"],"card_choices":[{"not_picked":["Sunder","Turbo"],"picked":"Recycle","floor":1},{"not_picked":["Blizzard","Beam Cell"],"picked":"Defragment","floor":5},{"not_picked":["Reboot","Aggregate"],"picked":"Chill","floor":13},{"not_picked":["Turbo","Streamline"],"picked":"Reinforced Body","floor":14},{"not_picked":["Meteor Strike","Buffer"],"picked":"Reboot","floor":16},{"not_picked":["Skim","Rebound"],"picked":"Ball Lightning","floor":18},{"not_picked":["Go for the Eyes","Streamline"],"picked":"Barrage","floor":22},{"not_picked":["Capacitor","Self Repair"],"picked":"Coolheaded","floor":24},{"not_picked":["Streamline","Conserve Battery"],"picked":"Barrage","floor":27},{"not_picked":["Leap","Beam Cell"],"picked":"Double Energy","floor":28}],"player_experience":363582,"potions_floor_usage":[10,18,22,31,31],"damage_taken":[{"damage":9,"enemies":"2 Louse","floor":1,"turns":3},{"damage":0,"enemies":"Cultist","floor":5,"turns":3},{"damage":0,"enemies":"Small Slimes","floor":6,"turns":2},{"damage":2,"enemies":"3 Louse","floor":10,"turns":4},{"damage":7,"enemies":"2 Fungi Beasts","floor":13,"turns":3},{"damage":1,"enemies":"Lots of Slimes","floor":14,"turns":4},{"damage":15,"enemies":"The Guardian","floor":16,"turns":10},{"damage":7,"enemies":"Shell Parasite","floor":18,"turns":6},{"damage":0,"enemies":"2 Thieves","floor":22,"turns":4},{"damage":0,"enemies":"Centurion and Healer","floor":24,"turns":7},{"damage":46,"enemies":"Gremlin Leader","floor":25,"turns":8},{"damage":9,"enemies":"Snake Plant","floor":27,"turns":3},{"damage":6,"enemies":"Slaver and Parasite","floor":28,"turns":7},{"damage":20,"enemies":"Snecko","floor":30,"turns":5},{"damage":14,"enemies":"Book of Stabbing","floor":31,"turns":3}],"event_choices":[{"event_name":"Transmorgrifier","player_choice":"Transform","floor":2,"damage_taken":0},{"event_name":"Liars Game","player_choice":"agreed","floor":3,"damage_taken":0},{"event_name":"Scrap Ooze","player_choice":"success","floor":7,"damage_taken":7},{"event_name":"Purifier","player_choice":"One Purge","floor":12,"damage_taken":0},{"event_name":"Masked Bandits","player_choice":"Paid Bandits 5 gold","floor":20,"damage_taken":0},{"event_name":"Cursed Tome","player_choice":"Obtained Book","floor":21,"damage_taken":0}],"boss_relics":[{"not_picked":["Runic Dome","Pandora\u0027s Box"],"picked":"Lizard Tail"}],"potions_floor_spawned":[1,10,18,22,27],"seed_played":"4886247582567998887","killed_by":"Book of Stabbing","ascension_level":6,"is_trial":false}