{"gold_per_floor":[117,192,157,169,24,24,36,36,61,77,111,31,46,62,62,160,160,145,55,72,82,97,97,97,97,124,137,148,174,190,203,203,203],"floor_reached":33,"playtime":921,"items_purged":[],"score":328,"play_id":"91eefec2-bd42-4403-a56a-3f9cca0c561a","local_time":"20190424003109","is_ascension_mode":true,"campfire_choices":[{"data":"Zap","floor":6,"key":"SMITH"},{"data":"Defragment","floor":8,"key":"SMITH"},{"floor":15,"key":"REST"},{"floor":23,"key":"REST"},{"floor":25,"key":"REST"},{"floor":32,"key":"REST"}],"neow_cost":"NONE","seed_source_timestamp":505462669985982,"circlet_count":0,"master_deck":["Strike_B","Strike_B","Strike_B","Strike_B","Defend_B","Defend_B","Defend_B+1","Defend_B","Zap+1","Dualcast","Amplify","FTL","Cold Snap","Defragment+1","Chill","Self Repair","Sunder","Redo+1","Leap","Coolheaded","Electrodynamics","Defragment+1","Ball Lightning","Self Repair","Doom and Gloom","Sweeping Beam","Ball Lightning","Gash","Go for the Eyes+1","Conserve Battery","Sweeping Beam+1","Buffer"],"relics":["Cracked Core","Bronze Scales","Happy Flower","Dream Catcher","Runic Pyramid","War Paint","Ice Cream"],"potions_floor_usage":[16,29,29,30,33,33],"damage_taken":[{"damage":11,"enemies":"Small Slimes","floor":1,"turns":3},{"damage":11,"enemies":"Jaw Worm","floor":4,"turns":4},{"damage":2,"enemies":"2 Louse","floor":7,"turns":2},{"damage":8,"enemies":"Blue Slaver","floor":10,"turns":3},{"damage":12,"enemies":"Gremlin Nob","floor":11,"turns":4},{"damage":7,"enemies":"Looter","floor":13,"turns":2},{"damage":23,"enemies":"Exordium Thugs","floor":14,"turns":4},{"damage":21,"enemies":"The Guardian","floor":16,"turns":11},{"damage":18,"enemies":"2 Thieves","floor":18,"turns":4},{"damage":0,"enemies":"Chosen","floor":20,"turns":4},{"damage":43,"enemies":"Snake Plant","floor":21,"turns":3},{"damage":28,"enemies":"3 Cultists","floor":22,"turns":5},{"damage":12,"enemies":"Chosen and Byrds","floor":27,"turns":4},{"damage":32,"enemies":"Snake Plant","floor":28,"turns":3},{"damage":48,"enemies":"Book of Stabbing","floor":29,"turns":6},{"damage":10,"enemies":"Centurion and Healer","floor":30,"turns":5},{"damage":27,"enemies":"Snecko","floor":31,"turns":4},{"damage":52,"enemies":"Champ","floor":33,"turns":10}],"seed_played":"533540186201093159","potions_obtained":[{"floor":4,"key":"Fire Potion"},{"floor":7,"key":"Block Potion"},{"floor":11,"key":"Regen Potion"},{"floor":16,"key":"Swift Potion"},{"floor":29,"key":"FearPotion"},{"floor":30,"key":"Energy Potion"}],"is_trial":false,"path_per_floor":["M","?","?","M","$","R","M","R","T","M","E","$","M","M","R","B",null,"M","$","M","M","M","R","?","R","T","M","M","E","M","M","R","B"],"character_chosen":"DEFECT","items_purchased":["Bronze Scales","Sunder","Redo","Ball Lightning","Self Repair"],"campfire_rested":4,"item_purchase_floors":[5,12,12,19,19],"current_hp_per_floor":[64,53,71,60,60,60,58,58,58,50,38,38,38,29,51,37,75,71,71,75,39,25,47,47,69,69,71,39,27,31,18,40,0],"gold":203,"neow_bonus":"ONE_RANDOM_RARE_CARD","is_prod":false,"is_daily":false,"chose_seed":false,"campfire_upgraded":2,"win_rate":0,"timestamp":1556083869,"path_taken":["M","?","?","M","$","R","M","R","T","M","E","?","?","M","R","BOSS","M","$","M","M","M","R","?","R","T","M","M","E","M","M","R","BOSS"],"build_version":"2019-01-23","purchased_purges":0,"victory":false,"max_hp_per_floor":[75,75,75,75,75,75,75,75,75,75,75,75,75,75,75,75,75,75,75,75,75,75,75,75,75,75,75,75,75,75,75,75,75],"card_choices":[{"not_picked":["Turbo","Fusion"],"picked":"FTL","floor":1},{"not_picked":["Redo","Compile Driver"],"picked":"Cold Snap","floor":4},{"not_picked":["Steam","Sweeping Beam"],"picked":"Defragment","floor":7},{"not_picked":["Rebound","Turbo"],"picked":"Chill","floor":10},{"not_picked":["Cold Snap","Beam Cell"],"picked":"Self Repair","floor":11},{"not_picked":["Streamline","Compile Driver","Sunder"],"picked":"SKIP","floor":13},{"not_picked":["Cold Snap","Barrage"],"picked":"Leap","floor":14},{"not_picked":["Compile Driver","Streamline"],"picked":"Coolheaded","floor":15},{"not_picked":["Rainbow","Core Surge"],"picked":"Electrodynamics","floor":16},{"not_picked":["Loop","Conserve Battery"],"picked":"Defragment+1","floor":18},{"not_picked":["Undo","Compile Driver"],"picked":"Doom and Gloom","floor":20},{"not_picked":["Reinforced Body","Turbo"],"picked":"Sweeping Beam","floor":21},{"not_picked":["Force Field+1","Turbo","Rip and Tear"],"picked":"SKIP","floor":22},{"not_picked":["Doom and Gloom","Conserve Battery"],"picked":"Ball Lightning","floor":23},{"not_picked":["Stack","Redo"],"picked":"Gash","floor":25},{"not_picked":["Undo+1","Coolheaded"],"picked":"Go for the Eyes+1","floor":27},{"not_picked":["Scrape","Beam Cell"],"picked":"Conserve Battery","floor":28},{"not_picked":["Rebound+1","Recycle","Aggregate"],"picked":"SKIP","floor":29},{"not_picked":["Heatsinks","Rip and Tear"],"picked":"Sweeping Beam+1","floor":30},{"not_picked":["Aggregate+1","Compile Driver","Sweeping Beam+1"],"picked":"SKIP","floor":31},{"not_picked":["Blizzard+1","Auto Shields+1"],"picked":"Buffer","floor":32}],"player_experience":236695,"relics_obtained":[{"floor":9,"key":"Happy Flower"},{"floor":11,"key":"Dream Catcher"},{"floor":26,"key":"War Paint"},{"floor":29,"key":"Ice Cream"}],"event_choices":[{"damage_healed":0,"gold_gain":75,"player_choice":"Gather Gold","damage_taken":11,"max_hp_gain":0,"max_hp_loss":0,"event_name":"World of Goop","floor":2,"gold_loss":0},{"damage_healed":18,"gold_gain":0,"player_choice":"Healed","damage_taken":0,"max_hp_gain":0,"max_hp_loss":0,"event_name":"The Cleric","floor":3,"gold_loss":35},{"damage_healed":0,"gold_gain":0,"player_choice":"Ignored","damage_taken":0,"max_hp_gain":0,"max_hp_loss":0,"event_name":"Vampires","floor":24,"gold_loss":0}],"is_beta":false,"boss_relics":[{"not_picked":["Black Star","Coffee Dripper"],"picked":"Runic Pyramid"}],"items_purged_floors":[],"is_endless":false,"potions_floor_spawned":[4,7,11,16,21,29,30],"killed_by":"Champ","ascension_level":4}