{"gold_per_floor":[115,135,95,95,45,80,92,92,92,118,118,43,76,93,93,167,167,181,181,201,221,421,421,421],"floor_reached":24,"playtime":720,"items_purged":[],"score":478,"play_id":"35ebcb64-5cfe-46b9-9256-ffc7e71e7027","local_time":"20190407143152","is_ascension_mode":true,"campfire_choices":[{"data":"Defragment","floor":8,"key":"SMITH"},{"data":"Defragment","floor":11,"key":"SMITH"},{"data":"Consume","floor":15,"key":"SMITH"},{"data":"Chill","floor":23,"key":"SMITH"}],"neow_cost":"NONE","seed_source_timestamp":44920208731900,"circlet_count":0,"master_deck":["AscendersBane","Strike_B","Strike_B","Defend_B","Defend_B","Defend_B","Defend_B","Zap","Dualcast","Defragment+1","Defragment+1","Chill+1","Cold Snap","Tempest","Consume+1","Hologram","Seek","Coolheaded","Chill"],"relics":["Cracked Core","NeowsBlessing","Blood Vial","Question Card","Sundial","Bottled Lightning","Lizard Tail"],"potions_floor_usage":[],"damage_taken":[{"damage":0,"enemies":"Cultist","floor":1,"turns":1},{"damage":0,"enemies":"Small Slimes","floor":2,"turns":1},{"damage":0,"enemies":"Gremlin Nob","floor":6,"turns":1},{"damage":1,"enemies":"Jaw Worm","floor":7,"turns":4},{"damage":10,"enemies":"Lagavulin","floor":10,"turns":7},{"damage":10,"enemies":"3 Sentries","floor":13,"turns":9},{"damage":13,"enemies":"Looter","floor":14,"turns":3},{"damage":21,"enemies":"The Guardian","floor":16,"turns":11},{"damage":0,"enemies":"Spheric Guardian","floor":18,"turns":4},{"damage":8,"enemies":"3 Byrds","floor":20,"turns":6},{"damage":13,"enemies":"Centurion and Healer","floor":21,"turns":15},{"damage":37,"enemies":"Book of Stabbing","floor":24,"turns":7}],"seed_played":"4470596768329916365","potions_obtained":[{"floor":2,"key":"FearPotion"},{"floor":7,"key":"Ancient Potion"}],"is_trial":false,"path_per_floor":["M","M","$","?","$","E","M","R","T","E","R","?","E","M","R","B",null,"M","?","M","M","?","R","E"],"character_chosen":"DEFECT","items_purchased":["Defragment","Cold Snap"],"campfire_rested":0,"item_purchase_floors":[3,5],"current_hp_per_floor":[64,64,64,64,64,64,65,65,65,57,57,57,49,38,38,19,58,60,60,54,43,43,43,8],"gold":421,"neow_bonus":"THREE_ENEMY_KILL","is_prod":false,"is_daily":false,"chose_seed":false,"campfire_upgraded":4,"win_rate":0,"timestamp":1554615112,"path_taken":["M","?","$","?","$","E","M","R","T","E","R","?","E","M","R","BOSS","M","?","M","M","?","R","E"],"build_version":"2019-01-23","purchased_purges":0,"victory":false,"max_hp_per_floor":[71,71,71,71,71,71,71,71,71,71,71,71,71,71,71,71,71,71,71,71,71,71,71,71],"card_choices":[{"not_picked":["Turbo","Leap","Compile Driver"],"picked":"SKIP","floor":1},{"not_picked":["Cold Snap","Tempest"],"picked":"Defragment","floor":2},{"not_picked":["Force Field","Beam Cell"],"picked":"Tempest","floor":6},{"not_picked":["Redo","Rebound"],"picked":"Consume","floor":7},{"not_picked":["Streamline","Gash","Redo"],"picked":"Hologram","floor":10},{"not_picked":["Conserve Battery","Meteor Strike","Thunder Strike","Ball Lightning"],"picked":"SKIP","floor":13},{"not_picked":["Go for the Eyes","Steam","Redo","Streamline"],"picked":"SKIP","floor":14},{"not_picked":["Buffer","Core Surge","Reboot"],"picked":"Seek","floor":16},{"not_picked":["Sunder","Steam","Go for the Eyes+1","Barrage+1"],"picked":"SKIP","floor":18},{"not_picked":["Steam Power","Darkness","Undo","Compile Driver"],"picked":"SKIP","floor":20},{"not_picked":["Hologram+1","Aggregate","Heatsinks"],"picked":"Chill","floor":21}],"player_experience":2942922,"relics_obtained":[{"floor":6,"key":"Blood Vial"},{"floor":9,"key":"Question Card"},{"floor":10,"key":"Sundial"},{"floor":13,"key":"Bottled Lightning"}],"event_choices":[{"damage_healed":0,"gold_gain":0,"cards_transformed":["Strike_B"],"player_choice":"Change","damage_taken":0,"max_hp_gain":0,"max_hp_loss":0,"event_name":"Living Wall","floor":4,"gold_loss":0,"cards_obtained":["Chill"]},{"cards_removed":["Strike_B"],"damage_healed":0,"gold_gain":0,"player_choice":"Card Removal","damage_taken":0,"max_hp_gain":0,"max_hp_loss":0,"event_name":"The Cleric","floor":12,"gold_loss":75},{"damage_healed":0,"gold_gain":0,"player_choice":"Read","damage_taken":0,"max_hp_gain":0,"max_hp_loss":0,"event_name":"The Library","floor":19,"gold_loss":0,"cards_obtained":["Coolheaded"]},{"damage_healed":0,"gold_gain":200,"player_choice":"Gold","damage_taken":0,"max_hp_gain":0,"max_hp_loss":0,"event_name":"Wheel of Change","floor":22,"gold_loss":0}],"is_beta":false,"boss_relics":[{"not_picked":["Velvet Choker","Snecko Eye"],"picked":"Lizard Tail"}],"items_purged_floors":[],"is_endless":false,"potions_floor_spawned":[2,7,16],"killed_by":"Book of Stabbing","ascension_level":20}