{"gold_per_floor":[110,110,21,21,31,62,74,112,147,159,196,208,250,262,274,364,376,404,429,41,441,356,356,366,366,390,390,96,114,132,151,151,224,224,236,236,250,260,260,290,290,290,290,290,306,332,332,332],"floor_reached":48,"playtime":1853,"items_purged":["Defend_B"],"score":1233,"play_id":"c643ba39-2bce-4359-8ffd-e8cda3aa85f8","local_time":"20190317205801","is_ascension_mode":true,"campfire_choices":[{"data":"Sunder","floor":7,"key":"SMITH"},{"data":"Capacitor","floor":10,"key":"SMITH"},{"data":"Zap","floor":15,"key":"SMITH"},{"floor":23,"key":"REST"},{"floor":25,"key":"REST"},{"data":"Loop","floor":32,"key":"SMITH"},{"data":"Creative AI","floor":42,"key":"SMITH"},{"data":"Capacitor","floor":44,"key":"SMITH"},{"floor":47,"key":"REST"}],"neow_cost":"NONE","seed_source_timestamp":34981051461400,"circlet_count":0,"master_deck":["AscendersBane","Strike_B","Strike_B","Strike_B","Defend_B","Defend_B","Zap+1","Dualcast","Glacier","Capacitor+1","Sunder+1","Undo","Defragment+1","Core Surge","Capacitor+1","Doom and Gloom","Loop+1","Chill","Biased Cognition","Biased Cognition","Consume+1","Violence","Secret Weapon","Creative AI+1"],"relics":["Cracked Core","NeowsBlessing","MawBank","Incense Burner","Ancient Tea Set","Odd Mushroom","Lantern","DataDisk","Sozu","Torii","Old Coin","Dodecahedron","Shuriken","Bag of Preparation","Runic Pyramid","Girya","Strawberry","Smiling Mask"],"potions_floor_usage":[13,16,21],"damage_taken":[{"damage":0,"enemies":"Cultist","floor":1,"turns":1},{"damage":0,"enemies":"Jaw Worm","floor":5,"turns":1},{"damage":0,"enemies":"Lagavulin","floor":6,"turns":1},{"damage":15,"enemies":"Gremlin Nob","floor":8,"turns":4},{"damage":9,"enemies":"The Mushroom Lair","floor":11,"turns":5},{"damage":6,"enemies":"3 Sentries","floor":13,"turns":6},{"damage":10,"enemies":"Slime Boss","floor":16,"turns":8},{"damage":1,"enemies":"3 Byrds","floor":18,"turns":6},{"damage":2,"enemies":"Shell Parasite","floor":19,"turns":6},{"damage":16,"enemies":"Colosseum Slavers","floor":21,"turns":7},{"damage":30,"enemies":"Colosseum Nobs","floor":21,"turns":9},{"damage":15,"enemies":"Cultist and Chosen","floor":24,"turns":7},{"damage":1,"enemies":"Snecko","floor":29,"turns":4},{"damage":8,"enemies":"Snake Plant","floor":30,"turns":4},{"damage":0,"enemies":"3 Cultists","floor":31,"turns":5},{"damage":9,"enemies":"Champ","floor":33,"turns":13},{"damage":15,"enemies":"3 Shapes","floor":35,"turns":5},{"damage":1,"enemies":"3 Darklings","floor":37,"turns":7},{"damage":0,"enemies":"Maw","floor":38,"turns":7},{"damage":0,"enemies":"Nemesis","floor":40,"turns":13},{"damage":0,"enemies":"4 Shapes","floor":45,"turns":6},{"damage":0,"enemies":"Giant Head","floor":46,"turns":8},{"damage":1,"enemies":"Reptomancer","floor":48,"turns":3}],"seed_played":"-5728661457699072457","potions_obtained":[{"floor":1,"key":"Fire Potion"},{"floor":8,"key":"Explosive Potion"},{"floor":13,"key":"EssenceOfSteel"}],"is_trial":false,"path_per_floor":["M","?","$","?","M","E","R","E","T","R","?","?","E","?","R","B",null,"M","M","$","?","?","R","M","R","T","?","$","M","M","M","R","B",null,"M","?","M","M","?","E","?","R","T","R","M","E","R","E"],"character_chosen":"DEFECT","items_purchased":["Capacitor","Torii","Bag of Preparation","Doom and Gloom","Loop"],"campfire_rested":3,"item_purchase_floors":[3,20,28,28,28],"current_hp_per_floor":[64,64,64,64,64,64,64,49,49,49,40,35,29,29,29,19,58,57,55,55,9,9,30,15,36,36,36,36,35,27,27,27,18,58,43,43,42,42,32,32,32,32,39,39,39,39,62,61],"gold":332,"neow_bonus":"THREE_ENEMY_KILL","is_prod":false,"is_daily":false,"chose_seed":false,"campfire_upgraded":6,"win_rate":0,"timestamp":1552823881,"path_taken":["M","?","?","?","M","E","R","E","T","R","?","?","E","?","R","BOSS","M","M","$","?","?","R","M","R","T","?","$","M","M","M","R","BOSS","M","?","?","M","?","E","?","R","T","R","M","E","R","E"],"build_version":"2019-01-23","purchased_purges":1,"victory":false,"max_hp_per_floor":[71,71,71,71,71,71,71,71,71,71,71,71,71,71,71,71,71,71,71,71,71,71,71,71,71,71,71,71,71,71,71,71,71,71,71,71,71,71,71,71,71,71,78,78,78,78,78,78],"card_choices":[{"not_picked":["Doom and Gloom","Melter"],"picked":"Glacier","floor":1},{"not_picked":["BootSequence","Turbo"],"picked":"Sunder","floor":5},{"not_picked":["Streamline","Steam Power","Genetic Algorithm"],"picked":"SKIP","floor":6},{"not_picked":["Sweeping Beam","Gash"],"picked":"Undo","floor":8},{"not_picked":["Chaos","Stack"],"picked":"Defragment","floor":13},{"not_picked":["Multi-Cast","Thunder Strike"],"picked":"Core Surge","floor":16},{"not_picked":["Stack+1","Storm"],"picked":"Capacitor","floor":18},{"not_picked":["Static Discharge","Beam Cell","Fusion"],"picked":"SKIP","floor":19},{"not_picked":["Rebound","Stack","Compile Driver"],"picked":"SKIP","floor":24},{"not_picked":["All For One","Rebound","Sweeping Beam"],"picked":"SKIP","floor":29},{"not_picked":["Scrape","Skim"],"picked":"Chill","floor":30},{"not_picked":["Conserve Battery","Hologram","Redo"],"picked":"SKIP","floor":31},{"not_picked":["Hyperbeam","Core Surge"],"picked":"Biased Cognition","floor":33},{"not_picked":["Rebound+1","Lockon","Sweeping Beam+1"],"picked":"SKIP","floor":35},{"not_picked":["Darkness","Beam Cell"],"picked":"Consume","floor":37},{"not_picked":["Doom and Gloom","Go for the Eyes","Gash+1"],"picked":"SKIP","floor":38},{"not_picked":["Metamorphosis","Madness"],"picked":"Violence","floor":39},{"not_picked":["Blind","Transmutation"],"picked":"Secret Weapon","floor":39},{"not_picked":["Reinforced Body","Tempest+1"],"picked":"Creative AI","floor":40},{"not_picked":["Stack","Lockon","Redo"],"picked":"SKIP","floor":45},{"not_picked":["Static Discharge","Fusion","Sweeping Beam+1"],"picked":"SKIP","floor":46}],"player_experience":2331044,"relics_obtained":[{"floor":6,"key":"MawBank"},{"floor":8,"key":"Incense Burner"},{"floor":9,"key":"Ancient Tea Set"},{"floor":11,"key":"Odd Mushroom"},{"floor":13,"key":"DataDisk"},{"floor":21,"key":"Old Coin"},{"floor":21,"key":"Dodecahedron"},{"floor":40,"key":"Girya"},{"floor":43,"key":"Strawberry"},{"floor":46,"key":"Smiling Mask"}],"event_choices":[{"cards_removed":["Defend_B"],"damage_healed":0,"gold_gain":0,"player_choice":"Purged","damage_taken":0,"max_hp_gain":0,"max_hp_loss":0,"event_name":"Purifier","floor":2,"gold_loss":0},{"damage_healed":0,"gold_gain":0,"player_choice":"Ignored","damage_taken":0,"max_hp_gain":0,"max_hp_loss":0,"event_name":"Liars Game","floor":4,"gold_loss":0},{"damage_healed":0,"gold_gain":0,"player_choice":"Fought Mushrooms","damage_taken":0,"max_hp_gain":0,"max_hp_loss":0,"event_name":"Mushrooms","floor":11,"gold_loss":0},{"damage_healed":0,"gold_gain":0,"player_choice":"Success","damage_taken":5,"relics_obtained":["Lantern"],"max_hp_gain":0,"max_hp_loss":0,"event_name":"Scrap Ooze","floor":12,"gold_loss":0},{"damage_healed":0,"gold_gain":0,"player_choice":"Forge","damage_taken":0,"max_hp_gain":0,"max_hp_loss":0,"event_name":"Accursed Blacksmith","floor":14,"gold_loss":0,"cards_upgraded":["Defragment"]},{"damage_healed":0,"gold_gain":0,"player_choice":"Fight","damage_taken":0,"max_hp_gain":0,"max_hp_loss":0,"event_name":"Colosseum","floor":21,"gold_loss":0},{"damage_healed":0,"gold_gain":0,"player_choice":"Fought Nobs","damage_taken":0,"max_hp_gain":0,"max_hp_loss":0,"event_name":"Colosseum","floor":21,"gold_loss":0},{"damage_healed":0,"gold_gain":0,"player_choice":"Obtained Relic","damage_taken":0,"relics_obtained":["Shuriken"],"max_hp_gain":0,"max_hp_loss":0,"event_name":"Addict","floor":22,"gold_loss":85},{"cards_removed":["Strike_B"],"damage_healed":0,"gold_gain":0,"player_choice":"Elegance","damage_taken":0,"max_hp_gain":0,"max_hp_loss":0,"event_name":"Back to Basics","floor":27,"gold_loss":0},{"damage_healed":0,"gold_gain":0,"player_choice":"1 cards matched","damage_taken":0,"max_hp_gain":0,"max_hp_loss":0,"event_name":"Match and Keep!","floor":36,"gold_loss":0,"cards_obtained":["Biased Cognition"]},{"damage_healed":0,"gold_gain":0,"player_choice":"Memory 3","damage_taken":10,"max_hp_gain":0,"max_hp_loss":0,"event_name":"SensoryStone","floor":39,"gold_loss":0},{"damage_healed":0,"gold_gain":0,"player_choice":"Upgraded","damage_taken":0,"max_hp_gain":0,"max_hp_loss":0,"event_name":"Upgrade Shrine","floor":41,"gold_loss":0,"cards_upgraded":["Consume"]}],"is_beta":false,"boss_relics":[{"not_picked":["White Beast Statue","Philosopher\u0027s Stone"],"picked":"Sozu"},{"not_picked":["Empty Cage","Cursed Key"],"picked":"Runic Pyramid"}],"items_purged_floors":[20],"is_endless":false,"potions_floor_spawned":[1,8,13,19,21,29,31,38,40,45,46],"killed_by":"Reptomancer","ascension_level":20}