{"gold_per_floor":[115,130,130,95,45,45,79,79,79,106,106,381,396,412,412,412],"floor_reached":16,"playtime":418,"items_purged":["Defend_B"],"score":266,"play_id":"3737cfa0-da51-405c-869b-bd09d8eb0f2f","local_time":"20190215153718","is_ascension_mode":true,"campfire_choices":[{"data":"Zap","floor":6,"key":"SMITH"},{"data":"Dualcast","floor":8,"key":"SMITH"},{"data":"Streamline","floor":11,"key":"SMITH"},{"floor":15,"key":"REST"}],"neow_cost":"NONE","seed_source_timestamp":107094006394700,"circlet_count":0,"master_deck":["AscendersBane","Strike_B","Strike_B","Strike_B","Strike_B","Defend_B","Defend_B","Defend_B","Zap+1","Dualcast+1","Coolheaded","Cold Snap","Streamline+1","Regret","Glacier"],"relics":["Cracked Core","NeowsBlessing","Smiling Mask","Lantern","Incense Burner","Vajra"],"potions_floor_usage":[16,16],"damage_taken":[{"damage":0,"enemies":"Cultist","floor":1,"turns":1},{"damage":0,"enemies":"Jaw Worm","floor":2,"turns":1},{"damage":0,"enemies":"Gremlin Nob","floor":7,"turns":1},{"damage":31,"enemies":"3 Sentries","floor":10,"turns":12},{"damage":6,"enemies":"Small Slimes","floor":13,"turns":4},{"damage":2,"enemies":"Red Slaver","floor":14,"turns":2},{"damage":28,"enemies":"Hexaghost","floor":16,"turns":9}],"seed_played":"7545215061819273464","potions_obtained":[{"floor":1,"key":"EssenceOfSteel"},{"floor":7,"key":"GamblersBrew"}],"is_trial":false,"path_per_floor":["M","M","?","?","$","R","E","R","T","E","R","?","M","M","R","B"],"character_chosen":"DEFECT","items_purchased":[],"campfire_rested":1,"item_purchase_floors":[],"current_hp_per_floor":[64,64,38,55,55,55,55,55,55,24,24,24,18,16,37,9],"gold":412,"neow_bonus":"THREE_ENEMY_KILL","is_prod":false,"is_daily":false,"chose_seed":false,"campfire_upgraded":3,"win_rate":0,"timestamp":1550212638,"path_taken":["M","M","?","?","$","R","E","R","T","E","R","?","M","?","R","BOSS"],"build_version":"2019-01-23","purchased_purges":1,"victory":false,"max_hp_per_floor":[71,71,71,71,71,71,71,71,71,71,71,71,71,71,71,71],"card_choices":[{"not_picked":["Recycle","Barrage"],"picked":"Coolheaded","floor":1},{"not_picked":["White Noise","Rebound"],"picked":"Cold Snap","floor":2},{"not_picked":["Multi-Cast","Barrage","Compile Driver"],"picked":"SKIP","floor":7},{"not_picked":["Go for the Eyes","Redo"],"picked":"Streamline","floor":10},{"not_picked":["Amplify","Turbo","Steam"],"picked":"SKIP","floor":13},{"not_picked":["Turbo","Coolheaded"],"picked":"Glacier","floor":14}],"player_experience":1597018,"relics_obtained":[{"floor":7,"key":"Lantern"},{"floor":9,"key":"Incense Burner"},{"floor":10,"key":"Vajra"}],"event_choices":[{"damage_healed":0,"gold_gain":0,"player_choice":"Success","damage_taken":26,"relics_obtained":["Smiling Mask"],"max_hp_gain":0,"max_hp_loss":0,"event_name":"Scrap Ooze","floor":3,"gold_loss":0},{"damage_healed":17,"gold_gain":0,"player_choice":"Healed","damage_taken":0,"max_hp_gain":0,"max_hp_loss":0,"event_name":"The Cleric","floor":4,"gold_loss":35},{"damage_healed":0,"gold_gain":275,"player_choice":"Desecrate","damage_taken":0,"max_hp_gain":0,"max_hp_loss":0,"event_name":"Golden Shrine","floor":12,"gold_loss":0,"cards_obtained":["Regret"]}],"is_beta":false,"boss_relics":[],"items_purged_floors":[5],"is_endless":false,"potions_floor_spawned":[1,7],"killed_by":"Hexaghost","ascension_level":20}