{"gold_per_floor":[116,134,151,301,28,28,58,58,106,106,122,122,132,157,157,233,233,245,258,14,114,114,114],"floor_reached":23,"playtime":1158,"items_purged":["Doubt"],"score":398,"play_id":"a21fcdfe-d6ab-4715-9afa-8cf2f93f4510","local_time":"20190313130232","is_ascension_mode":true,"campfire_choices":[{"data":"Defragment","floor":6,"key":"SMITH"},{"data":"Consume","floor":8,"key":"SMITH"},{"floor":12,"key":"REST"},{"floor":15,"key":"REST"}],"neow_cost":"NONE","seed_source_timestamp":354944453339700,"circlet_count":0,"master_deck":["AscendersBane","Defend_B","Defend_B","Defend_B","Zap","Dualcast","Defragment+1","Ball Lightning","Barrage","Glacier","Consume+1","Coolheaded","Echo Form","Rainbow","All For One+1","Coolheaded+1","Reboot+1","Chaos","Capacitor","Hello World","Fusion"],"relics":["Velvet Choker","ClockworkSouvenir","Art of War","Juzu Bracelet","Symbiotic Virus","Boot","Astrolabe","PreservedInsect","Dead Branch","Pear"],"potions_floor_usage":[3,7,14,21,23],"damage_taken":[{"damage":4,"enemies":"Small Slimes","floor":1,"turns":4},{"damage":4,"enemies":"2 Louse","floor":2,"turns":2},{"damage":7,"enemies":"Jaw Worm","floor":3,"turns":3},{"damage":10,"enemies":"3 Sentries","floor":7,"turns":7},{"damage":21,"enemies":"3 Louse","floor":11,"turns":4},{"damage":0,"enemies":"Exordium Wildlife","floor":13,"turns":3},{"damage":16,"enemies":"Gremlin Nob","floor":14,"turns":5},{"damage":28,"enemies":"Slime Boss","floor":16,"turns":5},{"damage":17,"enemies":"2 Thieves","floor":18,"turns":5},{"damage":0,"enemies":"Chosen","floor":19,"turns":3},{"damage":2,"enemies":"Colosseum Slavers","floor":21,"turns":4},{"damage":14,"enemies":"Colosseum Nobs","floor":21,"turns":5},{"damage":10,"enemies":"Slavers","floor":23,"turns":5}],"seed_played":"-5740619517545901070","potions_obtained":[{"floor":1,"key":"Regen Potion"},{"floor":2,"key":"GamblersBrew"},{"floor":3,"key":"AttackPotion"},{"floor":19,"key":"Dexterity Potion"},{"floor":21,"key":"GamblersBrew"}],"is_trial":false,"path_per_floor":["M","M","M","?","$","R","E","R","T","?","M","R","M","E","R","B",null,"M","M","$","?","?","E"],"character_chosen":"DEFECT","items_purchased":["ClockworkSouvenir","Glacier","PreservedInsect"],"campfire_rested":2,"item_purchase_floors":[5,5,20],"current_hp_per_floor":[60,56,58,58,58,58,48,48,48,43,22,43,43,27,48,20,58,41,41,41,35,35,25],"gold":114,"neow_bonus":"BOSS_RELIC","is_prod":false,"is_daily":false,"chose_seed":false,"campfire_upgraded":2,"win_rate":0,"timestamp":1552449752,"path_taken":["M","M","M","?","$","R","E","R","T","?","M","R","M","E","R","BOSS","M","M","$","?","?","E"],"build_version":"2019-01-23","purchased_purges":1,"victory":false,"max_hp_per_floor":[71,71,71,71,71,71,71,71,71,71,71,71,71,71,71,71,71,71,71,71,81,81,81],"card_choices":[{"not_picked":["Double Energy","Cold Snap"],"picked":"Defragment","floor":1},{"not_picked":["Beam Cell","Hologram"],"picked":"Ball Lightning","floor":2},{"not_picked":["Recycle","Sweeping Beam"],"picked":"Barrage","floor":3},{"not_picked":["Fusion","Stack"],"picked":"Consume","floor":7},{"not_picked":["Hologram","Barrage"],"picked":"Coolheaded","floor":11},{"not_picked":["Stack","Sweeping Beam","Beam Cell"],"picked":"SKIP","floor":13},{"not_picked":["Compile Driver","Leap"],"picked":"Echo Form","floor":14},{"not_picked":["Core Surge","All For One"],"picked":"Rainbow","floor":16},{"not_picked":["Force Field","Streamline"],"picked":"Chaos","floor":18},{"not_picked":["Fusion","Cold Snap"],"picked":"Capacitor","floor":19}],"player_experience":2221424,"relics_obtained":[{"floor":7,"key":"Art of War"},{"floor":9,"key":"Juzu Bracelet"},{"floor":14,"key":"Boot"},{"floor":21,"key":"Dead Branch"},{"floor":21,"key":"Pear"}],"event_choices":[{"damage_healed":0,"gold_gain":150,"player_choice":"AGREE","damage_taken":0,"max_hp_gain":0,"max_hp_loss":0,"event_name":"Liars Game","floor":4,"gold_loss":0,"cards_obtained":["Doubt"]},{"damage_healed":0,"gold_gain":0,"player_choice":"Success","damage_taken":5,"relics_obtained":["Symbiotic Virus"],"max_hp_gain":0,"max_hp_loss":0,"event_name":"Scrap Ooze","floor":10,"gold_loss":0},{"damage_healed":0,"gold_gain":0,"player_choice":"Fight","damage_taken":0,"max_hp_gain":0,"max_hp_loss":0,"event_name":"Colosseum","floor":21,"gold_loss":0},{"damage_healed":0,"gold_gain":0,"player_choice":"Fought Nobs","damage_taken":0,"max_hp_gain":0,"max_hp_loss":0,"event_name":"Colosseum","floor":21,"gold_loss":0},{"damage_healed":0,"gold_gain":0,"cards_transformed":["Strike_B","Defend_B"],"player_choice":"Became Test Subject","damage_taken":0,"max_hp_gain":0,"max_hp_loss":0,"event_name":"Drug Dealer","floor":22,"gold_loss":0,"cards_obtained":["Hello World","Fusion"]}],"is_beta":false,"boss_relics":[{"not_picked":["Fusion Hammer","Sozu"],"picked":"Astrolabe"}],"items_purged_floors":[20],"is_endless":false,"potions_floor_spawned":[1,2,3,19,21],"killed_by":"Slavers","ascension_level":20}