{"gold_per_floor":[118,293,312,5,19,19,37,51,51,63,63,75,110,127,127,127],"floor_reached":16,"playtime":896,"items_purged":["Doubt"],"score":175,"play_id":"775d92f0-67b4-4f33-93f8-ebb6ab15d9e3","local_time":"20181010172857","is_ascension_mode":true,"campfire_choices":[{"data":"Noxious Fumes","floor":6,"key":"SMITH"},{"data":"Wraith Form v2","floor":15,"key":"SMITH"}],"neow_cost":"NONE","seed_source_timestamp":1297082572425481,"circlet_count":0,"master_deck":["Defend_G","Defend_G","Defend_G","Defend_G","Defend_G","Strike_G","Strike_G","Strike_G","Strike_G","Survivor","Neutralize","AscendersBane","Wraith Form v2+1","Flying Knee","Deadly Poison","Noxious Fumes+1","Crippling Poison","PiercingWail","Bouncing Flask","Noxious Fumes"],"relics":["Ring of the Snake","Happy Flower","The Courier","Sundial"],"potions_floor_usage":[3,16],"damage_taken":[{"damage":4,"enemies":"Jaw Worm","floor":1,"turns":5},{"damage":0,"enemies":"2 Louse","floor":3,"turns":4},{"damage":10,"enemies":"Small Slimes","floor":5,"turns":5},{"damage":2,"enemies":"Looter","floor":7,"turns":4},{"damage":10,"enemies":"Exordium Wildlife","floor":8,"turns":6},{"damage":4,"enemies":"3 Louse","floor":10,"turns":3},{"damage":1,"enemies":"Blue Slaver","floor":12,"turns":4},{"damage":2,"enemies":"Gremlin Nob","floor":13,"turns":4},{"damage":3,"enemies":"Exordium Thugs","floor":14,"turns":6},{"damage":25,"enemies":"Slime Boss","floor":16,"turns":3}],"seed_played":"-2190923118719363506","potions_obtained":[{"floor":3,"key":"Fruit Juice"},{"floor":8,"key":"SteroidPotion"},{"floor":14,"key":"GamblersBrew"}],"is_trial":false,"path_per_floor":["M","?","M","$","M","R","M","M","T","M","?","M","E","M","R"],"character_chosen":"THE_SILENT","items_purchased":["Noxious Fumes","Happy Flower"],"campfire_rested":0,"item_purchase_floors":[4,4],"current_hp_per_floor":[59,59,64,64,54,54,52,42,42,38,31,30,28,25,25,0],"gold":127,"neow_bonus":"ONE_RANDOM_RARE_CARD","is_prod":false,"is_daily":false,"chose_seed":false,"campfire_upgraded":2,"win_rate":0,"timestamp":1539163737,"path_taken":["M","?","M","$","M","R","M","M","T","M","?","M","E","M","R","BOSS"],"build_version":"2018-10-09","purchased_purges":1,"victory":false,"max_hp_per_floor":[70,70,75,75,75,75,75,75,75,75,75,75,75,75,75,75],"card_choices":[{"not_picked":["Dodge and Roll","Escape Plan"],"picked":"Flying Knee","floor":1},{"not_picked":["Quick Slash","Blade Dance"],"picked":"Deadly Poison","floor":3},{"not_picked":["Choke","Finisher"],"picked":"Crippling Poison","floor":5},{"not_picked":["Expertise","Backstab","Flying Knee"],"picked":"SKIP","floor":7},{"not_picked":["Deadly Poison","Slice"],"picked":"PiercingWail","floor":8},{"not_picked":["Deadly Poison","Night Terror"],"picked":"Bouncing Flask","floor":10},{"not_picked":["Acrobatics","PiercingWail","Dash"],"picked":"SKIP","floor":12},{"not_picked":["Predator","Setup"],"picked":"Noxious Fumes","floor":13},{"not_picked":["All Out Attack","Deadly Poison","Bane"],"picked":"SKIP","floor":14}],"player_experience":486663,"relics_obtained":[{"floor":9,"key":"The Courier"},{"floor":13,"key":"Sundial"}],"event_choices":[{"event_name":"Liars Game","player_choice":"agreed","floor":2,"damage_taken":0},{"event_name":"Golden Wing","player_choice":"Card Removal","floor":11,"damage_taken":0}],"is_beta":true,"boss_relics":[],"items_purged_floors":[4],"is_endless":false,"potions_floor_spawned":[3,8,14],"killed_by":"Slime Boss","ascension_level":13}