{"path_per_floor":["M","?","$","M","?","R","E","T","T","M","?","R","M","E","R","B",null,"M","?","?","?","M","R","?","R","T","E","M","M"],"character_chosen":"THE_SILENT","items_purchased":["Cloak And Dagger"],"gold_per_floor":[99,99,1,1,1,1,1,1,1,1,0,0,0,0,0,0,0,0,0,0,0,0,0,0,0,0,0,0,0,0],"floor_reached":30,"campfire_rested":1,"playtime":1355,"current_hp_per_floor":[62,62,62,62,62,62,54,54,54,54,54,54,53,34,34,26,64,61,61,47,47,46,46,30,54,54,35,24,5,0],"items_purged":["Defend_G"],"gold":0,"score":371,"play_id":"f2a530ae-d84c-4bcf-8a0b-db2d2039095c","local_time":"20180331205803","is_prod":false,"is_daily":false,"is_ascension_mode":true,"campfire_upgraded":4,"timestamp":1522501083,"path_taken":["M","?","$","M","?","R","E","?","T","?","?","R","M","E","R","BOSS","M","?","?","?","M","R","?","R","T","E","M","?","E"],"build_version":"2018-03-29","purchased_purges":1,"victory":false,"master_deck":["Defend_G+1","Defend_G","Defend_G+1","Defend_G+1","Strike_G","Strike_G","Strike_G","Strike_G","Strike_G","Survivor","Neutralize+1","Backflip","Cloak And Dagger+1","Accuracy+1","Cloak And Dagger","Storm of Steel","A Thousand Cuts+1","Night Terror","Cloak And Dagger+1","Footwork+1","Noxious Fumes","Prepared+1","Deflect"],"max_hp_per_floor":[70,70,70,70,70,70,70,70,70,70,70,70,70,70,70,70,75,75,75,80,80,80,80,80,80,80,87,87,87,87],"relics":["Ectoplasm","Bottled Flame","War Paint","Letter Opener","Tingsha","Tiny House","Nilry\u0027s Codex","Toolbox","Strawberry"],"card_choices":[{"not_picked":["Quick Slash","Underhanded Strike"],"picked":"Backflip","floor":1},{"not_picked":["Prepared","Masterful Stab"],"picked":"Accuracy","floor":7},{"not_picked":["Flying Knee","Dodge and Roll"],"picked":"Cloak And Dagger","floor":10},{"not_picked":["Cloak And Dagger","Deflect"],"picked":"Storm of Steel","floor":13},{"not_picked":["Blade Dance","Acrobatics"],"picked":"A Thousand Cuts","floor":14},{"not_picked":["Doppelganger","Bullet Time"],"picked":"Night Terror","floor":16},{"not_picked":["Bane","Riddle With Holes"],"picked":"Cloak And Dagger","floor":17},{"not_picked":["Slice","Bullet Time"],"picked":"Footwork","floor":22},{"not_picked":["Reflex","Slice"],"picked":"Noxious Fumes","floor":27},{"not_picked":["Heel Hook","Dodge and Roll"],"picked":"Prepared","floor":28},{"not_picked":["Outmaneuver","Riddle With Holes"],"picked":"Deflect","floor":29}],"player_experience":213000,"potions_floor_usage":[14,16,27,30,30],"damage_taken":[{"damage":1,"enemies":"Jaw Worm","floor":1,"turns":4},{"damage":0,"enemies":"2 Louse","floor":4,"turns":2},{"damage":8,"enemies":"3 Sentries","floor":7,"turns":9},{"damage":0,"enemies":"Cultist","floor":10,"turns":4},{"damage":1,"enemies":"Blue Slaver","floor":13,"turns":3},{"damage":19,"enemies":"Gremlin Nob","floor":14,"turns":4},{"damage":8,"enemies":"Hexaghost","floor":16,"turns":9},{"damage":3,"enemies":"3 Byrds","floor":18,"turns":3},{"damage":1,"enemies":"Shell Parasite","floor":22,"turns":4},{"damage":26,"enemies":"Book of Stabbing","floor":27,"turns":6},{"damage":11,"enemies":"Snake Plant","floor":28,"turns":4},{"damage":19,"enemies":"Slaver and Parasite","floor":29,"turns":5},{"damage":9,"enemies":"Slavers","floor":30,"turns":1}],"event_choices":[{"event_name":"Liars Game","player_choice":"disagreed","floor":2,"damage_taken":0},{"event_name":"Golden Shrine","player_choice":"Pray","floor":5,"damage_taken":0},{"event_name":"World of Goop","player_choice":"Left","floor":11,"damage_taken":0},{"event_name":"Accursed Blacksmith","player_choice":"Forge","floor":19,"damage_taken":0},{"event_name":"Forgotten Altar","player_choice":"Shed Blood","floor":20,"damage_taken":0},{"event_name":"Drug Dealer","player_choice":"Ignored","floor":21,"damage_taken":0},{"event_name":"Cursed Tome","player_choice":"Obtained Book","floor":24,"damage_taken":0}],"boss_relics":[{"not_picked":["Pandora\u0027s Box","Cursed Key"],"picked":"Tiny House"}],"potions_floor_spawned":[13,14,18,22],"seed_played":"1043338479829511759","killed_by":"Slavers","ascension_level":7,"is_trial":false}