{"gold_per_floor":[110,110,110,122,7,38,38,38,38,38,51,1,35,55,55,130,130,141,141,141,151,66,66,66,66,66,86,86,11,30,46,46,46],"floor_reached":33,"playtime":1058,"items_purged":["Strike_R"],"score":556,"play_id":"6a5f5ca2-6146-492a-8503-1d45a0a659ff","local_time":"20190422124139","is_ascension_mode":true,"campfire_choices":[{"data":"Whirlwind","floor":7,"key":"SMITH"},{"data":"Inflame","floor":10,"key":"SMITH"},{"data":"Bash","floor":15,"key":"SMITH"},{"floor":23,"key":"REST"},{"data":"Evolve","floor":28,"key":"SMITH"},{"floor":32,"key":"REST"}],"neow_cost":"NONE","seed_source_timestamp":2557246746300,"circlet_count":0,"master_deck":["AscendersBane","Strike_R","Strike_R+1","Defend_R","Defend_R","Defend_R","Defend_R","Bash+1","True Grit+1","Whirlwind+1","Inflame+1","Disarm+1","Offering+1","Clash","Evolve+1","Shrug It Off+1"],"relics":["Burning Blood","NeowsBlessing","Unceasing Top","Sundial","Bag of Preparation","Toxic Egg 2","Lizard Tail","Thread and Needle","Blue Candle"],"potions_floor_usage":[16,16,31],"damage_taken":[{"damage":0,"enemies":"Cultist","floor":1,"turns":1},{"damage":0,"enemies":"Jaw Worm","floor":4,"turns":1},{"damage":0,"enemies":"3 Sentries","floor":6,"turns":1},{"damage":0,"enemies":"Small Slimes","floor":11,"turns":2},{"damage":31,"enemies":"Lagavulin","floor":13,"turns":6},{"damage":6,"enemies":"Red Slaver","floor":14,"turns":5},{"damage":18,"enemies":"Hexaghost","floor":16,"turns":9},{"damage":10,"enemies":"Chosen","floor":18,"turns":5},{"damage":44,"enemies":"Shell Parasite","floor":21,"turns":6},{"damage":10,"enemies":"Centurion and Healer","floor":27,"turns":7},{"damage":11,"enemies":"Cultist and Chosen","floor":30,"turns":7},{"damage":22,"enemies":"Shelled Parasite and Fungi","floor":31,"turns":5},{"damage":12,"enemies":"Champ","floor":33,"turns":11}],"seed_played":"-8082803360466410979","potions_obtained":[{"floor":4,"key":"BloodPotion"},{"floor":6,"key":"PowerPotion"},{"floor":13,"key":"LiquidBronze"},{"floor":21,"key":"GamblersBrew"},{"floor":30,"key":"Strength Potion"}],"is_trial":false,"path_per_floor":["M","?","?","M","$","E","R","?","T","R","M","?","E","M","R","B",null,"M","?","?","M","?","R","$","?","T","M","R","?","M","M","R","B"],"character_chosen":"IRONCLAD","items_purchased":["Whirlwind"],"campfire_rested":2,"item_purchase_floors":[5],"current_hp_per_floor":[74,51,51,57,57,63,63,63,63,63,69,69,44,44,44,32,64,60,60,60,22,22,44,44,44,44,40,40,40,35,19,41,29],"gold":46,"neow_bonus":"THREE_ENEMY_KILL","is_prod":false,"is_daily":false,"chose_seed":false,"campfire_upgraded":4,"win_rate":0,"timestamp":1555904499,"path_taken":["M","?","?","?","$","E","R","?","T","R","M","?","E","M","R","BOSS","M","?","?","M","?","R","$","?","T","?","R","?","?","M","R","BOSS"],"build_version":"2019-01-23","purchased_purges":1,"victory":false,"max_hp_per_floor":[75,75,75,75,75,75,75,75,75,75,75,75,75,75,75,75,75,75,75,75,75,75,75,75,75,75,75,75,75,75,75,75,75],"card_choices":[{"not_picked":["Sword Boomerang","Clothesline"],"picked":"True Grit","floor":1},{"not_picked":["Uppercut","Sever Soul","Rage"],"picked":"SKIP","floor":4},{"not_picked":["Warcry","Perfected Strike"],"picked":"Inflame","floor":6},{"not_picked":["Corruption","Havoc","Cleave"],"picked":"SKIP","floor":11},{"not_picked":["Thunderclap","Wild Strike"],"picked":"Disarm","floor":13},{"not_picked":["Armaments+1","Havoc+1","Blood for Blood"],"picked":"SKIP","floor":14},{"not_picked":["Exhume+1","Barricade"],"picked":"Offering+1","floor":16},{"not_picked":["Inflame","Searing Blow","Thunderclap"],"picked":"SKIP","floor":18},{"not_picked":["Anger","Power Through+1","Clothesline+1"],"picked":"SKIP","floor":21},{"not_picked":["Corruption","Pommel Strike"],"picked":"Shrug It Off+1","floor":27},{"not_picked":["Power Through+1","Armaments+1","Havoc+1"],"picked":"SKIP","floor":30},{"not_picked":["Rupture","Spot Weakness+1","Cleave+1"],"picked":"SKIP","floor":31},{"not_picked":["Rupture","Spot Weakness+1","Cleave+1"],"picked":"SKIP","floor":31}],"player_experience":3289872,"relics_obtained":[{"floor":6,"key":"Unceasing Top"},{"floor":9,"key":"Sundial"},{"floor":13,"key":"Toxic Egg 2"},{"floor":26,"key":"Blue Candle"}],"event_choices":[{"damage_healed":0,"gold_gain":0,"player_choice":"Entered Light","damage_taken":23,"max_hp_gain":0,"max_hp_loss":0,"event_name":"Shining Light","floor":2,"gold_loss":0,"cards_upgraded":["True Grit","Strike_R"]},{"damage_healed":0,"gold_gain":0,"player_choice":"0 cards matched","damage_taken":0,"max_hp_gain":0,"max_hp_loss":0,"event_name":"Match and Keep!","floor":3,"gold_loss":0,"cards_obtained":[]},{"damage_healed":0,"gold_gain":0,"player_choice":"Ignored","damage_taken":0,"max_hp_gain":0,"max_hp_loss":0,"event_name":"Liars Game","floor":8,"gold_loss":0},{"damage_healed":0,"gold_gain":0,"player_choice":"Paid Gold","damage_taken":0,"relics_obtained":["Bag of Preparation"],"max_hp_gain":0,"max_hp_loss":0,"event_name":"WeMeetAgain","floor":12,"gold_loss":50},{"damage_healed":0,"gold_gain":0,"cards_transformed":["Strike_R","Strike_R"],"player_choice":"Became Test Subject","damage_taken":0,"max_hp_gain":0,"max_hp_loss":0,"event_name":"Drug Dealer","floor":19,"gold_loss":0,"cards_obtained":["Clash","Clothesline"]},{"damage_healed":0,"gold_gain":0,"player_choice":"Read","damage_taken":0,"max_hp_gain":0,"max_hp_loss":0,"event_name":"The Library","floor":20,"gold_loss":0,"cards_obtained":["Evolve"]},{"damage_healed":0,"gold_gain":0,"player_choice":"Obtained Relic","damage_taken":0,"relics_obtained":["Thread and Needle"],"max_hp_gain":0,"max_hp_loss":0,"event_name":"Addict","floor":22,"gold_loss":85},{"damage_healed":0,"gold_gain":0,"player_choice":"Ignored","damage_taken":0,"max_hp_gain":0,"max_hp_loss":0,"event_name":"Vampires","floor":25,"gold_loss":0},{"cards_removed":["Clothesline"],"damage_healed":0,"gold_gain":0,"player_choice":"Single Remove","damage_taken":0,"max_hp_gain":0,"max_hp_loss":0,"event_name":"Designer","floor":29,"gold_loss":75}],"is_beta":false,"boss_relics":[{"not_picked":["Tiny House","Coffee Dripper"],"picked":"Lizard Tail"}],"items_purged_floors":[5],"is_endless":false,"potions_floor_spawned":[4,6,13,14,21,30],"killed_by":"Champ","ascension_level":20}