{"gold_per_floor":[114,134,134,27,27,60,60,25,52,80,95,108,143,143],"floor_reached":14,"playtime":290,"items_purged":[],"score":266,"play_id":"0ce7518f-47e6-4e7a-9623-db222264149b","local_time":"20190216220436","is_ascension_mode":true,"campfire_choices":[{"data":"Discovery","floor":7,"key":"SMITH"}],"neow_cost":"NONE","seed_source_timestamp":216859610087500,"circlet_count":0,"master_deck":["AscendersBane","Strike_B","Strike_B","Strike_B","Strike_B","Defend_B","Defend_B","Defend_B","Defend_B","Zap","Dualcast","Cold Snap","Discovery+1","Consume","Chill"],"relics":["Cracked Core","NeowsBlessing","Happy Flower","Mummified Hand","Omamori","Singing Bowl","Gremlin Horn"],"potions_floor_usage":[14,14],"damage_taken":[{"damage":0,"enemies":"Cultist","floor":1,"turns":1},{"damage":0,"enemies":"2 Louse","floor":2,"turns":1},{"damage":0,"enemies":"Gremlin Nob","floor":6,"turns":1},{"damage":30,"enemies":"Lagavulin","floor":10,"turns":9},{"damage":5,"enemies":"Jaw Worm","floor":11,"turns":4},{"damage":14,"enemies":"3 Louse","floor":12,"turns":3},{"damage":25,"enemies":"3 Sentries","floor":13,"turns":9},{"damage":0,"enemies":"2 Fungi Beasts","floor":14,"turns":2}],"seed_played":"-444579590659814297","potions_obtained":[{"floor":2,"key":"Ancient Potion"},{"floor":10,"key":"Ancient Potion"},{"floor":11,"key":"Weak Potion"}],"is_trial":false,"path_per_floor":["M","M","?","$","$","E","R","?","T","E","M","M","E","M"],"character_chosen":"DEFECT","items_purchased":["Discovery"],"campfire_rested":0,"item_purchase_floors":[4],"current_hp_per_floor":[64,64,64,64,64,64,64,71,71,41,38,26,1,1],"gold":143,"neow_bonus":"THREE_ENEMY_KILL","is_prod":false,"is_daily":false,"chose_seed":false,"campfire_upgraded":1,"win_rate":0,"timestamp":1550322276,"path_taken":["M","?","?","?","$","E","R","?","T","E","M","M","E","M"],"build_version":"2019-01-23","purchased_purges":0,"victory":false,"max_hp_per_floor":[71,71,71,71,71,71,71,71,71,71,73,75,75,75],"card_choices":[{"not_picked":["Conserve Battery","Loop"],"picked":"Cold Snap","floor":1},{"not_picked":["Auto Shields","Reprogram","Barrage"],"picked":"SKIP","floor":2},{"not_picked":["Undo","Steam","Redo"],"picked":"SKIP","floor":6},{"not_picked":["Beam Cell","Auto Shields"],"picked":"Consume","floor":10},{"not_picked":["Undo","Turbo","Scrape"],"picked":"Singing Bowl","floor":11},{"not_picked":["Machine Learning","Leap","Redo"],"picked":"Singing Bowl","floor":12},{"not_picked":["Force Field","Cold Snap"],"picked":"Chill","floor":13}],"player_experience":103325,"relics_obtained":[{"floor":6,"key":"Mummified Hand"},{"floor":9,"key":"Omamori"},{"floor":10,"key":"Singing Bowl"},{"floor":13,"key":"Gremlin Horn"}],"event_choices":[{"damage_healed":0,"gold_gain":0,"player_choice":"Gave Potion","damage_taken":0,"relics_obtained":["Happy Flower"],"max_hp_gain":0,"max_hp_loss":0,"event_name":"WeMeetAgain","floor":3,"gold_loss":0},{"damage_healed":17,"gold_gain":0,"player_choice":"Healed","damage_taken":0,"max_hp_gain":0,"max_hp_loss":0,"event_name":"The Cleric","floor":8,"gold_loss":35}],"is_beta":false,"boss_relics":[],"items_purged_floors":[],"is_endless":false,"potions_floor_spawned":[2,10,11],"killed_by":"2 Fungi Beasts","ascension_level":20}