{"gold_per_floor":[99,99,99,99,99,99,99,99,99,99,99,99,99,99,99,99,99,99,99,99,99,99,99,99,99,99,99,99,99,99,99,99,99,99,99],"floor_reached":35,"playtime":2091,"items_purged":[],"score":351,"play_id":"fd08d066-06e8-4cd0-8ae0-b12c5cce618c","local_time":"20190323220915","is_ascension_mode":true,"campfire_choices":[{"data":"Sunder","floor":6,"key":"SMITH"},{"data":"Beam Cell","floor":11,"key":"SMITH"},{"data":"Blizzard","floor":16,"key":"SMITH"},{"data":"Blizzard","floor":24,"key":"SMITH"},{"data":"Fission","floor":26,"key":"SMITH"},{"data":"Beam Cell","floor":29,"key":"SMITH"},{"data":"Go for the Eyes","floor":34,"key":"SMITH"}],"neow_cost":"NONE","seed_source_timestamp":11315909882300,"circlet_count":0,"master_deck":["Sunder+1","Beam Cell+1","Rip and Tear","Hologram+1","Undo","Blizzard+1","FTL","Cold Snap","Cold Snap","Aggregate","Blizzard+1","Beam Cell+1","Fission+1","Go for the Eyes+1","Strike_B","Turbo+1","Beam Cell","Heatsinks"],"relics":["Ectoplasm","Bird Faced Urn","Cables","Lantern","Tiny House","Orichalcum"],"potions_floor_usage":[17,23],"damage_taken":[{"damage":0,"enemies":"Jaw Worm","floor":1,"turns":1},{"damage":0,"enemies":"Cultist","floor":2,"turns":2},{"damage":3,"enemies":"Small Slimes","floor":5,"turns":2},{"damage":0,"enemies":"3 Sentries","floor":7,"turns":4},{"damage":0,"enemies":"2 Fungi Beasts","floor":12,"turns":1},{"damage":0,"enemies":"Gremlin Gang","floor":13,"turns":2},{"damage":0,"enemies":"Lots of Slimes","floor":14,"turns":2},{"damage":0,"enemies":"Slime Boss","floor":17,"turns":5},{"damage":1,"enemies":"Spheric Guardian","floor":19,"turns":3},{"damage":0,"enemies":"3 Byrds","floor":23,"turns":3},{"damage":11,"enemies":"Sentry and Sphere","floor":25,"turns":4},{"damage":0,"enemies":"Cultist and Chosen","floor":30,"turns":5},{"damage":0,"enemies":"Snecko","floor":31,"turns":3},{"damage":2,"enemies":"Snake Plant","floor":32,"turns":2},{"damage":30,"enemies":"Champ","floor":35,"turns":15}],"seed_played":"6765341106084358061","potions_obtained":[{"floor":2,"key":"Energy Potion"},{"floor":5,"key":"LiquidBronze"},{"floor":13,"key":"SteroidPotion"},{"floor":17,"key":"EssenceOfSteel"},{"floor":18,"key":"SkillPotion"},{"floor":19,"key":"Fire Potion"}],"is_trial":false,"path_per_floor":["M","M","?","?","M","R","E","T","T","T","R","M","M","M","$","R","B",null,"M","$","?","?","M","R","M","R","T","T","R","M","M","M","?","R","B"],"character_chosen":"DEFECT","items_purchased":[],"campfire_rested":0,"item_purchase_floors":[],"current_hp_per_floor":[75,75,80,80,77,77,77,77,77,77,77,77,77,77,77,77,77,85,84,84,84,84,84,84,73,73,73,73,73,73,73,71,68,68,40],"gold":99,"neow_bonus":"BOSS_RELIC","is_prod":false,"is_daily":false,"chose_seed":false,"campfire_upgraded":7,"win_rate":0,"timestamp":1553346555,"path_taken":["M","M","?","?","?","R","E","?","T","R","?","M","M","$","R","BOSS","M","$","?","?","M","R","M","R","T","R","?","?","M","?","R","BOSS"],"build_version":"2019-01-23","purchased_purges":0,"victory":false,"max_hp_per_floor":[75,75,80,80,80,80,80,80,80,80,80,80,80,80,80,80,80,85,85,85,85,85,85,85,85,85,85,85,85,85,85,85,85,85,85],"card_choices":[{"not_picked":["Redo","Double Energy","Reinforced Body"],"picked":"SKIP","floor":2},{"not_picked":["Compile Driver","Chill"],"picked":"Aggregate","floor":5},{"not_picked":["Cold Snap","Defragment"],"picked":"Aggregate","floor":7},{"not_picked":["FTL","Coolheaded"],"picked":"Blizzard","floor":12},{"not_picked":["Compile Driver","Reprogram"],"picked":"Beam Cell","floor":14},{"not_picked":["Seek","Electrodynamics"],"picked":"Fission","floor":17},{"not_picked":["Steam","Redo"],"picked":"Go for the Eyes","floor":18},{"not_picked":["Rebound","Steam","BootSequence"],"picked":"SKIP","floor":23},{"not_picked":["Rip and Tear","Consume"],"picked":"Turbo+1","floor":30},{"not_picked":["Chill","White Noise"],"picked":"Beam Cell","floor":31},{"not_picked":["Loop","BootSequence"],"picked":"Heatsinks","floor":32}],"player_experience":2515971,"relics_obtained":[{"floor":7,"key":"Bird Faced Urn"},{"floor":8,"key":"Cables"},{"floor":9,"key":"Lantern"},{"floor":27,"key":"Orichalcum"}],"event_choices":[{"damage_healed":0,"gold_gain":0,"player_choice":"Donut","damage_taken":0,"max_hp_gain":5,"max_hp_loss":0,"event_name":"Big Fish","floor":3,"gold_loss":0},{"cards_removed":["Double Energy"],"damage_healed":0,"gold_gain":0,"player_choice":"Purged","damage_taken":0,"max_hp_gain":0,"max_hp_loss":0,"event_name":"Purifier","floor":4,"gold_loss":0},{"damage_healed":0,"gold_gain":0,"player_choice":"Ignored","damage_taken":0,"max_hp_gain":0,"max_hp_loss":0,"event_name":"Beggar","floor":21,"gold_loss":0},{"cards_removed":["Aggregate"],"damage_healed":0,"gold_gain":0,"player_choice":"Took Card","damage_taken":0,"max_hp_gain":0,"max_hp_loss":0,"event_name":"NoteForYourself","floor":22,"gold_loss":0,"cards_obtained":["Strike_B"]},{"damage_healed":0,"gold_gain":0,"player_choice":"Punched","damage_taken":3,"max_hp_gain":0,"max_hp_loss":0,"event_name":"Designer","floor":33,"gold_loss":0}],"is_beta":false,"boss_relics":[{"not_picked":["Inserter","Nuclear Battery"],"picked":"Tiny House"}],"items_purged_floors":[],"is_endless":false,"potions_floor_spawned":[2,5,13,17,19],"killed_by":"Champ","ascension_level":1}