{"path_per_floor":["M","M","M","$","M","R","M","R","T","M","E","?","M","M","R","B",null,"M","?","$","M","?","R","E","M","T","M","M","M","?","M","R"],"character_chosen":"DEFECT","items_purchased":["Gash","Trip"],"gold_per_floor":[112,128,144,69,83,83,98,98,146,160,194,274,292,303,303,404,434,449,449,205,219,134,134,163,181,181,192,209,223,223,243,243,243],"floor_reached":33,"campfire_rested":3,"playtime":2096,"item_purchase_floors":[20,20],"current_hp_per_floor":[68,64,64,64,64,64,61,61,61,52,38,38,35,23,43,3,73,66,50,50,36,36,57,47,33,33,19,13,20,44,37,58,0],"items_purged":["Defend_B","Strike_B"],"gold":243,"score":303,"play_id":"39816e5d-5be9-4cc5-88c7-5a843c64ca8b","local_time":"20180602112154","is_prod":false,"is_daily":false,"chose_seed":false,"is_ascension_mode":true,"campfire_upgraded":2,"win_rate":0,"timestamp":1527927714,"campfire_choices":[{"data":"Gash","floor":6,"key":"SMITH"},{"data":"Doom and Gloom","floor":8,"key":"SMITH"},{"floor":15,"key":"REST"},{"floor":23,"key":"REST"},{"floor":32,"key":"REST"}],"path_taken":["M","?","M","$","M","R","M","R","T","M","E","?","M","M","R","BOSS","M","?","$","M","?","R","E","M","T","M","M","M","?","?","R","BOSS"],"build_version":"2018-05-31","seed_source_timestamp":996225716136543,"purchased_purges":2,"victory":false,"master_deck":["Strike_B","Strike_B","Strike_B","Defend_B","Defend_B","Defend_B","Zap","Dualcast+1","Leap","Gash+1","Doom and Gloom+1","Rebound","Loop","Steam","All For One","Gash","Trip","Go for the Eyes","Go for the Eyes+1","Beam Cell+1"],"max_hp_per_floor":[68,68,68,68,68,68,68,68,68,68,68,68,68,68,68,68,73,73,73,73,73,73,73,73,73,73,73,73,73,73,73,73,73],"relics":["Cracked Core","Gambling Chip","Dream Catcher","Bottled Lightning","Tiny House","Enchiridion","Art of War","Meat on the Bone","Sundial"],"card_choices":[{"not_picked":["Conserve Battery","Steam Power"],"picked":"Leap","floor":1},{"not_picked":["Rebound","Streamline"],"picked":"Gash","floor":2},{"not_picked":["Leap","Streamline","Static Discharge"],"picked":"SKIP","floor":3},{"not_picked":["Defragment","Aggregate"],"picked":"Doom and Gloom","floor":5},{"not_picked":["Melter","Barrage","Conserve Battery"],"picked":"SKIP","floor":7},{"not_picked":["Stack","Melter"],"picked":"Rebound","floor":10},{"not_picked":["Blizzard","Melter","Barrage"],"picked":"SKIP","floor":11},{"not_picked":["Force Field","Reprogram"],"picked":"Loop","floor":13},{"not_picked":["Redo","Blizzard","Fission"],"picked":"SKIP","floor":14},{"not_picked":["Redo","Hello World"],"picked":"Steam","floor":15},{"not_picked":["Reboot","Creative AI"],"picked":"All For One","floor":16},{"not_picked":["Barrage","Compile Driver","Skim"],"picked":"SKIP","floor":18},{"not_picked":["Force Field","BootSequence"],"picked":"Go for the Eyes","floor":21},{"not_picked":["Chill+1","Cold Snap+1"],"picked":"Go for the Eyes+1","floor":24},{"not_picked":["Lockon","Coolheaded","Rebound"],"picked":"SKIP","floor":25},{"not_picked":["Conserve Battery","Coolheaded","Cold Snap"],"picked":"SKIP","floor":27},{"not_picked":["Aggregate","Steam Power+1","Leap+1"],"picked":"SKIP","floor":28},{"not_picked":["Doom and Gloom","Amplify","Storm"],"picked":"SKIP","floor":29},{"not_picked":["Force Field","Ball Lightning+1","Redo"],"picked":"SKIP","floor":31},{"not_picked":["BootSequence","Reprogram"],"picked":"Beam Cell+1","floor":32}],"player_experience":455208,"potions_floor_usage":[5,10,16,18,24,24,24,27,29,33],"damage_taken":[{"damage":0,"enemies":"Cultist","floor":1,"turns":4},{"damage":4,"enemies":"Small Slimes","floor":2,"turns":4},{"damage":0,"enemies":"2 Louse","floor":3,"turns":3},{"damage":0,"enemies":"Gremlin Gang","floor":5,"turns":2},{"damage":3,"enemies":"Exordium Wildlife","floor":7,"turns":3},{"damage":9,"enemies":"Large Slime","floor":10,"turns":3},{"damage":14,"enemies":"Gremlin Nob","floor":11,"turns":4},{"damage":3,"enemies":"Blue Slaver","floor":13,"turns":3},{"damage":12,"enemies":"Looter","floor":14,"turns":3},{"damage":40,"enemies":"The Guardian","floor":16,"turns":9},{"damage":7,"enemies":"2 Thieves","floor":18,"turns":3},{"damage":14,"enemies":"Shell Parasite","floor":21,"turns":3},{"damage":10,"enemies":"Slavers","floor":24,"turns":3},{"damage":26,"enemies":"Snake Plant","floor":25,"turns":3},{"damage":26,"enemies":"Cultist and Chosen","floor":27,"turns":5},{"damage":18,"enemies":"Chosen and Byrds","floor":28,"turns":6},{"damage":5,"enemies":"Sentry and Sphere","floor":29,"turns":3},{"damage":7,"enemies":"Snecko","floor":31,"turns":3},{"damage":78,"enemies":"Collector","floor":33,"turns":6}],"relics_obtained":[{"floor":9,"key":"Dream Catcher"},{"floor":11,"key":"Bottled Lightning"},{"floor":19,"key":"Enchiridion"},{"floor":24,"key":"Meat on the Bone"},{"floor":26,"key":"Sundial"}],"event_choices":[{"event_name":"Golden Wing","player_choice":"Gained Gold","floor":12,"damage_taken":0},{"event_name":"Cursed Tome","player_choice":"Obtained Book","floor":19,"damage_taken":0},{"event_name":"Addict","player_choice":"Obtained Relic","floor":22,"damage_taken":0},{"event_name":"The Library","player_choice":"Heal","floor":30,"damage_taken":0}],"boss_relics":[{"not_picked":["White Beast Statue","Runic Dome"],"picked":"Tiny House"}],"items_purged_floors":[4,20],"potions_floor_spawned":[2,7,10,14,16,21,25,28,29],"seed_played":"4386406323804490404","killed_by":"Collector","ascension_level":2,"potions_obtained":[{"floor":2,"key":"Explosive Potion"},{"floor":7,"key":"PowerPotion"},{"floor":10,"key":"GamblersBrew"},{"floor":14,"key":"SneckoOil"},{"floor":16,"key":"Block Potion"},{"floor":17,"key":"Dexterity Potion"},{"floor":21,"key":"Block Potion"},{"floor":25,"key":"AttackPotion"},{"floor":28,"key":"FocusPotion"},{"floor":29,"key":"SteroidPotion"}],"is_trial":false}