{"path_per_floor":["M","M","M","M","M","R","E","R","T","M","E","R","E","?","R","B",null,"M","?","M","M","?","E","$","R","T","R","E","M","R","M","R"],"character_chosen":"THE_SILENT","items_purchased":["Ninja Scroll","Backflip"],"gold_per_floor":[110,120,130,148,158,158,186,186,212,229,256,256,291,291,291,391,391,405,405,415,435,435,464,94,94,162,162,193,208,208,219,219],"floor_reached":33,"campfire_rested":1,"playtime":2399,"current_hp_per_floor":[70,68,68,68,51,51,35,35,35,35,25,25,21,21,21,2,58,58,58,53,53,53,33,33,33,33,56,42,40,40,39,39],"items_purged":["Strike_G"],"gold":219,"score":384,"play_id":"e7203226-42a7-4709-ba6c-14306f07bac7","local_time":"20180313195345","is_prod":false,"is_daily":false,"is_ascension_mode":true,"campfire_upgraded":7,"timestamp":1520942025,"path_taken":["M","M","M","M","M","R","E","R","T","M","E","R","E","?","R","BOSS","M","?","M","M","?","E","$","R","T","R","E","M","R","M","R","BOSS"],"build_version":"2018-03-12v2","purchased_purges":1,"victory":false,"master_deck":["Defend_G","Defend_G","Defend_G","Defend_G","Defend_G","Strike_G","Strike_G","Survivor","Neutralize+1","Dagger Spray+1","Slice","Cloak And Dagger+1","Bullet Time+1","Dash+1","Finisher+1","Quick Slash+1","Die Die Die","Distraction+1","Backflip","Parasite","Prepared+1","Blade Dance+1"],"max_hp_per_floor":[70,70,70,70,70,70,77,77,77,77,77,77,77,77,77,77,77,77,77,77,77,77,77,77,77,77,77,77,77,77,77,77],"relics":["Ring of the Snake","Strawberry","Juzu Bracelet","Anchor","Toolbox","Cursed Key","Gambling Chip","Ninja Scroll","Bottled Lightning","Meat on the Bone"],"card_choices":[{"not_picked":["Concentrate","Outmaneuver"],"picked":"Dagger Spray"},{"not_picked":["Skewer","Malaise"],"picked":"Slice"},{"not_picked":["Dash","Bouncing Flask"],"picked":"Cloak And Dagger"},{"not_picked":["Sucker Punch","Slice"],"picked":"Bullet Time"},{"not_picked":["Malaise","Underhanded Strike"],"picked":"Dash"},{"not_picked":["Caltrops","Cloak And Dagger"],"picked":"Finisher"},{"not_picked":["Deadly Poison","All Out Attack"],"picked":"Quick Slash"},{"not_picked":["Unload","Night Terror"],"picked":"Die Die Die"},{"not_picked":["PiercingWail","Bane"],"picked":"Distraction"},{"not_picked":["PiercingWail","Setup"],"picked":"Prepared"},{"not_picked":["Bane","Prepared"],"picked":"Blade Dance"}],"player_experience":180417,"potions_floor_usage":[7,13,16,28,31,33],"damage_taken":[{"damage":0,"enemies":"Cultist","floor":1,"turns":4},{"damage":2,"enemies":"Jaw Worm","floor":2,"turns":4},{"damage":0,"enemies":"2 Louse","floor":3,"turns":2},{"damage":0,"enemies":"Looter","floor":4,"turns":4},{"damage":17,"enemies":"Red Slaver","floor":5,"turns":5},{"damage":23,"enemies":"Lagavulin","floor":7,"turns":6},{"damage":0,"enemies":"Large Slime","floor":10,"turns":6},{"damage":10,"enemies":"3 Sentries","floor":11,"turns":7},{"damage":4,"enemies":"Gremlin Nob","floor":13,"turns":3},{"damage":19,"enemies":"The Guardian","floor":16,"turns":15},{"damage":0,"enemies":"3 Byrds","floor":18,"turns":3},{"damage":5,"enemies":"Chosen","floor":20,"turns":5},{"damage":0,"enemies":"3 Cultists","floor":21,"turns":3},{"damage":20,"enemies":"Slavers","floor":23,"turns":4},{"damage":14,"enemies":"Book of Stabbing","floor":28,"turns":5},{"damage":2,"enemies":"Snake Plant","floor":29,"turns":4},{"damage":1,"enemies":"Chosen and Byrds","floor":31,"turns":6},{"damage":48,"enemies":"Collector","floor":33,"turns":6}],"event_choices":[{"event_name":"Purifier","player_choice":"One Purge","floor":14,"damage_taken":0},{"event_name":"Back to Basics","player_choice":"Elegance","floor":19,"damage_taken":0},{"event_name":"The Woman in Blue","player_choice":"Bought 0 Potions","floor":22,"damage_taken":0}],"boss_relics":[{"not_picked":["Velvet Choker","Pandora\u0027s Box"],"picked":"Cursed Key"}],"potions_floor_spawned":[1,3,4,11,16,18,23],"seed_played":"2113966743019949534","killed_by":"Collector","ascension_level":5,"is_trial":false}