{"gold_per_floor":[116,116,116,140,156,192,192,232,232,148,148,148,108],"floor_reached":13,"playtime":265,"items_purged":[],"score":182,"play_id":"359d43e0-110f-4f8f-8223-97e6fb7ae3a7","local_time":"20190328180545","is_ascension_mode":true,"campfire_choices":[{"floor":7,"key":"REST"}],"neow_cost":"NONE","seed_source_timestamp":123940660600,"circlet_count":0,"master_deck":["AscendersBane","Strike_R","Strike_R","Strike_R","Strike_R","Strike_R","Defend_R","Defend_R","Defend_R","Defend_R","Bash","Disarm+1","Rampage","Feel No Pain","Evolve","Pain"],"relics":["Burning Blood","NeowsBlessing","Golden Idol","Pantograph","Mercury Hourglass","Shuriken","WarpedTongs"],"potions_floor_usage":[8,8],"damage_taken":[{"damage":0,"enemies":"2 Louse","floor":1,"turns":1},{"damage":0,"enemies":"Small Slimes","floor":4,"turns":1},{"damage":0,"enemies":"Cultist","floor":5,"turns":1},{"damage":56,"enemies":"Lagavulin","floor":6,"turns":9},{"damage":44,"enemies":"Gremlin Nob","floor":8,"turns":5},{"damage":5,"enemies":"Looter","floor":13,"turns":3}],"seed_played":"-354724642207438804","potions_obtained":[{"floor":1,"key":"Block Potion"},{"floor":5,"key":"GamblersBrew"}],"is_trial":false,"path_per_floor":["M","?","?","M","M","E","R","E","T","$","?","?","M"],"character_chosen":"IRONCLAD","items_purchased":["Evolve"],"campfire_rested":1,"item_purchase_floors":[10],"current_hp_per_floor":[74,48,75,75,75,25,47,9,9,9,9,9,4],"gold":108,"neow_bonus":"THREE_ENEMY_KILL","is_prod":false,"is_daily":false,"chose_seed":false,"campfire_upgraded":0,"win_rate":0,"timestamp":1553763945,"path_taken":["M","?","?","M","?","E","R","E","T","$","?","?","M"],"build_version":"2019-01-23","purchased_purges":0,"victory":false,"max_hp_per_floor":[75,75,75,75,75,75,75,75,75,75,75,75,75],"card_choices":[{"not_picked":["Dual Wield","Combust","Fire Breathing"],"picked":"SKIP","floor":1},{"not_picked":["Clash","Metallicize"],"picked":"Disarm","floor":4},{"not_picked":["Headbutt","Sword Boomerang"],"picked":"Rampage","floor":5},{"not_picked":["Sword Boomerang","Intimidate"],"picked":"Feel No Pain","floor":6},{"not_picked":["Anger","Perfected Strike","Clothesline"],"picked":"SKIP","floor":8}],"player_experience":2678983,"relics_obtained":[{"floor":6,"key":"Pantograph"},{"floor":8,"key":"Mercury Hourglass"},{"floor":9,"key":"Shuriken"}],"event_choices":[{"damage_healed":0,"gold_gain":0,"player_choice":"Take Damage","damage_taken":26,"relics_obtained":["Golden Idol"],"max_hp_gain":0,"max_hp_loss":0,"event_name":"Golden Idol","floor":2,"gold_loss":0},{"damage_healed":27,"gold_gain":0,"player_choice":"Full Heal","damage_taken":0,"max_hp_gain":0,"max_hp_loss":0,"event_name":"Wheel of Change","floor":3,"gold_loss":0},{"damage_healed":0,"gold_gain":0,"player_choice":"Grow","damage_taken":0,"max_hp_gain":0,"max_hp_loss":0,"event_name":"Living Wall","floor":11,"gold_loss":0,"cards_upgraded":["Disarm"]},{"damage_healed":0,"gold_gain":0,"player_choice":"Rummage","damage_taken":0,"relics_obtained":["WarpedTongs"],"max_hp_gain":0,"max_hp_loss":0,"event_name":"Accursed Blacksmith","floor":12,"gold_loss":0,"cards_obtained":["Pain"]}],"is_beta":false,"boss_relics":[],"items_purged_floors":[],"is_endless":false,"potions_floor_spawned":[1,5],"killed_by":"Looter","ascension_level":20}