{"gold_per_floor":[118,118,118,128,128,154,229,229,229,229,261,261,275,309,309,383,383,394,394,394,284,294,294],"floor_reached":23,"playtime":795,"items_purged":[],"score":460,"play_id":"c59b173f-24e1-47e3-9b01-02a1dbaa5590","local_time":"20190226125353","is_ascension_mode":true,"campfire_choices":[{"floor":8,"key":"REST"},{"floor":10,"key":"REST"},{"floor":12,"key":"RECALL"},{"floor":15,"key":"REST"}],"neow_cost":"NONE","seed_source_timestamp":15170298099800,"circlet_count":0,"master_deck":["AscendersBane","Strike_B","Strike_B","Defend_B","Defend_B","Defend_B","Zap","Dualcast+1","Coolheaded","Creative AI","Beam Cell","Defragment","Cold Snap","Core Surge","Cold Snap","Loop","Glacier","Rainbow","Leap+1","Coolheaded"],"relics":["Fusion Hammer","Question Card","Matryoshka","Prayer Wheel","PreservedInsect","Coffee Dripper"],"potions_floor_usage":[14,14,23,23],"damage_taken":[{"damage":1,"enemies":"Cultist","floor":1,"turns":4},{"damage":1,"enemies":"Jaw Worm","floor":4,"turns":7},{"damage":28,"enemies":"3 Sentries","floor":6,"turns":7},{"damage":0,"enemies":"Lagavulin","floor":11,"turns":7},{"damage":0,"enemies":"2 Louse","floor":13,"turns":3},{"damage":23,"enemies":"Gremlin Nob","floor":14,"turns":4},{"damage":34,"enemies":"The Guardian","floor":16,"turns":12},{"damage":21,"enemies":"Shell Parasite","floor":18,"turns":8},{"damage":5,"enemies":"3 Byrds","floor":22,"turns":6},{"damage":19,"enemies":"Book of Stabbing","floor":23,"turns":4}],"seed_played":"-7439128093861114857","potions_obtained":[{"floor":4,"key":"GamblersBrew"},{"floor":13,"key":"Block Potion"},{"floor":16,"key":"Fire Potion"},{"floor":22,"key":"LiquidBronze"}],"is_trial":false,"path_per_floor":["M","$","?","M","$","E","?","R","T","R","E","R","M","E","R","B",null,"M","?","?","?","M","E"],"character_chosen":"DEFECT","items_purchased":[],"campfire_rested":3,"item_purchase_floors":[],"current_hp_per_floor":[63,63,63,62,62,34,23,44,44,65,65,65,65,42,63,29,61,40,40,19,19,14,0],"gold":294,"neow_bonus":"BOSS_RELIC","is_prod":false,"is_daily":false,"chose_seed":false,"campfire_upgraded":0,"win_rate":0,"timestamp":1551153233,"path_taken":["M","$","?","?","$","E","?","R","T","R","E","R","M","E","R","BOSS","M","?","?","?","?","E"],"build_version":"2019-01-23","purchased_purges":0,"victory":false,"max_hp_per_floor":[71,71,71,71,71,71,71,71,71,71,71,71,71,71,71,71,71,71,71,71,71,71,71],"card_choices":[{"not_picked":["Redo","Beam Cell"],"picked":"Coolheaded","floor":1},{"not_picked":["Stack","Ball Lightning"],"picked":"Beam Cell","floor":4},{"not_picked":["Darkness","Stack","Rip and Tear"],"picked":"SKIP","floor":6},{"not_picked":["Beam Cell","Go for the Eyes","Barrage"],"picked":"Defragment","floor":11},{"not_picked":["Hello World","Auto Shields","Coolheaded"],"picked":"Cold Snap","floor":13},{"not_picked":["Barrage","Go for the Eyes","Fusion","Undo"],"picked":"SKIP","floor":13},{"not_picked":["Recycle","Stack","BootSequence","Turbo"],"picked":"SKIP","floor":14},{"not_picked":["Buffer","Rainbow","Biased Cognition"],"picked":"Core Surge","floor":16},{"not_picked":["Barrage","Leap","Go for the Eyes+1"],"picked":"Cold Snap","floor":18},{"not_picked":["Scrape","Turbo","BootSequence"],"picked":"Loop","floor":18},{"not_picked":["Streamline","Hello World+1","Sweeping Beam"],"picked":"Leap+1","floor":22},{"not_picked":["Rebound","Streamline","Skim"],"picked":"Coolheaded","floor":22}],"player_experience":1829386,"relics_obtained":[{"floor":6,"key":"Question Card"},{"floor":9,"key":"Matryoshka"},{"floor":11,"key":"Prayer Wheel"},{"floor":14,"key":"PreservedInsect"}],"event_choices":[{"damage_healed":0,"gold_gain":0,"player_choice":"1 cards matched","damage_taken":0,"max_hp_gain":0,"max_hp_loss":0,"event_name":"Match and Keep!","floor":3,"gold_loss":0,"cards_obtained":["Creative AI"]},{"damage_healed":0,"gold_gain":75,"player_choice":"Gather Gold","damage_taken":11,"max_hp_gain":0,"max_hp_loss":0,"event_name":"World of Goop","floor":7,"gold_loss":0},{"damage_healed":0,"gold_gain":0,"cards_transformed":["Strike_B","Strike_B"],"player_choice":"Became Test Subject","damage_taken":0,"max_hp_gain":0,"max_hp_loss":0,"event_name":"Drug Dealer","floor":19,"gold_loss":0,"cards_obtained":["Glacier","Rainbow"]},{"damage_healed":0,"gold_gain":0,"player_choice":"Obtained Book","damage_taken":21,"max_hp_gain":0,"max_hp_loss":0,"event_name":"Cursed Tome","floor":20,"gold_loss":0},{"cards_removed":["Defend_B"],"damage_healed":0,"gold_gain":0,"player_choice":"Upgrade and Remove","damage_taken":0,"max_hp_gain":0,"max_hp_loss":0,"event_name":"Designer","floor":21,"gold_loss":110,"cards_upgraded":["Dualcast"]}],"is_beta":false,"boss_relics":[{"not_picked":["Black Star","Ectoplasm"],"picked":"Coffee Dripper"}],"items_purged_floors":[],"is_endless":false,"potions_floor_spawned":[4,13,16,22],"killed_by":"Book of Stabbing","ascension_level":20}