{"path_per_floor":["M","$","?","$","M","?","M","R","T","?","E","R","M","M","R","B",null,"M","?","M","M","M","R","E","M","T","$","M","R","M","?","R","B",null,"M","M","?","M","M","R","E","?","T","$","R","?","?","M","R"],"character_chosen":"THE_SILENT","items_purchased":["Infinite Blades","Panache"],"gold_per_floor":[113,41,41,41,52,52,64,64,117,117,146,146,165,181,181,280,280,280,280,280,280,280,280,280,280,280,14,14,14,14,14,14,14,14,14,14,14,14,14,14,14,0,0,0,0,0,0,0,0],"floor_reached":50,"campfire_rested":2,"playtime":3263,"current_hp_per_floor":[70,70,56,56,53,46,42,42,42,42,20,20,20,16,37,32,61,58,58,57,48,43,43,42,33,33,33,27,27,27,50,50,61,68,68,68,59,54,53,53,24,24,24,24,24,24,24,35,56],"items_purged":["Defend_G"],"gold":0,"score":643,"play_id":"39a2b907-779c-4f47-99f1-0e749c432a9a","local_time":"20180305164034","is_prod":false,"is_daily":false,"is_ascension_mode":true,"campfire_upgraded":7,"timestamp":1520239234,"path_taken":["M","?","?","?","?","?","M","R","T","?","E","R","?","M","R","BOSS","M","?","M","M","?","R","E","?","T","$","M","R","M","?","R","BOSS","M","M","?","M","M","R","E","?","T","$","R","?","?","M","R","BOSS"],"build_version":"2018-03-02-BETA2","purchased_purges":1,"victory":false,"master_deck":["Defend_G","Defend_G","Defend_G","Defend_G+1","Strike_G","Strike_G","Strike_G","Survivor","Neutralize+1","Flying Knee","Infinite Blades","A Thousand Cuts+1","Cloak And Dagger+1","Backflip","Adrenaline+1","Slice+1","Backstab","Deflect+1","Riddle With Holes+1","Panache+1","Footwork+1","Terror","Wraith Form+1","Prepared+1","Cloak And Dagger+1","Madness","Madness","A Thousand Cuts+1","Flechettes+1","Finisher+1","Neutralize","After Image"],"max_hp_per_floor":[70,70,70,70,70,70,70,70,70,70,70,70,70,70,70,70,70,70,70,70,70,70,70,70,70,70,70,70,70,70,70,70,70,70,70,70,70,70,70,70,70,70,70,70,70,70,70,70,70],"relics":["Ring of the Snake","Bag of Preparation","Snake Skull","Vajra","Ectoplasm","Ice Cream","Omamori","Lizard Tail","Letter Opener","Red Mask","Anchor"],"card_choices":[{"not_picked":["Quick Slash","Reflex"],"picked":"Flying Knee"},{"not_picked":["Backstab","Cloak And Dagger"],"picked":"A Thousand Cuts"},{"not_picked":["All Out Attack","Deadly Poison"],"picked":"Cloak And Dagger"},{"not_picked":["Bane","Deadly Poison"],"picked":"Backflip"},{"not_picked":["Burst","Bullet Time"],"picked":"Adrenaline"},{"not_picked":["Choke","Escape Plan"],"picked":"Slice"},{"not_picked":["Dash","Prepared"],"picked":"Backstab"},{"not_picked":["Slice","Outmaneuver"],"picked":"Deflect"},{"not_picked":["Slice","Distraction"],"picked":"Riddle With Holes"},{"not_picked":["Poisoned Stab","Flying Knee"],"picked":"Footwork"},{"not_picked":["Underhanded Strike","Dodge and Roll"],"picked":"Terror"},{"not_picked":["Grand Finale","Unload"],"picked":"Wraith Form"},{"not_picked":["Blur","Cloak And Dagger"],"picked":"Prepared"},{"not_picked":["Prepared","Catalyst"],"picked":"Cloak And Dagger"},{"not_picked":["Acrobatics","Deflect"],"picked":"A Thousand Cuts"},{"not_picked":["Outmaneuver","Bane"],"picked":"Flechettes"},{"not_picked":["Masterful Stab","Cloak And Dagger"],"picked":"Finisher"}],"player_experience":161249,"potions_floor_usage":[21,24,24,33,33,38,39,39,50],"damage_taken":[{"damage":0,"enemies":"Cultist","floor":1,"turns":4},{"damage":3,"enemies":"Jaw Worm","floor":5,"turns":4},{"damage":4,"enemies":"Small Slimes","floor":7,"turns":4},{"damage":22,"enemies":"Gremlin Nob","floor":11,"turns":4},{"damage":0,"enemies":"Exordium Thugs","floor":13,"turns":4},{"damage":4,"enemies":"Exordium Wildlife","floor":14,"turns":3},{"damage":5,"enemies":"Hexaghost","floor":16,"turns":9},{"damage":3,"enemies":"Shell Parasite","floor":18,"turns":3},{"damage":1,"enemies":"3 Byrds","floor":20,"turns":4},{"damage":9,"enemies":"Slaver and Parasite","floor":21,"turns":5},{"damage":5,"enemies":"Snake Plant","floor":22,"turns":4},{"damage":1,"enemies":"Slavers","floor":24,"turns":3},{"damage":9,"enemies":"Centurion and Healer","floor":25,"turns":4},{"damage":6,"enemies":"Snecko","floor":28,"turns":4},{"damage":0,"enemies":"Slaver and Parasite","floor":30,"turns":4},{"damage":4,"enemies":"Champ","floor":33,"turns":6},{"damage":0,"enemies":"3 Darklings","floor":35,"turns":1},{"damage":0,"enemies":"Flame Bruiser 1 Orb","floor":36,"turns":3},{"damage":5,"enemies":"4 Shapes","floor":38,"turns":4},{"damage":1,"enemies":"3 Darklings","floor":39,"turns":4},{"damage":29,"enemies":"Giant Head","floor":41,"turns":7},{"damage":33,"enemies":"Sphere and 2 Shapes","floor":48,"turns":5},{"damage":58,"enemies":"Donu and Deca","floor":50,"turns":7}],"event_choices":[{"event_name":"Shining Light","player_choice":"Entered Light","floor":3,"damage_taken":0},{"event_name":"Golden Wing","player_choice":"Card Removal","floor":6,"damage_taken":0},{"event_name":"Living Wall","player_choice":"Grow","floor":10,"damage_taken":0},{"event_name":"Drug Dealer","player_choice":"Ignored","floor":19,"damage_taken":0},{"event_name":"The Library","player_choice":"Heal","floor":31,"damage_taken":0},{"event_name":"Winding Halls","player_choice":"Embrace Madness","floor":37,"damage_taken":0},{"event_name":"Tomb of Lord Red Mask","player_choice":"Paid","floor":42,"damage_taken":0},{"event_name":"Match and Keep!","player_choice":"2 cards matched","floor":46,"damage_taken":0}],"boss_relics":[{"not_picked":["Tiny House","Black Star"],"picked":"Ectoplasm"},{"not_picked":["Sozu","Snecko Eye"],"picked":"Lizard Tail"}],"potions_floor_spawned":[11,14,20,21,24,25,30,35,36,38],"seed_played":"5357993593948383409","killed_by":"Donu and Deca","ascension_level":5,"is_trial":false}