{"gold_per_floor":[114,39,39,104,121,121,154,166,166,196,196,231,281,291,291,367,367,379,74,124,13,63,74,74,57,57,141,141],"floor_reached":28,"playtime":1064,"items_purged":[],"score":518,"play_id":"dc0d56f3-d45b-4ca8-a2d7-6f63632bb896","local_time":"20190415205256","is_ascension_mode":true,"campfire_choices":[{"data":"Carnage","floor":6,"key":"SMITH"},{"data":"Shockwave","floor":11,"key":"SMITH"},{"data":"Shrug It Off","floor":15,"key":"SMITH"},{"data":"Fiend Fire","floor":24,"key":"SMITH"}],"neow_cost":"TEN_PERCENT_HP_LOSS","seed_source_timestamp":292001458520000,"circlet_count":0,"master_deck":["AscendersBane","Defend_R","Defend_R","Defend_R","Defend_R","Bash","Feed","Feel No Pain","Carnage+1","Shockwave+1","Shrug It Off+1","Evolve","Fiend Fire+1","Writhe","Decay","Regret","Bite","Bite","Bite","Bite","Bite","True Grit","Feel No Pain"],"relics":["Burning Blood","SsserpentHead","Regal Pillow","Pantograph","Centennial Puzzle","Pear","Calling Bell","Dream Catcher","Blue Candle","WingedGreaves","Membership Card","Vajra","Medical Kit","Singing Bowl","Red Mask"],"potions_floor_usage":[10,14,23,27,28],"damage_taken":[{"damage":10,"enemies":"2 Louse","floor":1,"turns":4},{"damage":15,"enemies":"Small Slimes","floor":4,"turns":7},{"damage":6,"enemies":"Cultist","floor":5,"turns":4},{"damage":21,"enemies":"3 Sentries","floor":7,"turns":8},{"damage":24,"enemies":"Exordium Thugs","floor":8,"turns":6},{"damage":8,"enemies":"Gremlin Nob","floor":10,"turns":3},{"damage":32,"enemies":"Lagavulin","floor":12,"turns":5},{"damage":6,"enemies":"2 Fungi Beasts","floor":14,"turns":3},{"damage":54,"enemies":"The Guardian","floor":16,"turns":12},{"damage":23,"enemies":"Chosen","floor":18,"turns":6},{"damage":40,"enemies":"3 Byrds","floor":23,"turns":8},{"damage":42,"enemies":"Masked Bandits","floor":27,"turns":7},{"damage":55,"enemies":"3 Cultists","floor":28,"turns":6}],"seed_played":"4271375438127276467","potions_obtained":[{"floor":4,"key":"Explosive Potion"},{"floor":8,"key":"Fire Potion"},{"floor":14,"key":"Fruit Juice"},{"floor":16,"key":"SteroidPotion"},{"floor":27,"key":"Poison Potion"}],"is_trial":false,"path_per_floor":["M","?","?","M","M","R","E","M","T","E","R","E","T","M","R","B",null,"M","$","?","$","?","M","R","$","T","?","M"],"character_chosen":"IRONCLAD","items_purchased":["Membership Card","Vajra","Medical Kit","True Grit","Feel No Pain"],"campfire_rested":0,"item_purchase_floors":[19,19,21,25,25],"current_hp_per_floor":[67,67,67,61,64,64,52,39,39,42,42,18,28,38,38,17,82,67,67,67,67,67,58,58,58,58,32,0],"gold":141,"neow_bonus":"THREE_RARE_CARDS","is_prod":false,"is_daily":false,"chose_seed":false,"campfire_upgraded":4,"win_rate":0,"timestamp":1555329176,"path_taken":["M","?","?","?","M","R","E","M","T","E","R","E","?","M","R","BOSS","M","$","?","$","?","M","R","?","T","?","M"],"build_version":"2019-01-23","purchased_purges":0,"victory":false,"max_hp_per_floor":[71,71,71,74,77,77,80,83,83,86,86,86,96,104,104,104,104,104,104,104,104,104,107,107,107,107,109,109],"card_choices":[{"not_picked":["Exhume","Fiend Fire"],"picked":"Feed","floor":0},{"not_picked":["True Grit","Blood for Blood"],"picked":"Feel No Pain","floor":1},{"not_picked":["Heavy Blade","Limit Break"],"picked":"Carnage","floor":5},{"not_picked":["Anger","Wild Strike"],"picked":"Shockwave","floor":7},{"not_picked":["Sword Boomerang","Burning Pact","Clothesline"],"picked":"SKIP","floor":8},{"not_picked":["Body Slam","Thunderclap"],"picked":"Shrug It Off","floor":10},{"not_picked":["Bludgeon","Dark Embrace","Clash"],"picked":"SKIP","floor":12},{"not_picked":["Reckless Charge","Cleave"],"picked":"Evolve","floor":14},{"not_picked":["Limit Break","Reaper"],"picked":"Fiend Fire","floor":16},{"not_picked":["Burning Pact","Body Slam","Anger"],"picked":"SKIP","floor":18},{"not_picked":["Pommel Strike","Carnage","Uppercut"],"picked":"SKIP","floor":23},{"not_picked":["Pummel+1","Burning Pact","Havoc+1"],"picked":"Singing Bowl","floor":27}],"player_experience":3164843,"relics_obtained":[{"floor":7,"key":"Blood Vial"},{"floor":9,"key":"Regal Pillow"},{"floor":10,"key":"Pantograph"},{"floor":12,"key":"Centennial Puzzle"},{"floor":13,"key":"Pear"},{"floor":17,"key":"Dream Catcher"},{"floor":17,"key":"Blue Candle"},{"floor":17,"key":"WingedGreaves"},{"floor":26,"key":"Singing Bowl"},{"floor":27,"key":"Red Mask"}],"event_choices":[{"cards_removed":["Strike_R"],"damage_healed":0,"gold_gain":0,"player_choice":"Card Removal","damage_taken":0,"max_hp_gain":0,"max_hp_loss":0,"event_name":"The Cleric","floor":2,"gold_loss":75},{"damage_healed":0,"gold_gain":0,"player_choice":"Trade","damage_taken":0,"relics_obtained":["SsserpentHead"],"max_hp_gain":0,"max_hp_loss":0,"event_name":"FaceTrader","floor":3,"gold_loss":0},{"damage_healed":0,"gold_gain":0,"player_choice":"Became a vampire (Vial)","damage_taken":0,"max_hp_gain":0,"max_hp_loss":0,"event_name":"Vampires","floor":20,"relics_lost":["Blood Vial"],"gold_loss":0,"cards_obtained":["Bite","Bite","Bite","Bite","Bite"]},{"damage_healed":0,"gold_gain":0,"player_choice":"Ignored","damage_taken":0,"max_hp_gain":0,"max_hp_loss":0,"event_name":"The Mausoleum","floor":22,"gold_loss":0},{"damage_healed":0,"gold_gain":0,"player_choice":"Fought Bandits","damage_taken":0,"max_hp_gain":0,"max_hp_loss":0,"event_name":"Masked Bandits","floor":27,"gold_loss":0}],"is_beta":false,"boss_relics":[{"not_picked":["Black Blood","Eternal Feather"],"picked":"Calling Bell"}],"items_purged_floors":[],"is_endless":false,"potions_floor_spawned":[4,8,14,16,27],"killed_by":"3 Cultists","ascension_level":20}