{"gold_per_floor":[116,116,126,142,24,24,58,58,82,82,82,95,95,128,128,225,225,235,248,138,148,167,167,266,266,312,339,21,21,21,21,21,120,120,130,52,52,5,0,0,0,0,24,36,54,54,65,84,84,84],"floor_reached":50,"playtime":2282,"items_purged":["Strike_G"],"score":639,"play_id":"ef46f43c-ce17-45ab-b824-99b65a67f862","local_time":"20181230203220","is_ascension_mode":true,"campfire_choices":[{"data":"Neutralize","floor":6.0,"key":"SMITH"},{"data":"Noxious Fumes","floor":8.0,"key":"SMITH"},{"data":"Blade Dance","floor":10.0,"key":"SMITH"},{"floor":15.0,"key":"REST"},{"floor":23,"key":"REST"},{"floor":25,"key":"REST"},{"floor":30,"key":"REST"},{"floor":32,"key":"REST"},{"data":"Accuracy","floor":40,"key":"SMITH"},{"data":"Accuracy","floor":42,"key":"SMITH"},{"floor":46,"key":"REST"},{"floor":49,"key":"REST"}],"neow_cost":"NONE","seed_source_timestamp":0,"circlet_count":0,"master_deck":["Defend_G","Defend_G","Defend_G","Defend_G","Defend_G","Strike_G","Strike_G","Strike_G","Strike_G","Survivor","Neutralize+1","Sucker Punch","Blade Dance+1","Backflip+1","Accuracy+1","Noxious Fumes+1","Bane","Bouncing Flask","Malaise","Blade Dance","Sucker Punch+1","Accuracy+1","PiercingWail","Blade Dance+1","Infinite Blades+1","Blade Dance","Envenom","PiercingWail","Infinite Blades","Backflip","Bane+1","Accuracy+1","Dodge and Roll+1","Dash+1"],"special_seed":0,"relics":["Ring of the Snake","Bag of Marbles","Incense Burner","Omamori","Letter Opener","Black Star","Anchor","Bag of Preparation","Dead Branch","WingedGreaves","Meat on the Bone","HoveringKite","Red Mask","Vajra"],"potions_floor_usage":[21,22,22,44,47,48,48],"damage_taken":[{"damage":1.0,"enemies":"Jaw Worm","floor":1.0,"turns":3.0},{"damage":0.0,"enemies":"2 Louse","floor":3.0,"turns":2.0},{"damage":0.0,"enemies":"Cultist","floor":4.0,"turns":3.0},{"damage":20.0,"enemies":"Lagavulin","floor":7.0,"turns":6.0},{"damage":2.0,"enemies":"Exordium Wildlife","floor":12.0,"turns":5.0},{"damage":21.0,"enemies":"Gremlin Nob","floor":14.0,"turns":4.0},{"damage":40.0,"enemies":"The Guardian","floor":16.0,"turns":8.0},{"damage":2,"enemies":"Chosen","floor":18,"turns":4},{"damage":16,"enemies":"Shell Parasite","floor":19,"turns":6},{"damage":21,"enemies":"Snake Plant","floor":21,"turns":7},{"damage":23,"enemies":"Sentry and Sphere","floor":22,"turns":7},{"damage":23,"enemies":"Slavers","floor":27,"turns":7},{"damage":50,"enemies":"Collector","floor":33,"turns":7},{"damage":19,"enemies":"3 Shapes","floor":35,"turns":5},{"damage":1,"enemies":"3 Darklings","floor":44,"turns":3},{"damage":6,"enemies":"Jaw Worm Horde","floor":45,"turns":3},{"damage":27,"enemies":"Maw","floor":47,"turns":5},{"damage":47,"enemies":"Writhing Mass","floor":48,"turns":5},{"damage":65,"enemies":"Time Eater","floor":50,"turns":5}],"seed_played":"5127331702347012665","potions_obtained":[{"floor":3.0,"key":"Block Potion"},{"floor":4.0,"key":"SneckoOil"},{"floor":12.0,"key":"Dexterity Potion"},{"floor":13.0,"key":"Dexterity Potion"},{"floor":13.0,"key":"Regen Potion"},{"floor":18,"key":"Fire Potion"},{"floor":21,"key":"FearPotion"},{"floor":33,"key":"EssenceOfSteel"},{"floor":35,"key":"SteroidPotion"},{"floor":45,"key":"Explosive Potion"}],"is_trial":false,"path_per_floor":["M","?","M","M","$","R","E","R","T","R","?","M","?","E","R","B",null,"M","M","$","M","M","R","?","R","T","E","$","$","R","?","R","B",null,"M","$","?","$","?","R","$","R","T","M","M","R","M","M","R","B"],"character_chosen":"THE_SILENT","items_purchased":["Accuracy","Fire Potion","Accuracy","Blade Dance","WingedGreaves","Infinite Blades","Backflip"],"campfire_rested":7,"item_purchase_floors":[5,5,20,28,28,36,38],"current_hp_per_floor":[76,69,69,69,69,69,49,49,49,49,49,47,47,26,49,24,64,62,46,46,25,2,25,25,48,48,25,25,25,48,48,71,33,66,47,47,47,47,47,47,47,47,47,46,40,63,48,13,36,0],"gold":84,"neow_bonus":"TEN_PERCENT_HP_BONUS","is_prod":false,"is_daily":false,"chose_seed":false,"campfire_upgraded":5,"win_rate":0,"timestamp":1546219940,"path_taken":["M","?","M","M","?","R","E","R","T","R","?","M","?","E","R","BOSS","M","M","?","M","M","R","?","R","T","E","?","$","R","?","R","BOSS","M","$","?","$","?","R","?","R","T","M","?","R","M","M","R","BOSS"],"build_version":"2018-12-20","purchased_purges":1,"victory":false,"max_hp_per_floor":[77,77,77,77,77,77,77,77,77,77,77,77,77,77,77,77,77,77,77,77,77,77,77,77,77,77,77,77,77,77,77,77,77,77,77,77,77,77,77,77,77,77,77,77,77,77,77,77,77,77],"card_choices":[{"not_picked":["Reflex","Tactician"],"picked":"Sucker Punch","floor":1.0},{"not_picked":["Reflex","Bane"],"picked":"Blade Dance","floor":3.0},{"not_picked":["Acrobatics","Dagger Spray"],"picked":"Backflip","floor":4.0},{"not_picked":["Burst","Bane"],"picked":"Noxious Fumes","floor":7.0},{"not_picked":["Prepared","Flying Knee"],"picked":"Bane","floor":12.0},{"not_picked":["Wraith Form v2","Slice"],"picked":"Bouncing Flask","floor":14.0},{"not_picked":["Adrenaline","Phantasmal Killer"],"picked":"Malaise","floor":16.0},{"not_picked":["Slice","Flying Knee"],"picked":"Blade Dance","floor":18},{"not_picked":["Prepared","Quick Slash"],"picked":"Sucker Punch+1","floor":19},{"not_picked":["Skewer","Heel Hook"],"picked":"PiercingWail","floor":21},{"not_picked":["Cloak And Dagger","Bouncing Flask"],"picked":"Blade Dance+1","floor":22},{"not_picked":["Masterful Stab","Sucker Punch+1"],"picked":"Infinite Blades+1","floor":27},{"not_picked":["Adrenaline","Bullet Time"],"picked":"Envenom","floor":33},{"not_picked":["Dagger Spray","Poisoned Stab"],"picked":"PiercingWail","floor":35},{"not_picked":["Setup","Deadly Poison"],"picked":"Bane+1","floor":44},{"not_picked":["Blade Dance+1","Poisoned Stab"],"picked":"Accuracy+1","floor":45},{"not_picked":["Bane","Bouncing Flask+1"],"picked":"Dodge and Roll+1","floor":47},{"not_picked":["Underhanded Strike+1","Deadly Poison+1"],"picked":"Dash+1","floor":48}],"player_experience":148375,"relics_obtained":[{"floor":7.0,"key":"Incense Burner"},{"floor":9.0,"key":"Omamori"},{"floor":14.0,"key":"Letter Opener"},{"floor":26,"key":"Anchor"},{"floor":27,"key":"Bag of Preparation"},{"floor":27,"key":"Dead Branch"},{"floor":43,"key":"Vajra"}],"event_choices":[{"damage_healed":0.0,"max_hp_gain":0.0,"max_hp_loss":0.0,"gold_gain":0.0,"event_name":"Scrap Ooze","player_choice":"Success","floor":2.0,"gold_loss":0.0,"damage_taken":7.0,"relics_obtained":["Bag of Marbles"]},{"damage_healed":0.0,"max_hp_gain":0.0,"max_hp_loss":0.0,"gold_gain":0.0,"event_name":"Living Wall","player_choice":"Grow","floor":11.0,"gold_loss":0.0,"damage_taken":0.0,"cards_upgraded":["Backflip"]},{"damage_healed":0.0,"max_hp_gain":0.0,"max_hp_loss":0.0,"gold_gain":0.0,"event_name":"Lab","player_choice":"Got Potions","floor":13.0,"gold_loss":0.0,"damage_taken":0.0},{"damage_healed":0,"gold_gain":99,"player_choice":"Stole From Cult","damage_taken":0,"max_hp_gain":0,"max_hp_loss":0,"event_name":"Nest","floor":24,"gold_loss":0},{"damage_healed":0,"gold_gain":0,"player_choice":"Opened","damage_taken":0,"relics_obtained":["Meat on the Bone"],"max_hp_gain":0,"max_hp_loss":0,"event_name":"The Mausoleum","floor":31,"gold_loss":0,"cards_obtained":["Writhe"]},{"damage_healed":0,"gold_gain":0,"player_choice":"Ignored","damage_taken":0,"max_hp_gain":0,"max_hp_loss":0,"event_name":"Mysterious Sphere","floor":37,"gold_loss":0},{"damage_healed":0,"gold_gain":0,"player_choice":"Paid","damage_taken":0,"relics_obtained":["Red Mask"],"max_hp_gain":0,"max_hp_loss":0,"event_name":"Tomb of Lord Red Mask","floor":39,"gold_loss":5}],"is_beta":false,"boss_relics":[{"not_picked":["Runic Pyramid","Snecko Eye"],"picked":"Black Star"},{"not_picked":["Ring of the Serpent","Lizard Tail"],"picked":"HoveringKite"}],"items_purged_floors":[20],"is_endless":false,"potions_floor_spawned":[3,4,12,14,18,21,33,35,45],"killed_by":"Time Eater","ascension_level":5}