{"path_per_floor":["M","M","?","M","M","R","E","R","T","M","R","E","R","M","R","B",null,"M","M","?","$","?","E","R","?","T","M","T","?","E","M","R","B",null,"M","?","T","M","?","E","R","E","T","?"],"character_chosen":"THE_SILENT","items_purchased":["Flash of Steel"],"gold_per_floor":[16,30,30,46,58,58,85,85,85,105,105,139,139,153,153,251,251,231,241,241,62,0,25,25,25,78,92,92,92,119,129,129,224,224,240,240,240,250,250,282,282,311,311,311],"floor_reached":45,"campfire_rested":0,"playtime":5640,"current_hp_per_floor":[70,65,58,58,53,53,32,32,32,31,31,24,24,24,24,8,70,59,59,59,59,59,40,40,40,40,15,15,15,8,8,8,26,70,66,66,66,57,57,42,42,19,19,37],"items_purged":["Strike_G"],"gold":311,"score":492,"play_id":"ee9378a8-9fe3-419c-9ca2-d72111a4b852","is_prod":false,"is_daily":false,"is_ascension_mode":true,"campfire_upgraded":4,"path_taken":["M","M","?","M","M","R","E","R","T","M","R","E","R","M","R","BOSS","M","M","?","$","?","E","R","?","T","M","?","?","E","M","R","BOSS","M","?","?","M","?","E","R","E","T","?","E"],"build_version":"2018-02-16-BETA2","purchased_purges":1,"victory":false,"master_deck":["Defend_G","Defend_G","Defend_G","Defend_G","Strike_G","Strike_G","Survivor","Neutralize+1","Flying Knee","Backflip","Escape Plan","Cloak And Dagger+1","Footwork+1","Dagger Throw","Tools of the Trade+1","PiercingWail+1","Flash of Steel+1","Underhanded Strike","Dagger Spray+1","Eviscerate+1","Tools of the Trade+1","Flying Knee+1","Prepared+1","Distraction+1","Well Laid Plans+1"],"max_hp_per_floor":[70,70,70,70,70,70,70,70,70,70,70,70,70,70,70,70,70,70,70,70,70,70,70,70,70,70,70,70,70,70,70,70,70,70,70,70,70,70,70,70,70,70,70,70],"relics":["Ring of the Snake","Bottled Lightning","Shovel","Juzu Bracelet","Frozen Egg 2","Ninja Scroll","Black Star","Calipers","Peace Pipe","Toolbox","Tiny Chest","Ice Cream","Paper Crane","Pantograph","Cursed Key","Omamori","Dodecahedron","Matryoshka","Ancient Tea Set","Prayer Wheel","Regal Pillow","Unceasing Top"],"card_choices":[{"not_picked":["Bane","Quick Slash"],"picked":"Flying Knee"},{"not_picked":["Dagger Throw","Dodge and Roll"],"picked":"Backflip"},{"not_picked":["Dodge and Roll","Dagger Throw"],"picked":"Escape Plan"},{"not_picked":["Poisoned Stab","Deflect"],"picked":"Cloak And Dagger"},{"not_picked":["Poisoned Stab","Reflex"],"picked":"Footwork"},{"not_picked":["Flechettes","Backflip"],"picked":"Dagger Throw"},{"not_picked":["Unload","Adrenaline"],"picked":"Tools of the Trade"},{"not_picked":["Bane","Backflip"],"picked":"PiercingWail"},{"not_picked":["Flying Knee","Night Terror"],"picked":"Underhanded Strike"},{"not_picked":["Endless Agony","Blur"],"picked":"Dagger Spray"},{"not_picked":["Slice","Caltrops"],"picked":"Eviscerate"},{"not_picked":["Storm of Steel","Glass Knife"],"picked":"Tools of the Trade"},{"not_picked":["Backflip","Underhanded Strike"],"picked":"Flying Knee"},{"not_picked":["Dodge and Roll","Outmaneuver"],"picked":"Prepared"},{"not_picked":["Slice","Dagger Throw"],"picked":"Distraction"},{"not_picked":["Wraith Form","Cloak And Dagger"],"picked":"Well Laid Plans"}],"player_experience":69299,"potions_floor_usage":[10,16,23,23,30,31,33,40,40,42],"damage_taken":[{"damage":0,"enemies":"2 Louse","floor":1,"turns":3},{"damage":5,"enemies":"Small Slimes","floor":2,"turns":3},{"damage":0,"enemies":"Jaw Worm","floor":4,"turns":5},{"damage":5,"enemies":"Blue Slaver","floor":5,"turns":4},{"damage":21,"enemies":"Gremlin Nob","floor":7,"turns":5},{"damage":1,"enemies":"3 Louse","floor":10,"turns":3},{"damage":7,"enemies":"3 Sentries","floor":12,"turns":8},{"damage":0,"enemies":"Gremlin Gang","floor":14,"turns":4},{"damage":16,"enemies":"Slime Boss","floor":16,"turns":14},{"damage":11,"enemies":"2 Thieves","floor":18,"turns":4},{"damage":0,"enemies":"Spheric Guardian","floor":19,"turns":6},{"damage":19,"enemies":"Gremlin Leader","floor":23,"turns":13},{"damage":25,"enemies":"Snecko","floor":27,"turns":11},{"damage":11,"enemies":"Slavers","floor":30,"turns":10},{"damage":0,"enemies":"Snake Plant","floor":31,"turns":5},{"damage":7,"enemies":"Automaton","floor":33,"turns":13},{"damage":4,"enemies":"Orb Walker","floor":35,"turns":3},{"damage":13,"enemies":"3 Shapes","floor":38,"turns":5},{"damage":15,"enemies":"2 Orb Walkers","floor":40,"turns":4},{"damage":23,"enemies":"Nemesis","floor":42,"turns":9},{"damage":39,"enemies":"2 Orb Walkers","floor":45,"turns":3}],"event_choices":[{"event_name":"Golden Wing","player_choice":"Card Removal","floor":3,"damage_taken":0},{"event_name":"Vampires","player_choice":"Ignored","floor":20,"damage_taken":0},{"event_name":"Masked Bandits","player_choice":"Paid Bandits 62 gold","floor":22,"damage_taken":0},{"event_name":"Drug Dealer","player_choice":"Ignored","floor":25,"damage_taken":0},{"event_name":"Accursed Blacksmith","player_choice":"Forge","floor":29,"damage_taken":0},{"event_name":"The Lab","player_choice":"Got Potions","floor":36,"damage_taken":0},{"event_name":"Tomb of Lord Red Mask","player_choice":"Ignored","floor":39,"damage_taken":0},{"event_name":"Winding Halls","player_choice":"Writhe","floor":44,"damage_taken":0}],"boss_relics":[{"not_picked":["Calling Bell","White Beast Statue"],"picked":"Black Star"},{"not_picked":["Runic Pyramid","Lizard Tail"],"picked":"Cursed Key"}],"potions_floor_spawned":[4,10,16,19,27,30,31,35,40,42],"seed_played":"-6187381672637560314","killed_by":"2 Orb Walkers","ascension_level":1,"is_trial":false}