{"path_per_floor":["M","?","M","?","M","R","M","E","T","E","?","E","M","M","R","B",null,"M","M","$","M","$","R","E","R","T","E","T","?","R","M","R","B",null,"M","?","$","?","M","E","$","R","T","M","E","M","R","?","R","B"],"character_chosen":"DEFECT","items_purchased":["Bronze Scales","FTL","Bag of Preparation"],"gold_per_floor":[15,15,32,132,147,147,159,194,239,266,266,291,310,326,326,425,425,436,451,13,30,30,30,60,60,60,93,93,93,93,110,110,206,206,217,217,117,169,186,214,89,89,114,127,152,164,164,164,164,164],"floor_reached":51,"campfire_rested":0,"playtime":5617,"current_hp_per_floor":[75,75,73,73,71,71,63,66,66,48,48,50,54,58,58,9,85,85,85,85,85,85,85,84,84,84,72,72,72,72,79,79,61,85,85,85,85,85,85,82,82,82,82,85,85,85,85,80,80,67],"items_purged":["Defend_B","Decay","Defend_B"],"gold":164,"score":713,"play_id":"83795043-2b77-4aff-958d-4a07216e29be","local_time":"20180502163100","is_prod":false,"is_daily":false,"chose_seed":false,"is_ascension_mode":false,"campfire_upgraded":7,"timestamp":1525249860,"path_taken":["M","?","M","?","M","R","M","E","T","E","?","E","M","?","R","BOSS","M","?","$","M","?","R","E","R","T","E","?","?","R","M","R","BOSS","M","?","$","?","M","E","$","R","T","?","E","M","R","?","R","BOSS"],"build_version":"2018-05-01","seed_source_timestamp":451960701056908,"purchased_purges":3,"victory":true,"master_deck":["Strike_B+1","Strike_B+1","Strike_B","Strike_B","Defend_B","Zap+1","Dualcast","Glacier","Capacitor+1","Glacier","Recycle+1","Self Repair+1","Tempest+1","FTL","Echo Form","Barrage+1","FTL","Seek","FTL","Parasite","Writhe","Rainbow+1","Doom and Gloom","Buffer","Parasite","Defragment+1","Double Energy+1"],"max_hp_per_floor":[75,75,75,75,75,75,75,85,85,85,85,85,85,85,85,85,85,85,85,85,85,85,85,85,85,85,85,85,85,85,85,85,85,85,85,85,85,85,85,85,85,85,85,85,85,85,85,85,85,85],"relics":["Cracked Core","Ice Cream","Pear","Orichalcum","Lantern","Whetstone","Cursed Key","Bronze Scales","Bag of Preparation","Toolbox","Dead Branch","Blue Candle","Ancient Tea Set","Centennial Puzzle","Nuclear Battery","Girya","Anchor","Art of War","Mercury Hourglass"],"card_choices":[{"not_picked":["Skim","Axe Kick"],"picked":"Glacier","floor":3},{"not_picked":["Conserve Battery","Axe Kick"],"picked":"Capacitor","floor":5},{"not_picked":["Ball Lightning","Heatsinks"],"picked":"Glacier","floor":7},{"not_picked":["Reinforced Body","Turbo"],"picked":"Recycle","floor":8},{"not_picked":["Rebound","Axe Kick"],"picked":"Self Repair","floor":10},{"not_picked":["Cold Snap","Conserve Battery"],"picked":"Tempest","floor":12},{"not_picked":["Go for the Eyes","Stack"],"picked":"FTL","floor":14},{"not_picked":["Machine Learning","Meteor Strike"],"picked":"Echo Form","floor":16},{"not_picked":["Static Discharge","Ball Lightning"],"picked":"Barrage","floor":19},{"not_picked":["Rebound","Melter"],"picked":"Seek","floor":24},{"not_picked":["White Noise","Impulse"],"picked":"FTL","floor":27},{"not_picked":["Seek","Reboot"],"picked":"Rainbow","floor":33},{"not_picked":["Go for the Eyes","Streamline"],"picked":"Doom and Gloom","floor":35},{"not_picked":["Stack","Double Energy"],"picked":"Defragment","floor":45},{"not_picked":["Go for the Eyes","Undo"],"picked":"Double Energy","floor":46}],"player_experience":313014,"potions_floor_usage":[14,16,16,31,40,50,50],"damage_taken":[{"damage":0,"enemies":"Small Slimes","floor":1,"turns":2},{"damage":2,"enemies":"Jaw Worm","floor":3,"turns":4},{"damage":2,"enemies":"2 Louse","floor":5,"turns":3},{"damage":8,"enemies":"Large Slime","floor":7,"turns":9},{"damage":7,"enemies":"3 Sentries","floor":8,"turns":12},{"damage":18,"enemies":"Gremlin Nob","floor":10,"turns":6},{"damage":5,"enemies":"3 Sentries","floor":12,"turns":11},{"damage":3,"enemies":"Gremlin Gang","floor":13,"turns":9},{"damage":3,"enemies":"Exordium Wildlife","floor":14,"turns":7},{"damage":56,"enemies":"Hexaghost","floor":16,"turns":15},{"damage":0,"enemies":"3 Byrds","floor":18,"turns":7},{"damage":3,"enemies":"Spheric Guardian","floor":19,"turns":6},{"damage":6,"enemies":"Centurion and Healer","floor":21,"turns":7},{"damage":8,"enemies":"Book of Stabbing","floor":24,"turns":5},{"damage":22,"enemies":"Gremlin Leader","floor":27,"turns":6},{"damage":3,"enemies":"Cultist and Chosen","floor":31,"turns":4},{"damage":28,"enemies":"Champ","floor":33,"turns":11},{"damage":1,"enemies":"3 Shapes","floor":35,"turns":4},{"damage":1,"enemies":"Mysterious Sphere","floor":38,"turns":3},{"damage":14,"enemies":"3 Darklings","floor":39,"turns":4},{"damage":13,"enemies":"2 Orb Walkers","floor":40,"turns":3},{"damage":11,"enemies":"Maw","floor":44,"turns":5},{"damage":9,"enemies":"Nemesis","floor":45,"turns":5},{"damage":3,"enemies":"Flame Bruiser 2 Orb","floor":46,"turns":4},{"damage":42,"enemies":"Time Eater","floor":50,"turns":6}],"event_choices":[{"event_name":"Liars Game","player_choice":"disagreed","floor":2,"damage_taken":0},{"event_name":"Golden Shrine","player_choice":"Pray","floor":4,"damage_taken":0},{"event_name":"Purifier","player_choice":"One Purge","floor":11,"damage_taken":0},{"event_name":"The Mausoleum","player_choice":"Yes","floor":29,"damage_taken":0},{"event_name":"Match and Keep!","player_choice":"1 cards matched","floor":36,"damage_taken":0},{"event_name":"Mysterious Sphere","player_choice":"Fight","floor":38,"damage_taken":0},{"event_name":"SensoryStone","player_choice":"Memory 2","floor":48,"damage_taken":0}],"boss_relics":[{"not_picked":["Runic Dome","Black Star"],"picked":"Cursed Key"},{"not_picked":["Calling Bell","Orrery"],"picked":"Nuclear Battery"}],"potions_floor_spawned":[3,10,13,14,18,27,35,38,40,46],"seed_played":"-4548530052653901771","ascension_level":0,"is_trial":false}