{"gold_per_floor":[114,0,17,29,41,66,66,66,116,41,41,59,59,71,71,71],"floor_reached":16,"playtime":295,"items_purged":["Regret"],"score":204,"play_id":"bf76cbac-227b-4cfa-9a44-1d47751fa9ea","local_time":"20190414194447","is_ascension_mode":true,"campfire_choices":[{"data":"Feed","floor":7,"key":"SMITH"},{"data":"Bash","floor":11,"key":"SMITH"},{"data":"Second Wind","floor":13,"key":"SMITH"},{"data":"Perfected Strike","floor":15,"key":"SMITH"}],"neow_cost":"NONE","seed_source_timestamp":202280983087400,"circlet_count":0,"master_deck":["AscendersBane","Strike_R","Strike_R","Strike_R","Strike_R","Strike_R","Defend_R+1","Defend_R+1","Defend_R","Defend_R","Bash+1","Battle Trance","Feed+1","Second Wind+1","Perfected Strike+1"],"relics":["Burning Blood","NeowsBlessing","Question Card","Blood Vial","Oddly Smooth Stone","War Paint"],"potions_floor_usage":[],"damage_taken":[{"damage":0,"enemies":"Jaw Worm","floor":1,"turns":1},{"damage":0,"enemies":"Cultist","floor":3,"turns":1},{"damage":0,"enemies":"Small Slimes","floor":4,"turns":2},{"damage":10,"enemies":"2 Fungi Beasts","floor":5,"turns":4},{"damage":56,"enemies":"Gremlin Nob","floor":6,"turns":5},{"damage":2,"enemies":"Looter","floor":12,"turns":4},{"damage":10,"enemies":"Gremlin Gang","floor":14,"turns":5},{"damage":38,"enemies":"Hexaghost","floor":16,"turns":7}],"seed_played":"-3503552768290095080","potions_obtained":[{"floor":4,"key":"Block Potion"},{"floor":6,"key":"Block Potion"}],"is_trial":false,"path_per_floor":["M","?","M","M","M","E","R","?","T","$","R","M","R","M","R","B"],"character_chosen":"IRONCLAD","items_purchased":[],"campfire_rested":0,"item_purchase_floors":[],"current_hp_per_floor":[74,74,75,75,71,21,21,21,21,21,21,31,31,33,33,0],"gold":71,"neow_bonus":"THREE_ENEMY_KILL","is_prod":false,"is_daily":false,"chose_seed":false,"campfire_upgraded":4,"win_rate":0,"timestamp":1555238687,"path_taken":["M","?","M","?","M","E","R","?","T","$","R","M","R","M","R","BOSS"],"build_version":"2019-01-23","purchased_purges":1,"victory":false,"max_hp_per_floor":[75,75,75,75,75,75,75,75,75,75,75,79,79,83,83,83],"card_choices":[{"not_picked":["Cleave","Sever Soul","Sentinel"],"picked":"SKIP","floor":1},{"not_picked":["Twin Strike","Fire Breathing","Heavy Blade","Uppercut"],"picked":"SKIP","floor":3},{"not_picked":["Heavy Blade","Intimidate","Clash","Wild Strike"],"picked":"SKIP","floor":4},{"not_picked":["Anger","Shockwave","Perfected Strike"],"picked":"Battle Trance","floor":5},{"not_picked":["Blood for Blood","Heavy Blade","Cleave"],"picked":"Feed","floor":6},{"not_picked":["Carnage","True Grit","Sentinel"],"picked":"Second Wind","floor":12},{"not_picked":["Feel No Pain","Uppercut","Twin Strike"],"picked":"Perfected Strike","floor":14}],"player_experience":3133771,"relics_obtained":[{"floor":6,"key":"Blood Vial"},{"floor":9,"key":"War Paint"}],"event_choices":[{"damage_healed":0,"gold_gain":0,"player_choice":"Paid Gold","damage_taken":0,"relics_obtained":["Question Card"],"max_hp_gain":0,"max_hp_loss":0,"event_name":"WeMeetAgain","floor":2,"gold_loss":114},{"damage_healed":0,"gold_gain":0,"player_choice":"Box","damage_taken":0,"relics_obtained":["Oddly Smooth Stone"],"max_hp_gain":0,"max_hp_loss":0,"event_name":"Big Fish","floor":8,"gold_loss":0,"cards_obtained":["Regret"]}],"is_beta":false,"boss_relics":[],"items_purged_floors":[10],"is_endless":false,"potions_floor_spawned":[4,6,14],"killed_by":"Hexaghost","ascension_level":20}