{"gold_per_floor":[113,113,188,101,121,121,146,146,146,165,177,188,188,213,213,287,287,260,260,271,271,288,288,306,322,346,346,99,99,117,117,117,117],"floor_reached":33,"playtime":1570,"items_purged":[],"score":488,"play_id":"e6ff4a59-1c53-420d-822d-0e897b8eff8c","local_time":"20190402194955","is_ascension_mode":true,"campfire_choices":[{"floor":6.0,"key":"REST"},{"floor":13,"key":"REST"},{"floor":15,"key":"REST"},{"floor":23,"key":"REST"},{"floor":27,"key":"REST"},{"floor":29,"key":"REST"},{"floor":32,"key":"REST"}],"neow_cost":"NONE","seed_source_timestamp":1657491533653865,"circlet_count":0,"master_deck":["AscendersBane","Strike_B+1","Strike_B","Strike_B","Strike_B","Defend_B","Defend_B","Defend_B","Defend_B","Zap+1","Dualcast","Melter","Defragment","FTL+1","Ball Lightning","Redo","Melter","Compile Driver","Echo Form","Glacier","Auto Shields","Ball Lightning","Chaos","Static Discharge","Storm","Cold Snap"],"special_seed":0,"relics":["FrozenCore","Whetstone","Ginger","Oddly Smooth Stone","Ornamental Fan","Juzu Bracelet","Blood Vial"],"potions_floor_usage":[16,18,22],"damage_taken":[{"damage":7.0,"enemies":"Small Slimes","floor":1.0,"turns":4.0},{"damage":1.0,"enemies":"2 Louse","floor":5.0,"turns":3.0},{"damage":15.0,"enemies":"Lagavulin","floor":7.0,"turns":7.0},{"damage":6.0,"enemies":"Jaw Worm","floor":10.0,"turns":2.0},{"damage":0,"enemies":"Looter","floor":11,"turns":2},{"damage":10,"enemies":"3 Louse","floor":12,"turns":3},{"damage":32,"enemies":"Gremlin Nob","floor":14,"turns":4},{"damage":14,"enemies":"Slime Boss","floor":16,"turns":7},{"damage":15,"enemies":"2 Thieves","floor":18,"turns":4},{"damage":0,"enemies":"Chosen","floor":20,"turns":6},{"damage":45,"enemies":"3 Cultists","floor":22,"turns":7},{"damage":25,"enemies":"Centurion and Healer","floor":24,"turns":8},{"damage":3,"enemies":"Snecko","floor":25,"turns":7},{"damage":68,"enemies":"3 Cultists","floor":30,"turns":5},{"damage":0,"enemies":"Champ","floor":33,"turns":1}],"seed_played":"-2441908774529271458","potions_obtained":[{"floor":1.0,"key":"AttackPotion"},{"floor":10.0,"key":"Dexterity Potion"},{"floor":12,"key":"Explosive Potion"},{"floor":18,"key":"Explosive Potion"},{"floor":20,"key":"GamblersBrew"},{"floor":25,"key":"FairyPotion"}],"is_trial":false,"path_per_floor":["M","?","?","$","M","R","E","T","T","M","M","M","R","E","R","B",null,"M","?","M","?","M","R","M","M","T","R","$","R","M","?","R","B"],"character_chosen":"DEFECT","items_purchased":["Defragment","Storm","Blood Vial"],"campfire_rested":7,"item_purchase_floors":[4,28,28],"current_hp_per_floor":[64,64,53,53,52,75,60,60,60,54,54,44,67,35,58,44,70,55,55,55,55,10,33,8,5,5,28,28,51,7,7,30,32],"gold":117,"neow_bonus":"TEN_PERCENT_HP_BONUS","is_prod":false,"is_daily":false,"chose_seed":false,"campfire_upgraded":0,"win_rate":0,"timestamp":1554223795,"path_taken":["M","?","?","$","M","R","E","?","T","M","M","M","R","E","R","BOSS","M","?","M","?","M","R","M","M","T","R","$","R","M","?","R","BOSS"],"build_version":"2019-01-23","purchased_purges":0,"victory":false,"max_hp_per_floor":[78,78,78,78,78,78,78,78,78,78,78,78,78,78,78,78,78,78,78,78,78,78,78,78,78,78,78,78,78,78,78,78,78],"card_choices":[{"not_picked":["Streamline","Rebound"],"picked":"Melter","floor":1.0},{"not_picked":["Streamline","Recycle"],"picked":"FTL","floor":5.0},{"not_picked":["Tempest","Rebound"],"picked":"Ball Lightning","floor":7.0},{"not_picked":["Rainbow","Gash"],"picked":"Redo","floor":10.0},{"not_picked":["Hologram","Stack"],"picked":"Melter","floor":11},{"not_picked":["Skim","Reinforced Body","Go for the Eyes"],"picked":"SKIP","floor":12},{"not_picked":["Undo","Stack"],"picked":"Compile Driver","floor":14},{"not_picked":["Multi-Cast","Machine Learning"],"picked":"Echo Form","floor":16},{"not_picked":["Conserve Battery","Rebound"],"picked":"Glacier","floor":18},{"not_picked":["Genetic Algorithm","Compile Driver"],"picked":"Auto Shields","floor":20},{"not_picked":["Undo","Double Energy+1"],"picked":"Ball Lightning","floor":22},{"not_picked":["Sweeping Beam","Leap+1"],"picked":"Chaos","floor":24},{"not_picked":["Rebound","Rainbow"],"picked":"Static Discharge","floor":25},{"not_picked":["Gash","Streamline"],"picked":"Cold Snap","floor":30}],"player_experience":1151515,"relics_obtained":[{"floor":7.0,"key":"Whetstone"},{"floor":8.0,"key":"Ginger"},{"floor":9.0,"key":"Oddly Smooth Stone"},{"floor":14,"key":"Ornamental Fan"},{"floor":26,"key":"Juzu Bracelet"}],"event_choices":[{"damage_healed":0.0,"max_hp_gain":0.0,"max_hp_loss":0.0,"gold_gain":0.0,"event_name":"Living Wall","player_choice":"Grow","floor":2.0,"gold_loss":0.0,"damage_taken":0.0,"cards_upgraded":["Zap"]},{"damage_healed":0.0,"max_hp_gain":0.0,"max_hp_loss":0.0,"gold_gain":75.0,"event_name":"World of Goop","player_choice":"Gather Gold","floor":3.0,"gold_loss":0.0,"damage_taken":11.0},{"damage_healed":0,"gold_gain":0,"player_choice":"Ignored","damage_taken":0,"max_hp_gain":0,"max_hp_loss":0,"event_name":"Beggar","floor":19,"gold_loss":0},{"damage_healed":0,"gold_gain":0,"player_choice":"Ignored","damage_taken":0,"max_hp_gain":0,"max_hp_loss":0,"event_name":"Vampires","floor":21,"gold_loss":0},{"damage_healed":0,"gold_gain":0,"player_choice":"Ignored","damage_taken":0,"max_hp_gain":0,"max_hp_loss":0,"event_name":"Purifier","floor":31,"gold_loss":0}],"is_beta":false,"boss_relics":[{"not_picked":["Sozu","Busted Crown"],"picked":"FrozenCore"}],"items_purged_floors":[],"is_endless":false,"potions_floor_spawned":[1,10,12,18,20,25],"killed_by":"Champ","ascension_level":18}