{"gold_per_floor":[119,19,36,53,63,63,89,89,157,157,182,182],"floor_reached":12,"playtime":354,"items_purged":[],"score":176,"play_id":"1255862b-6b40-47be-a142-a591c17a281b","local_time":"20190219204611","is_ascension_mode":true,"campfire_choices":[{"data":"Discovery","floor":6,"key":"SMITH"},{"floor":8,"key":"REST"},{"data":"Loop","floor":10,"key":"SMITH"}],"neow_cost":"NONE","seed_source_timestamp":471289029664500,"circlet_count":0,"master_deck":["AscendersBane","Strike_B","Strike_B","Strike_B","Strike_B","Defend_B","Defend_B","Defend_B","Defend_B","Zap","Dualcast","BootSequence","Discovery+1","Loop+1","Coolheaded","Self Repair","Reboot"],"relics":["Cracked Core","NeowsBlessing","Girya","Bottled Tornado","Boot"],"potions_floor_usage":[11],"damage_taken":[{"damage":0,"enemies":"Cultist","floor":1,"turns":1},{"damage":0,"enemies":"Jaw Worm","floor":3,"turns":1},{"damage":0,"enemies":"2 Louse","floor":4,"turns":1},{"damage":8,"enemies":"Blue Slaver","floor":5,"turns":4},{"damage":44,"enemies":"3 Sentries","floor":7,"turns":11},{"damage":18,"enemies":"Lagavulin","floor":11,"turns":8},{"damage":0,"enemies":"Gremlin Gang","floor":12,"turns":1}],"seed_played":"3448029522525175079","potions_obtained":[{"floor":4,"key":"FearPotion"},{"floor":5,"key":"Poison Potion"}],"is_trial":false,"path_per_floor":["M","$","M","M","M","R","E","R","T","R","E","M"],"character_chosen":"DEFECT","items_purchased":["Discovery"],"campfire_rested":1,"item_purchase_floors":[2],"current_hp_per_floor":[64,64,64,64,56,56,12,33,33,33,22,22],"gold":182,"neow_bonus":"THREE_ENEMY_KILL","is_prod":false,"is_daily":false,"chose_seed":false,"campfire_upgraded":2,"win_rate":0,"timestamp":1550576771,"path_taken":["M","?","M","M","M","R","E","R","T","R","E","M"],"build_version":"2019-01-23","purchased_purges":0,"victory":false,"max_hp_per_floor":[71,71,71,71,71,71,71,71,71,71,71,71],"card_choices":[{"not_picked":["Stack","Storm"],"picked":"BootSequence","floor":1},{"not_picked":["Hello World","Compile Driver"],"picked":"Loop","floor":3},{"not_picked":["Turbo","Sweeping Beam","Doom and Gloom"],"picked":"SKIP","floor":4},{"not_picked":["Tempest","Darkness"],"picked":"Coolheaded","floor":5},{"not_picked":["Genetic Algorithm","Barrage"],"picked":"Self Repair","floor":7},{"not_picked":["Beam Cell","Turbo"],"picked":"Reboot","floor":11}],"player_experience":1649440,"relics_obtained":[{"floor":7,"key":"Girya"},{"floor":9,"key":"Bottled Tornado"},{"floor":11,"key":"Boot"}],"event_choices":[],"is_beta":false,"boss_relics":[],"items_purged_floors":[],"is_endless":false,"potions_floor_spawned":[4,5],"killed_by":"Gremlin Gang","ascension_level":20}