{"gold_per_floor":[113,113,88,88,51,51,86,143,143,143,62,82,82,101,101,175,175,194,208,219,219,33,33,33,33,33,58,68,168,200,214,214,288,288,302,1301,1301,1316,90,118,118,149,196,20,20,20,51,326,326,326,326,326,326,60,90,90],"floor_reached":57,"playtime":3103,"items_purged":["Normality","Normality","Regret"],"score":2865,"play_id":"83aa6d0a-e757-4295-8130-ba3cb5bb3295","local_time":"20190228213118","is_ascension_mode":true,"campfire_choices":[{"data":"Zap","floor":6.0,"key":"SMITH"},{"data":"Consume","floor":13.0,"key":"SMITH"},{"data":"Gash","floor":15.0,"key":"SMITH"},{"data":"Defragment","floor":23.0,"key":"SMITH"},{"floor":25.0,"key":"REST"},{"floor":32.0,"key":"REST"},{"data":"Buffer","floor":41.0,"key":"SMITH"},{"data":"Loop","floor":45.0,"key":"SMITH"},{"floor":49.0,"key":"RECALL"},{"data":"Blizzard","floor":53.0,"key":"SMITH"}],"neow_cost":"NONE","seed_source_timestamp":216660859839300,"circlet_count":0,"master_deck":["AscendersBane","Strike_B","Defend_B","Defend_B","Zap+1","Dualcast","Cold Snap","Cold Snap","FTL","All For One","Self Repair","Consume+1","Gash+1","Chill","Buffer+1","Defragment+1","Glacier","Coolheaded+1","Beam Cell","Coolheaded","Echo Form","Gash","Double Energy","Blizzard+1","Coolheaded","Seek+1","Gash","Mind Blast","Mind Blast","Amplify","Conserve Battery+1","Meteor Strike","Consume+1","Loop+1","Defragment+1","Defragment"],"special_seed":0,"relics":["Cracked Core","NeowsBlessing","Happy Flower","Thread and Needle","Question Card","StoneCalendar","Inserter","PreservedInsect","Potion Belt","Symbiotic Virus","Gambling Chip","Unceasing Top","Matryoshka","The Courier","Snecko Eye","Pantograph","Sundial","Emotion Chip","Toxic Egg 2","War Paint","Art of War","Kunai","Du-Vu Doll","Bag of Marbles","Strawberry","Blue Candle"],"potions_floor_usage":[56,56,56,56],"damage_taken":[{"damage":0.0,"enemies":"Jaw Worm","floor":1.0,"turns":1.0},{"damage":0.0,"enemies":"Lagavulin","floor":7.0,"turns":1.0},{"damage":0.0,"enemies":"Lagavulin Event","floor":8.0,"turns":1.0},{"damage":0.0,"enemies":"Small Slimes","floor":12.0,"turns":2.0},{"damage":3.0,"enemies":"2 Louse","floor":14.0,"turns":3.0},{"damage":31.0,"enemies":"Hexaghost","floor":16.0,"turns":7.0},{"damage":17.0,"enemies":"Chosen","floor":18.0,"turns":5.0},{"damage":15.0,"enemies":"Shell Parasite","floor":19.0,"turns":6.0},{"damage":29.0,"enemies":"Snake Plant","floor":20.0,"turns":5.0},{"damage":6.0,"enemies":"Gremlin Leader","floor":27.0,"turns":6.0},{"damage":0.0,"enemies":"Snecko","floor":28.0,"turns":4.0},{"damage":4.0,"enemies":"Colosseum Slavers","floor":29.0,"turns":5.0},{"damage":7.0,"enemies":"Colosseum Nobs","floor":29.0,"turns":5.0},{"damage":23.0,"enemies":"Slavers","floor":30.0,"turns":7.0},{"damage":7.0,"enemies":"Chosen and Byrds","floor":31.0,"turns":6.0},{"damage":11.0,"enemies":"Champ","floor":33.0,"turns":10.0},{"damage":0.0,"enemies":"3 Shapes","floor":35.0,"turns":7.0},{"damage":4.0,"enemies":"Orb Walker","floor":38.0,"turns":5.0},{"damage":0.0,"enemies":"Giant Head","floor":40.0,"turns":11.0},{"damage":7.0,"enemies":"Nemesis","floor":42.0,"turns":7.0},{"damage":9.0,"enemies":"Reptomancer","floor":47.0,"turns":7.0},{"damage":14.0,"enemies":"Donu and Deca","floor":50.0,"turns":8.0},{"damage":39.0,"enemies":"Time Eater","floor":51.0,"turns":10.0},{"damage":35,"enemies":"Shield and Spear","floor":55,"turns":8},{"damage":3,"enemies":"The Heart","floor":56,"turns":10}],"seed_played":"-281628664512324039","potions_obtained":[{"floor":7.0,"key":"Ancient Potion"},{"floor":8.0,"key":"Poison Potion"},{"floor":12.0,"key":"Fire Potion"},{"floor":14.0,"key":"Strength Potion"},{"floor":16.0,"key":"SpeedPotion"},{"floor":18.0,"key":"Explosive Potion"},{"floor":27.0,"key":"Strength Potion"},{"floor":29.0,"key":"Poison Potion"},{"floor":30.0,"key":"Energy Potion"},{"floor":31.0,"key":"LiquidBronze"},{"floor":40.0,"key":"Regen Potion"},{"floor":42.0,"key":"SteroidPotion"},{"floor":47.0,"key":"Regen Potion"}],"is_trial":false,"path_per_floor":["M","?","$","?","$","R","E","?","T","?","$","M","R","M","R","B",null,"M","M","M","?","$","R","?","R","T","E","M","?","E","M","R","B",null,"M","?","?","M","$","E","R","E","T","$","R","?","E","?","R","B","B",null,"R","$","E","B",null],"character_chosen":"DEFECT","items_purchased":["Cold Snap","FTL","Consume","PreservedInsect","Coolheaded","Amplify","Pantograph","Sundial","Emotion Chip","Toxic Egg 2","War Paint","Art of War","Consume+1","Loop","PowerPotion","FocusPotion","GamblersBrew"],"campfire_rested":2,"item_purchase_floors":[3,5,11,22,22,39,39,39,39,39,39,39,44,44,54,54,54],"current_hp_per_floor":[64,57,57,52,52,52,52,52,52,52,52,59,59,63,63,32,61,51,43,21,21,21,21,21,42,42,43,43,32,16,9,30,33,62,69,69,59,62,62,69,69,69,69,69,69,69,74,74,74,78,39,68,68,68,47,76],"gold":90,"neow_bonus":"THREE_ENEMY_KILL","is_prod":false,"is_daily":false,"chose_seed":false,"campfire_upgraded":7,"win_rate":0,"timestamp":1551357078,"path_taken":["M","?","$","?","$","R","E","?","T","?","$","M","R","M","R","BOSS","M","M","M","?","$","R","?","R","T","E","?","?","E","M","R","BOSS","M","?","?","M","$","E","R","E","T","$","R","?","E","?","R","BOSS","BOSS","R","$","E","BOSS"],"build_version":"2019-01-23","purchased_purges":3,"victory":true,"max_hp_per_floor":[71,71,71,71,71,71,71,71,71,71,71,71,71,71,71,71,71,71,71,71,71,71,71,71,71,71,71,71,71,71,71,71,71,71,71,71,71,71,71,71,71,71,71,71,71,71,78,78,78,78,78,78,78,78,78,78],"card_choices":[{"not_picked":["Leap","Coolheaded"],"picked":"Cold Snap","floor":1.0},{"not_picked":["Hologram","Steam"],"picked":"All For One","floor":7.0},{"not_picked":["Streamline","FTL"],"picked":"Self Repair","floor":8.0},{"not_picked":["Ball Lightning","Streamline","Coolheaded"],"picked":"Gash","floor":12.0},{"not_picked":["White Noise","Steam","FTL"],"picked":"Chill","floor":14.0},{"not_picked":["Thunder Strike","Machine Learning","Multi-Cast"],"picked":"Buffer","floor":16.0},{"not_picked":["Streamline","Stack","Force Field","Tempest"],"picked":"SKIP","floor":18.0},{"not_picked":["Streamline","Sweeping Beam","Coolheaded"],"picked":"Defragment","floor":19.0},{"not_picked":["Doom and Gloom+1","Skim","Auto Shields"],"picked":"Glacier","floor":20.0},{"not_picked":["Capacitor","Rebound","Genetic Algorithm"],"picked":"Echo Form","floor":27.0},{"not_picked":["Conserve Battery","Beam Cell","Heatsinks+1"],"picked":"Gash","floor":28.0},{"not_picked":["Leap","Steam+1","Sweeping Beam"],"picked":"Double Energy","floor":29.0},{"not_picked":["Leap","Ball Lightning","BootSequence"],"picked":"Blizzard","floor":30.0},{"not_picked":["Beam Cell","Stack","Redo"],"picked":"Coolheaded","floor":31.0},{"not_picked":["Echo Form","Reboot","Core Surge"],"picked":"Seek","floor":33.0},{"not_picked":["Storm","Tempest","Barrage"],"picked":"Gash","floor":35.0},{"not_picked":["Dramatic Entrance","Master of Strategy","Bandage Up"],"picked":"Mind Blast","floor":37.0},{"not_picked":["Good Instincts","Trip","Jack Of All Trades"],"picked":"Mind Blast","floor":37.0},{"not_picked":["Redo","Coolheaded","Streamline","Barrage"],"picked":"SKIP","floor":38.0},{"not_picked":["Beam Cell","Streamline","Turbo+1"],"picked":"Conserve Battery+1","floor":40.0},{"not_picked":["Coolheaded+1","Chill+1","Steam+1"],"picked":"Meteor Strike","floor":42.0},{"not_picked":["Cold Snap","Turbo+1","Barrage"],"picked":"Defragment+1","floor":47.0},{"not_picked":["Rip and Tear","Rebound","Compile Driver"],"picked":"Defragment","floor":55}],"player_experience":1904476,"relics_obtained":[{"floor":7.0,"key":"Thread and Needle"},{"floor":8.0,"key":"Question Card"},{"floor":9.0,"key":"StoneCalendar"},{"floor":26.0,"key":"Symbiotic Virus"},{"floor":27.0,"key":"Gambling Chip"},{"floor":29.0,"key":"Unceasing Top"},{"floor":29.0,"key":"Matryoshka"},{"floor":30.0,"key":"The Courier"},{"floor":40.0,"key":"Kunai"},{"floor":42.0,"key":"Du-Vu Doll"},{"floor":43.0,"key":"Bag of Marbles"},{"floor":47.0,"key":"Strawberry"},{"floor":55,"key":"Blue Candle"}],"event_choices":[{"cards_removed":["Defend_B"],"damage_healed":0.0,"max_hp_gain":0.0,"max_hp_loss":0.0,"gold_gain":0.0,"event_name":"Golden Wing","player_choice":"Card Removal","floor":2.0,"gold_loss":0.0,"damage_taken":7.0},{"damage_healed":0.0,"max_hp_gain":0.0,"max_hp_loss":0.0,"gold_gain":0.0,"event_name":"Scrap Ooze","player_choice":"Success","floor":4.0,"gold_loss":0.0,"damage_taken":5.0,"relics_obtained":["Happy Flower"]},{"damage_healed":0.0,"max_hp_gain":0.0,"max_hp_loss":0.0,"gold_gain":30.0,"event_name":"Dead Adventurer","player_choice":"Searched \u00272\u0027 times","floor":8.0,"gold_loss":0.0,"damage_taken":0.0},{"cards_removed":["Defend_B"],"damage_healed":0.0,"max_hp_gain":0.0,"max_hp_loss":0.0,"gold_gain":0.0,"event_name":"Purifier","player_choice":"Purged","floor":10.0,"gold_loss":0.0,"damage_taken":0.0},{"damage_healed":0.0,"max_hp_gain":0.0,"max_hp_loss":0.0,"gold_gain":0.0,"cards_transformed":["Strike_B","Strike_B"],"event_name":"Drug Dealer","player_choice":"Became Test Subject","floor":21.0,"gold_loss":0.0,"damage_taken":0.0,"cards_obtained":["Coolheaded","Beam Cell"]},{"damage_healed":0.0,"max_hp_gain":0.0,"max_hp_loss":0.0,"gold_gain":0.0,"event_name":"WeMeetAgain","player_choice":"Gave Potion","floor":24.0,"gold_loss":0.0,"damage_taken":0.0,"relics_obtained":["Potion Belt"]},{"damage_healed":0.0,"max_hp_gain":0.0,"max_hp_loss":0.0,"gold_gain":0.0,"event_name":"Colosseum","player_choice":"Fight","floor":29.0,"gold_loss":0.0,"damage_taken":0.0},{"damage_healed":0.0,"max_hp_gain":0.0,"max_hp_loss":0.0,"gold_gain":0.0,"event_name":"Colosseum","player_choice":"Fought Nobs","floor":29.0,"gold_loss":0.0,"damage_taken":0.0},{"damage_healed":0.0,"max_hp_gain":0.0,"max_hp_loss":0.0,"gold_gain":999.0,"event_name":"MindBloom","player_choice":"Gold","floor":36.0,"gold_loss":0.0,"damage_taken":0.0,"cards_obtained":["Normality","Normality"]},{"damage_healed":0.0,"max_hp_gain":0.0,"max_hp_loss":0.0,"gold_gain":0.0,"event_name":"SensoryStone","player_choice":"Memory 3","floor":37.0,"gold_loss":0.0,"damage_taken":10.0},{"cards_removed":["Strike_B"],"damage_healed":0.0,"max_hp_gain":0.0,"max_hp_loss":0.0,"gold_gain":0.0,"event_name":"Falling","player_choice":"Removed Attack","floor":46.0,"gold_loss":0.0,"damage_taken":0.0},{"damage_healed":0.0,"max_hp_gain":0.0,"max_hp_loss":0.0,"gold_gain":275.0,"event_name":"Golden Shrine","player_choice":"Desecrate","floor":48.0,"gold_loss":0.0,"damage_taken":0.0,"cards_obtained":["Regret"]}],"is_beta":false,"boss_relics":[{"not_picked":["FrozenCore","Ectoplasm"],"picked":"Inserter"},{"not_picked":["Empty Cage","Busted Crown"],"picked":"Snecko Eye"}],"items_purged_floors":[39,44,54],"is_endless":false,"potions_floor_spawned":[7,8,12,14,16,18,27,29,30,31,40,42,47],"ascension_level":20}