{"gold_per_floor":[110,124,124,136,136,136,165,165,191,191],"floor_reached":10,"playtime":407,"items_purged":[],"score":125,"play_id":"57331f77-2db8-4644-8136-5f04e7c2c960","local_time":"20181225014709","is_ascension_mode":true,"campfire_choices":[{"data":"Bash","floor":6,"key":"SMITH"},{"data":"True Grit","floor":8,"key":"SMITH"}],"neow_cost":"NONE","seed_source_timestamp":91961776976154,"circlet_count":0,"master_deck":["AscendersBane","Strike_R","Strike_R","Strike_R","Strike_R","Strike_R","Defend_R","Defend_R","Defend_R","Defend_R","Bash+1","Exhume","True Grit+1","Iron Wave","Cleave","Sword Boomerang"],"relics":["Burning Blood","Bronze Scales","Art of War"],"potions_floor_usage":[7,10],"damage_taken":[{"damage":24,"enemies":"Small Slimes","floor":1,"turns":5},{"damage":3,"enemies":"2 Louse","floor":2,"turns":4},{"damage":0,"enemies":"Cultist","floor":4,"turns":4},{"damage":47,"enemies":"Gremlin Nob","floor":7,"turns":5},{"damage":34,"enemies":"Gremlin Gang","floor":10,"turns":2}],"seed_played":"-681036898305029847","potions_obtained":[{"floor":4,"key":"FearPotion"},{"floor":5,"key":"SkillPotion"},{"floor":7,"key":"Regen Potion"}],"is_trial":false,"path_per_floor":["M","M","?","M","?","R","E","R","T","M"],"character_chosen":"IRONCLAD","items_purchased":[],"campfire_rested":0,"item_purchase_floors":[],"current_hp_per_floor":[50,53,58,64,64,64,23,23,23,0],"gold":191,"neow_bonus":"ONE_RANDOM_RARE_CARD","is_prod":false,"is_daily":false,"chose_seed":false,"campfire_upgraded":2,"win_rate":0,"timestamp":1545673629,"path_taken":["M","M","?","M","?","R","E","R","T","M"],"build_version":"2018-12-20","purchased_purges":0,"victory":false,"max_hp_per_floor":[75,75,80,80,80,80,80,80,80,80],"card_choices":[{"not_picked":["Heavy Blade","Fire Breathing"],"picked":"True Grit","floor":1},{"not_picked":["Cleave","True Grit"],"picked":"Iron Wave","floor":2},{"not_picked":["True Grit","Disarm"],"picked":"Cleave","floor":4},{"not_picked":["Perfected Strike","Double Tap"],"picked":"Sword Boomerang","floor":7}],"player_experience":671179,"relics_obtained":[{"floor":7,"key":"Bronze Scales"},{"floor":9,"key":"Art of War"}],"event_choices":[{"damage_healed":0,"gold_gain":0,"player_choice":"Donut","damage_taken":0,"max_hp_gain":5,"max_hp_loss":0,"event_name":"Big Fish","floor":3,"gold_loss":0},{"damage_healed":0,"gold_gain":0,"player_choice":"Got Potions","damage_taken":0,"max_hp_gain":0,"max_hp_loss":0,"event_name":"Lab","floor":5,"gold_loss":0}],"is_beta":true,"boss_relics":[],"items_purged_floors":[],"is_endless":false,"potions_floor_spawned":[4,7],"killed_by":"Gremlin Gang","ascension_level":18}