{"path_per_floor":["M","?","M","?","M","E","R","M","T","?","?","M","M"],"character_chosen":"THE_SILENT","items_purchased":[],"gold_per_floor":[114,114,132,132,152,183,183,200,224,245,309,327,345],"floor_reached":14,"campfire_rested":0,"playtime":1480,"current_hp_per_floor":[70,58,58,58,57,45,45,39,39,26,3,3,3],"items_purged":[],"gold":345,"play_id":"4e681ad0-0c3c-449b-942c-6df43a888b13","is_prod":false,"is_daily":false,"is_ascension_mode":false,"campfire_upgraded":1,"path_taken":["M","?","M","?","M","E","R","M","T","?","?","?","M","M"],"build_version":"2018-01-25-PROD3","purchased_purges":0,"victory":false,"master_deck":["Defend_G","Defend_G","Defend_G","Defend_G","Defend_G","Strike_G","Strike_G","Strike_G","Strike_G","Strike_G","Survivor","Neutralize","Leg Sweep","Caltrops","Deadly Poison+1","Quick Slash","Endless Agony","Flying Knee","Backflip","Prepared","Infinite Blades","Deadly Poison"],"max_hp_per_floor":[70,70,70,70,70,70,70,70,70,70,70,70,70],"relics":["Ring of the Snake","Pen Nib","Gremlin Horn","Unceasing Top","Dream Catcher","Odd Mushroom","Vajra"],"card_choices":[{"not_picked":["Slice","Sucker Punch"],"picked":"Leg Sweep"},{"not_picked":["Skewer","Slice"],"picked":"Caltrops"},{"not_picked":["Sucker Punch","Dagger Spray"],"picked":"Deadly Poison"},{"not_picked":["Choke","Flechettes"],"picked":"Quick Slash"},{"not_picked":["All Out Attack","Footwork"],"picked":"Endless Agony"},{"not_picked":["Terror","Caltrops"],"picked":"Flying Knee"},{"not_picked":["Sucker Punch","Endless Agony"],"picked":"Backflip"},{"not_picked":["PiercingWail","Dagger Spray"],"picked":"Prepared"},{"not_picked":["Prepared","Dash"],"picked":"Infinite Blades"},{"not_picked":["Quick Slash","Venomology"],"picked":"Deadly Poison"}],"player_experience":4068,"potions_floor_usage":[6,13],"damage_taken":[{"damage":0,"enemies":"Blue Slaver","floor":1,"turns":7},{"damage":0,"enemies":"Jaw Worm","floor":3,"turns":6},{"damage":1,"enemies":"Cultist","floor":5,"turns":5},{"damage":12,"enemies":"Lagavulin","floor":6,"turns":9},{"damage":6,"enemies":"3 Louse","floor":8,"turns":2},{"damage":13,"enemies":"The Mushroom Lair","floor":10,"turns":4},{"damage":23,"enemies":"Lagavulin Event","floor":11,"turns":6},{"damage":0,"enemies":"Gremlin Gang","floor":12,"turns":3},{"damage":0,"enemies":"Looter","floor":13,"turns":2},{"damage":4,"enemies":"Large Slime","floor":14,"turns":4}],"event_choices":[{"event_name":"Scrap Ooze","player_choice":"success","floor":2,"damage_taken":12},{"event_name":"Wheel of Change","player_choice":"Relic","floor":4,"damage_taken":0},{"event_name":"Mushrooms","player_choice":"Fought Mushrooms","floor":10,"damage_taken":0},{"event_name":"Dead Adventurer","player_choice":"Searched \u00273\u0027 times","floor":11,"damage_taken":0}],"boss_relics":[],"potions_floor_spawned":[1,3,11,12],"seed_played":"-4192074417411586237","killed_by":"Large Slime","ascension_level":0,"is_trial":false}