{"gold_per_floor":[110,285,160,160,435,435,360,360,360,360,374,425,454,103,103,199,199],"floor_reached":17,"playtime":168,"items_purged":["Regret","Doubt"],"score":174,"play_id":"b9b705a7-a459-4004-8861-5fac12d07c47","local_time":"20190404181027","is_ascension_mode":false,"campfire_choices":[{"data":"Bash","floor":6,"key":"SMITH"},{"data":"Strike_R","floor":8,"key":"SMITH"},{"data":"Strike_R","floor":15,"key":"SMITH"}],"neow_cost":"NONE","seed_source_timestamp":544135116203899,"circlet_count":0,"master_deck":["Strike_R","Strike_R","Strike_R","Strike_R+1","Strike_R+1","Defend_R","Defend_R","Defend_R","Defend_R","Bash+1","Demon Form"],"relics":["Burning Blood","NeowsBlessing","Juzu Bracelet","Bag of Preparation","Mango","Self Forming Clay","Vajra"],"potions_floor_usage":[16,16],"damage_taken":[{"damage":0,"enemies":"Small Slimes","floor":1,"turns":1},{"damage":0,"enemies":"Cultist","floor":11,"turns":1},{"damage":0,"enemies":"Gremlin Nob","floor":13,"turns":1},{"damage":16,"enemies":"Slime Boss","floor":16,"turns":8}],"seed_played":"-6095134868289089858","potions_obtained":[],"is_trial":false,"path_per_floor":["M","?","?","?","?","R","$","R","T","?","M","T","E","$","R","B",null],"character_chosen":"IRONCLAD","items_purchased":["Vajra","AttackPotion","Fire Potion"],"campfire_rested":0,"item_purchase_floors":[14,14,14],"current_hp_per_floor":[80,80,80,80,80,80,80,80,94,94,94,94,94,94,94,84,84],"gold":199,"neow_bonus":"THREE_ENEMY_KILL","is_prod":false,"is_daily":false,"chose_seed":false,"campfire_upgraded":3,"win_rate":0,"timestamp":1554369027,"path_taken":["M","?","?","?","?","R","?","R","T","?","M","?","E","$","R","BOSS"],"build_version":"2019-01-23","purchased_purges":2,"victory":false,"max_hp_per_floor":[80,80,80,80,80,80,80,80,94,94,94,94,94,94,94,94,94],"card_choices":[{"not_picked":["Twin Strike","Clash","Flex"],"picked":"SKIP","floor":1},{"not_picked":["Sever Soul","Anger","Flex"],"picked":"SKIP","floor":11},{"not_picked":["Wild Strike","Bloodletting","Iron Wave"],"picked":"SKIP","floor":13},{"not_picked":["Immolate","Brutality"],"picked":"Demon Form","floor":16}],"player_experience":2869565,"relics_obtained":[{"floor":9,"key":"Mango"},{"floor":13,"key":"Self Forming Clay"}],"event_choices":[{"damage_healed":0,"gold_gain":175,"player_choice":"AGREE","damage_taken":0,"max_hp_gain":0,"max_hp_loss":0,"event_name":"Liars Game","floor":2,"gold_loss":0,"cards_obtained":["Doubt"]},{"damage_healed":0,"gold_gain":0,"player_choice":"Paid Gold","damage_taken":0,"relics_obtained":["Juzu Bracelet"],"max_hp_gain":0,"max_hp_loss":0,"event_name":"WeMeetAgain","floor":3,"gold_loss":125},{"damage_healed":0,"gold_gain":0,"player_choice":"Box","damage_taken":0,"relics_obtained":["Bag of Preparation"],"max_hp_gain":0,"max_hp_loss":0,"event_name":"Big Fish","floor":4,"gold_loss":0,"cards_obtained":["Regret"]},{"damage_healed":0,"gold_gain":275,"player_choice":"Desecrate","damage_taken":0,"max_hp_gain":0,"max_hp_loss":0,"event_name":"Golden Shrine","floor":5,"gold_loss":0,"cards_obtained":["Regret"]},{"cards_removed":["Regret"],"damage_healed":0,"gold_gain":0,"player_choice":"Forget","damage_taken":0,"max_hp_gain":0,"max_hp_loss":0,"event_name":"Living Wall","floor":10,"gold_loss":0}],"is_beta":false,"boss_relics":[],"items_purged_floors":[7,14],"is_endless":false,"potions_floor_spawned":[],"ascension_level":0}