{"gold_per_floor":[211,211,211,8,8,8,42,42,42,70,87,87,33,33,33,33],"floor_reached":16,"playtime":363,"items_purged":[],"score":208,"play_id":"5f1e9d3d-3c08-4979-8829-715de531465d","local_time":"20190315141659","is_ascension_mode":true,"campfire_choices":[{"data":"Whirlwind","floor":6,"key":"SMITH"},{"floor":8,"key":"REST"},{"data":"Bludgeon","floor":12,"key":"SMITH"},{"floor":15,"key":"REST"}],"neow_cost":"NONE","seed_source_timestamp":101483599072900,"circlet_count":0,"master_deck":["AscendersBane","Strike_R","Strike_R","Strike_R","Strike_R","Defend_R","Defend_R","Defend_R","Defend_R","Bash","Whirlwind+1","Bludgeon+1"],"relics":["Burning Blood","Pen Nib","Magic Flower","Kunai","Omamori","Peace Pipe"],"potions_floor_usage":[16,16],"damage_taken":[{"damage":6,"enemies":"Cultist","floor":1,"turns":3},{"damage":56,"enemies":"Gremlin Nob","floor":7,"turns":5},{"damage":25,"enemies":"Lagavulin","floor":10,"turns":7},{"damage":7,"enemies":"Jaw Worm","floor":11,"turns":3},{"damage":32,"enemies":"Hexaghost","floor":16,"turns":7}],"seed_played":"-7415430491847124503","potions_obtained":[{"floor":10,"key":"FearPotion"},{"floor":11,"key":"Poison Potion"}],"is_trial":false,"path_per_floor":["M","$","?","$","?","R","E","R","T","E","M","R","$","?","R","B"],"character_chosen":"IRONCLAD","items_purchased":["Whirlwind","Pen Nib","PowerPotion"],"campfire_rested":2,"item_purchase_floors":[4,4,13],"current_hp_per_floor":[68,68,61,61,66,66,16,40,40,24,26,26,26,8,32,0],"gold":33,"neow_bonus":"HUNDRED_GOLD","is_prod":false,"is_daily":false,"chose_seed":false,"campfire_upgraded":2,"win_rate":0,"timestamp":1552627019,"path_taken":["M","$","?","$","?","R","E","R","T","E","M","R","?","?","R","BOSS"],"build_version":"2019-01-23","purchased_purges":0,"victory":false,"max_hp_per_floor":[75,75,75,75,80,80,80,80,80,80,80,80,80,80,80,80],"card_choices":[{"not_picked":["Sword Boomerang","Wild Strike","Intimidate"],"picked":"SKIP","floor":1},{"not_picked":["Anger","Headbutt","Cleave"],"picked":"SKIP","floor":7},{"not_picked":["Pummel","Uppercut"],"picked":"Bludgeon","floor":10},{"not_picked":["Havoc","Thunderclap","Corruption"],"picked":"SKIP","floor":11}],"player_experience":2286607,"relics_obtained":[{"floor":7,"key":"Magic Flower"},{"floor":9,"key":"Kunai"},{"floor":10,"key":"Omamori"}],"event_choices":[{"cards_removed":["Strike_R"],"damage_healed":0,"gold_gain":0,"player_choice":"Card Removal","damage_taken":7,"max_hp_gain":0,"max_hp_loss":0,"event_name":"Golden Wing","floor":3,"gold_loss":0},{"damage_healed":0,"gold_gain":0,"player_choice":"Donut","damage_taken":0,"max_hp_gain":5,"max_hp_loss":0,"event_name":"Big Fish","floor":5,"gold_loss":0},{"damage_healed":0,"gold_gain":0,"player_choice":"Success","damage_taken":18,"relics_obtained":["Peace Pipe"],"max_hp_gain":0,"max_hp_loss":0,"event_name":"Scrap Ooze","floor":14,"gold_loss":0}],"is_beta":false,"boss_relics":[],"items_purged_floors":[],"is_endless":false,"potions_floor_spawned":[10,11],"killed_by":"Hexaghost","ascension_level":20}