{"gold_per_floor":[16,16,16,31,55,55,95,95,95,134,134],"floor_reached":11,"playtime":293,"items_purged":[],"score":162,"play_id":"5b20280c-858a-4497-9e33-86cdc5c0133f","local_time":"20190425181336","is_ascension_mode":true,"campfire_choices":[{"data":"Shockwave","floor":6,"key":"SMITH"},{"data":"Barricade","floor":8,"key":"SMITH"}],"neow_cost":"NO_GOLD","seed_source_timestamp":282438448158200,"circlet_count":0,"master_deck":["AscendersBane","Strike_R","Strike_R","Strike_R","Strike_R","Strike_R","Defend_R","Defend_R","Defend_R","Defend_R","Bash","Shockwave+1","Barricade+1","Juggernaut"],"relics":["Burning Blood","StoneCalendar","Golden Idol","Du-Vu Doll","Nunchaku","Peace Pipe"],"potions_floor_usage":[11],"damage_taken":[{"damage":2,"enemies":"Cultist","floor":1,"turns":4},{"damage":12,"enemies":"Jaw Worm","floor":4,"turns":2},{"damage":6,"enemies":"Small Slimes","floor":5,"turns":6},{"damage":22,"enemies":"Lagavulin","floor":7,"turns":8},{"damage":50,"enemies":"3 Sentries","floor":10,"turns":7},{"damage":11,"enemies":"Red Slaver","floor":11,"turns":3}],"seed_played":"8755945814962290849","potions_obtained":[{"floor":4,"key":"Weak Potion"}],"is_trial":false,"path_per_floor":["M","?","?","M","M","R","E","R","T","E","M"],"character_chosen":"IRONCLAD","items_purchased":[],"campfire_rested":0,"item_purchase_floors":[],"current_hp_per_floor":[72,46,75,69,69,69,53,53,53,9,0],"gold":134,"neow_bonus":"ONE_RARE_RELIC","is_prod":false,"is_daily":false,"chose_seed":false,"campfire_upgraded":2,"win_rate":0,"timestamp":1556183616,"path_taken":["M","?","?","M","M","R","E","R","T","E","M"],"build_version":"2019-01-23","purchased_purges":0,"victory":false,"max_hp_per_floor":[75,75,75,75,75,75,75,75,75,75,75],"card_choices":[{"not_picked":["Clash","Havoc"],"picked":"Battle Trance","floor":1},{"not_picked":["Thunderclap","Shrug It Off"],"picked":"Shockwave","floor":4},{"not_picked":["Dropkick","Rage","Sword Boomerang"],"picked":"SKIP","floor":5},{"not_picked":["Spot Weakness","Warcry"],"picked":"Barricade","floor":7},{"not_picked":["Rupture","Iron Wave"],"picked":"Juggernaut","floor":10}],"player_experience":3369832,"relics_obtained":[{"floor":7,"key":"Du-Vu Doll"},{"floor":9,"key":"Nunchaku"},{"floor":10,"key":"Peace Pipe"}],"event_choices":[{"damage_healed":0,"gold_gain":0,"player_choice":"Take Damage","damage_taken":26,"relics_obtained":["Golden Idol"],"max_hp_gain":0,"max_hp_loss":0,"event_name":"Golden Idol","floor":2,"gold_loss":0},{"cards_removed":["Battle Trance"],"damage_healed":29,"gold_gain":0,"player_choice":"Offered Uncommon","damage_taken":0,"max_hp_gain":0,"max_hp_loss":0,"event_name":"Bonfire Elementals","floor":3,"gold_loss":0}],"is_beta":false,"boss_relics":[],"items_purged_floors":[],"is_endless":false,"potions_floor_spawned":[4],"killed_by":"Red Slaver","ascension_level":20}