{"gold_per_floor":[110,130,130,145,156,156,186,202,228,228,239,264,264,299,299,299],"floor_reached":16,"playtime":313,"items_purged":[],"score":244,"play_id":"0ff84a9e-2029-483a-8850-ee03b98bb91a","local_time":"20190409124436","is_ascension_mode":true,"campfire_choices":[{"data":"Whirlwind","floor":6,"key":"SMITH"},{"data":"Inflame","floor":13,"key":"SMITH"},{"data":"Whirlwind","floor":15,"key":"SMITH"}],"neow_cost":"NONE","seed_source_timestamp":211692121448700,"circlet_count":0,"master_deck":["AscendersBane","Strike_R","Strike_R","Strike_R","Strike_R","Defend_R","Defend_R","Defend_R","Defend_R","Bash","Inflame+1","Sword Boomerang","Shrug It Off","Whirlwind+1","Dark Embrace","Seeing Red","Whirlwind+1"],"relics":["Burning Blood","NeowsBlessing","Pear","Omamori","Vajra","Blood Vial"],"potions_floor_usage":[7,14,14],"damage_taken":[{"damage":0,"enemies":"Jaw Worm","floor":1,"turns":1},{"damage":0,"enemies":"2 Louse","floor":2,"turns":1},{"damage":0,"enemies":"Small Slimes","floor":4,"turns":1},{"damage":17,"enemies":"Looter","floor":5,"turns":3},{"damage":2,"enemies":"3 Sentries","floor":7,"turns":3},{"damage":11,"enemies":"3 Louse","floor":8,"turns":2},{"damage":21,"enemies":"Red Slaver","floor":11,"turns":4},{"damage":32,"enemies":"Gremlin Nob","floor":12,"turns":4},{"damage":15,"enemies":"Lagavulin","floor":14,"turns":5},{"damage":0,"enemies":"Slime Boss","floor":16,"turns":3}],"seed_played":"-2697923899651991757","potions_obtained":[{"floor":1,"key":"SteroidPotion"},{"floor":4,"key":"Poison Potion"},{"floor":12,"key":"Regen Potion"}],"is_trial":false,"path_per_floor":["M","M","?","M","M","R","E","M","T","?","M","E","R","E","R","B"],"character_chosen":"IRONCLAD","items_purchased":[],"campfire_rested":0,"item_purchase_floors":[],"current_hp_per_floor":[74,75,75,75,64,64,78,73,73,66,51,25,25,30,30,32],"gold":299,"neow_bonus":"THREE_ENEMY_KILL","is_prod":false,"is_daily":false,"chose_seed":false,"campfire_upgraded":3,"win_rate":0,"timestamp":1554781476,"path_taken":["M","M","?","M","M","R","E","M","T","?","M","E","R","E","R","BOSS"],"build_version":"2019-01-23","purchased_purges":0,"victory":false,"max_hp_per_floor":[75,75,75,75,75,75,85,85,85,85,85,85,85,85,85,85],"card_choices":[{"not_picked":["Fire Breathing","Dual Wield"],"picked":"Inflame","floor":1},{"not_picked":["Perfected Strike","Cleave"],"picked":"Sword Boomerang","floor":2},{"not_picked":["Anger","Infernal Blade"],"picked":"Shrug It Off","floor":4},{"not_picked":["Wild Strike","Perfected Strike"],"picked":"Whirlwind","floor":5},{"not_picked":["Rampage","Rage","Clothesline"],"picked":"SKIP","floor":7},{"not_picked":["Perfected Strike","Anger","Warcry"],"picked":"SKIP","floor":8},{"not_picked":["Burning Pact","Pommel Strike"],"picked":"Dark Embrace","floor":11},{"not_picked":["Entrench","True Grit"],"picked":"Seeing Red","floor":12},{"not_picked":["Rampage","Heavy Blade"],"picked":"Whirlwind","floor":14}],"player_experience":3002142,"relics_obtained":[{"floor":7,"key":"Pear"},{"floor":9,"key":"Omamori"},{"floor":12,"key":"Vajra"},{"floor":14,"key":"Blood Vial"}],"event_choices":[{"damage_healed":0,"gold_gain":0,"player_choice":"Ignored","damage_taken":0,"max_hp_gain":0,"max_hp_loss":0,"event_name":"Liars Game","floor":3,"gold_loss":0},{"cards_removed":["Strike_R"],"damage_healed":0,"gold_gain":0,"player_choice":"Card Removal","damage_taken":7,"max_hp_gain":0,"max_hp_loss":0,"event_name":"Golden Wing","floor":10,"gold_loss":0}],"is_beta":false,"boss_relics":[],"items_purged_floors":[],"is_endless":false,"potions_floor_spawned":[1,4,12],"killed_by":"Slime Boss","ascension_level":20}