{"gold_per_floor":[117,117,73,73,88,113,113,113,113,113,113,140,153,173,173,248,248,260,260,185,205,217,217,217,217,240,240,89,101,113,133,133,206,206,222,236,236,136,136,11,23,23],"floor_reached":42,"playtime":3533,"items_purged":["Normality","Decay","Doubt"],"score":819,"play_id":"2ee79a24-4e7d-4fd5-930f-6d103176640f","local_time":"20190326203504","is_ascension_mode":true,"campfire_choices":[{"data":"Static Discharge","floor":7,"key":"SMITH"},{"data":"Redo","floor":10,"key":"SMITH"},{"floor":15,"key":"REST"},{"floor":23,"key":"REST"},{"floor":25,"key":"REST"},{"floor":27,"key":"REST"},{"floor":32,"key":"REST"}],"neow_cost":"NONE","seed_source_timestamp":1057083773247161,"circlet_count":0,"master_deck":["AscendersBane","Strike_B","Strike_B","Strike_B","Defend_B","Defend_B","Defend_B","Defend_B","Zap","Dualcast","Static Discharge+1","Redo+1","Chaos+1","Echo Form","Cold Snap","Redo","Echo Form","FTL","Ball Lightning+1","Conserve Battery+1","Static Discharge","Ball Lightning","FTL","Buffer","Storm","Finesse","Aggregate+1"],"relics":["Cracked Core","NeowsBlessing","Du-Vu Doll","Art of War","Letter Opener","Calling Bell","Strawberry","Matryoshka","Pocketwatch","Bottled Lightning","Lantern","Eternal Feather"],"potions_floor_usage":[18,22,30,36,42],"damage_taken":[{"damage":0,"enemies":"Cultist","floor":1,"turns":1},{"damage":0,"enemies":"Jaw Worm","floor":5,"turns":1},{"damage":0,"enemies":"Lagavulin","floor":6,"turns":1},{"damage":18,"enemies":"3 Sentries","floor":12,"turns":5},{"damage":1,"enemies":"Small Slimes","floor":13,"turns":2},{"damage":4,"enemies":"Red Slaver","floor":14,"turns":3},{"damage":32,"enemies":"Hexaghost","floor":16,"turns":6},{"damage":19,"enemies":"3 Byrds","floor":18,"turns":3},{"damage":29,"enemies":"2 Thieves","floor":21,"turns":4},{"damage":10,"enemies":"Cultist and Chosen","floor":22,"turns":4},{"damage":9,"enemies":"Centurion and Healer","floor":29,"turns":4},{"damage":35,"enemies":"Shelled Parasite and Fungi","floor":30,"turns":5},{"damage":13,"enemies":"Snecko","floor":31,"turns":5},{"damage":31,"enemies":"Automaton","floor":33,"turns":8},{"damage":0,"enemies":"3 Shapes","floor":35,"turns":6},{"damage":6,"enemies":"Orb Walker","floor":36,"turns":3},{"damage":64,"enemies":"3 Darklings","floor":41,"turns":4},{"damage":16,"enemies":"Spire Growth","floor":42,"turns":3}],"seed_played":"-3458646155254384380","potions_obtained":[{"floor":1,"key":"Energy Potion"},{"floor":13,"key":"AttackPotion"},{"floor":14,"key":"Ancient Potion"},{"floor":18,"key":"Dexterity Potion"},{"floor":30,"key":"FairyPotion"},{"floor":31,"key":"Energy Potion"},{"floor":41,"key":"EssenceOfSteel"}],"is_trial":false,"path_per_floor":["M","?","$","?","M","E","R","?","T","R","?","E","M","M","R","B",null,"M","?","?","M","M","R","?","R","T","R","$","M","M","M","R","B",null,"M","M","?","$","?","$","M","M"],"character_chosen":"DEFECT","items_purchased":["Static Discharge","Static Discharge"],"campfire_rested":5,"item_purchase_floors":[3,28],"current_hp_per_floor":[64,64,64,71,71,71,71,71,71,71,71,53,52,48,69,37,70,51,51,51,22,12,35,35,58,58,78,78,69,34,21,44,13,62,62,56,56,56,56,56,7,0],"gold":23,"neow_bonus":"THREE_ENEMY_KILL","is_prod":false,"is_daily":false,"chose_seed":false,"campfire_upgraded":2,"win_rate":0,"timestamp":1553625304,"path_taken":["M","?","$","?","?","E","R","?","T","R","?","E","?","M","R","BOSS","M","?","?","M","M","R","?","R","T","R","$","M","M","?","R","BOSS","M","M","?","$","?","$","M","M"],"build_version":"2019-01-23","purchased_purges":3,"victory":false,"max_hp_per_floor":[71,71,71,71,71,71,71,71,71,71,71,71,71,71,71,71,78,78,78,78,78,78,78,78,78,78,78,78,78,78,78,78,78,78,78,78,78,78,78,78,78,78],"card_choices":[{"not_picked":["Reprogram","Coolheaded"],"picked":"Fusion","floor":1},{"not_picked":["Reprogram","Steam"],"picked":"Redo","floor":5},{"not_picked":["Skim","Glacier"],"picked":"Chaos","floor":6},{"not_picked":["Ball Lightning","Heatsinks"],"picked":"Echo Form","floor":12},{"not_picked":["Barrage","Steam"],"picked":"Cold Snap","floor":13},{"not_picked":["Go for the Eyes","Conserve Battery"],"picked":"Redo","floor":14},{"not_picked":["Seek","Buffer"],"picked":"Echo Form","floor":16},{"not_picked":["Turbo","Beam Cell+1"],"picked":"FTL","floor":18},{"not_picked":["Stack","Sweeping Beam"],"picked":"Ball Lightning+1","floor":21},{"not_picked":["Sweeping Beam","Redo"],"picked":"Conserve Battery+1","floor":22},{"not_picked":["Cold Snap","Tempest+1"],"picked":"Ball Lightning","floor":29},{"not_picked":["Genetic Algorithm","Hologram","Tempest"],"picked":"SKIP","floor":30},{"not_picked":["Compile Driver","Gash+1"],"picked":"FTL","floor":31},{"not_picked":["Meteor Strike","Echo Form"],"picked":"Buffer","floor":33},{"not_picked":["Loop","Steam+1"],"picked":"Storm","floor":35},{"not_picked":["Gash","Reinforced Body","Aggregate"],"picked":"SKIP","floor":36},{"not_picked":["Swift Strike","Blind"],"picked":"Finesse","floor":39},{"not_picked":["Sunder","Consume"],"picked":"Aggregate+1","floor":41}],"player_experience":1135765,"relics_obtained":[{"floor":6,"key":"Du-Vu Doll"},{"floor":9,"key":"Art of War"},{"floor":12,"key":"Letter Opener"},{"floor":17,"key":"Strawberry"},{"floor":17,"key":"Matryoshka"},{"floor":17,"key":"Pocketwatch"},{"floor":26,"key":"Bottled Lightning"},{"floor":26,"key":"Lantern"}],"event_choices":[{"damage_healed":0,"gold_gain":0,"player_choice":"Ignored","damage_taken":0,"max_hp_gain":0,"max_hp_loss":0,"event_name":"Shining Light","floor":2,"gold_loss":0},{"cards_removed":["Fusion"],"damage_healed":7,"gold_gain":0,"player_choice":"Offered Uncommon","damage_taken":0,"max_hp_gain":0,"max_hp_loss":0,"event_name":"Bonfire Elementals","floor":4,"gold_loss":0},{"damage_healed":0,"gold_gain":0,"player_choice":"Grow","damage_taken":0,"max_hp_gain":0,"max_hp_loss":0,"event_name":"Living Wall","floor":8,"gold_loss":0,"cards_upgraded":["Chaos"]},{"damage_healed":0,"gold_gain":0,"player_choice":"Ignored","damage_taken":0,"max_hp_gain":0,"max_hp_loss":0,"event_name":"Purifier","floor":11,"gold_loss":0},{"damage_healed":0,"gold_gain":0,"player_choice":"Ignored","damage_taken":0,"max_hp_gain":0,"max_hp_loss":0,"event_name":"Vampires","floor":19,"gold_loss":0},{"cards_removed":["Regret"],"damage_healed":0,"gold_gain":0,"player_choice":"Gave Gold","damage_taken":0,"max_hp_gain":0,"max_hp_loss":0,"event_name":"Beggar","floor":20,"gold_loss":75},{"damage_healed":0,"gold_gain":0,"player_choice":"Cursed","damage_taken":0,"max_hp_gain":0,"max_hp_loss":0,"event_name":"Wheel of Change","floor":24,"gold_loss":0,"cards_obtained":["Decay"]},{"cards_removed":["Strike_B"],"damage_healed":0,"gold_gain":0,"player_choice":"Removed Attack","damage_taken":0,"max_hp_gain":0,"max_hp_loss":0,"event_name":"Falling","floor":37,"gold_loss":0},{"damage_healed":0,"gold_gain":0,"player_choice":"Memory 1","damage_taken":0,"max_hp_gain":0,"max_hp_loss":0,"event_name":"SensoryStone","floor":39,"gold_loss":0}],"is_beta":false,"boss_relics":[{"not_picked":["Snecko Eye","Fusion Hammer"],"picked":"Calling Bell"},{"not_picked":["Black Star","Runic Dome"],"picked":"Eternal Feather"}],"items_purged_floors":[28,38,40],"is_endless":false,"potions_floor_spawned":[1,13,14,18,30,31,41],"killed_by":"Spire Growth","ascension_level":18}