{"gold_per_floor":[114,114,114,114,134,164,164,180,206,206,281,294,325,325,325,402,402,382,382,382,163,178,178],"floor_reached":23,"playtime":614,"items_purged":[],"score":394,"play_id":"28b12571-a7ba-42fe-aa12-74c13c94e1b2","local_time":"20190421200023","is_ascension_mode":true,"campfire_choices":[{"floor":7,"key":"REST"},{"data":"Demon Form","floor":10,"key":"SMITH"},{"floor":15,"key":"REST"}],"neow_cost":"PERCENT_DAMAGE","seed_source_timestamp":489631034543400,"circlet_count":0,"master_deck":["AscendersBane","Defend_R","Defend_R","Defend_R","Defend_R","Bash","Demon Form+1","Disarm","Sword Boomerang","Second Wind","Entrench","Ghostly Armor","Offering","Feel No Pain","Thunderclap","Impervious","Pommel Strike+1"],"relics":["Burning Blood","Mercury Hourglass","Ornamental Fan","Potion Belt","Juzu Bracelet","Mark of Pain","Nilry\u0027s Codex","Orichalcum"],"potions_floor_usage":[12,13,16],"damage_taken":[{"damage":7,"enemies":"2 Louse","floor":1,"turns":4},{"damage":14,"enemies":"Jaw Worm","floor":5,"turns":3},{"damage":40,"enemies":"3 Sentries","floor":6,"turns":8},{"damage":11,"enemies":"Cultist","floor":8,"turns":4},{"damage":11,"enemies":"Blue Slaver","floor":12,"turns":5},{"damage":36,"enemies":"Gremlin Nob","floor":13,"turns":5},{"damage":26,"enemies":"The Guardian","floor":16,"turns":9},{"damage":22,"enemies":"2 Thieves","floor":18,"turns":4},{"damage":6,"enemies":"Chosen","floor":22,"turns":6},{"damage":7,"enemies":"Gremlin Leader","floor":23,"turns":2}],"seed_played":"-7337600481943715132","potions_obtained":[{"floor":5,"key":"Ancient Potion"},{"floor":8,"key":"Regen Potion"},{"floor":12,"key":"Fire Potion"}],"is_trial":false,"path_per_floor":["M","?","?","T","M","E","R","M","T","R","?","M","E","?","R","B",null,"M","?","?","$","M","E"],"character_chosen":"IRONCLAD","items_purchased":["Orichalcum","Energy Potion"],"campfire_rested":2,"item_purchase_floors":[21,21],"current_hp_per_floor":[49,42,67,67,59,25,47,42,42,42,31,38,8,8,30,10,59,43,43,22,22,22,15],"gold":178,"neow_bonus":"TRANSFORM_TWO_CARDS","is_prod":false,"is_daily":false,"chose_seed":false,"campfire_upgraded":1,"win_rate":0,"timestamp":1555844423,"path_taken":["M","?","?","?","M","E","R","M","T","R","?","M","E","?","R","BOSS","M","?","?","$","M","E"],"build_version":"2019-01-23","purchased_purges":0,"victory":false,"max_hp_per_floor":[75,75,75,75,75,75,75,75,75,75,75,75,75,75,75,75,75,75,75,75,75,75,75],"card_choices":[{"not_picked":["Clash","Heavy Blade"],"picked":"Sword Boomerang","floor":1},{"not_picked":["Infernal Blade","Burning Pact"],"picked":"Second Wind","floor":5},{"not_picked":["Headbutt","Armaments","Combust"],"picked":"SKIP","floor":6},{"not_picked":["Sword Boomerang","Warcry","Intimidate"],"picked":"SKIP","floor":8},{"not_picked":["Uppercut","Metallicize"],"picked":"Entrench","floor":12},{"not_picked":["Headbutt","Entrench"],"picked":"Ghostly Armor","floor":13},{"not_picked":["Impervious","Immolate"],"picked":"Offering","floor":16},{"not_picked":["Flex","Iron Wave+1"],"picked":"Feel No Pain","floor":18},{"not_picked":["Dual Wield","Blood for Blood"],"picked":"Pommel Strike+1","floor":22}],"player_experience":3284360,"relics_obtained":[{"floor":4,"key":"Mercury Hourglass"},{"floor":6,"key":"Ornamental Fan"},{"floor":9,"key":"Potion Belt"},{"floor":13,"key":"Juzu Bracelet"},{"floor":20,"key":"Nilry\u0027s Codex"}],"event_choices":[{"cards_removed":["Strike_R"],"damage_healed":0,"gold_gain":0,"player_choice":"Card Removal","damage_taken":7,"max_hp_gain":0,"max_hp_loss":0,"event_name":"Golden Wing","floor":2,"gold_loss":0},{"damage_healed":25,"gold_gain":0,"player_choice":"Banana","damage_taken":0,"max_hp_gain":0,"max_hp_loss":0,"event_name":"Big Fish","floor":3,"gold_loss":0},{"damage_healed":0,"gold_gain":75,"player_choice":"Gather Gold","damage_taken":11,"max_hp_gain":0,"max_hp_loss":0,"event_name":"World of Goop","floor":11,"gold_loss":0},{"damage_healed":0,"gold_gain":0,"player_choice":"0 cards matched","damage_taken":0,"max_hp_gain":0,"max_hp_loss":0,"event_name":"Match and Keep!","floor":14,"gold_loss":0,"cards_obtained":[]},{"damage_healed":0,"gold_gain":0,"cards_transformed":["Strike_R","Strike_R"],"player_choice":"Became Test Subject","damage_taken":0,"max_hp_gain":0,"max_hp_loss":0,"event_name":"Drug Dealer","floor":19,"gold_loss":0,"cards_obtained":["Thunderclap","Impervious"]},{"damage_healed":0,"gold_gain":0,"player_choice":"Obtained Book","damage_taken":21,"max_hp_gain":0,"max_hp_loss":0,"event_name":"Cursed Tome","floor":20,"gold_loss":0}],"is_beta":false,"boss_relics":[{"not_picked":["Philosopher\u0027s Stone","Black Star"],"picked":"Mark of Pain"}],"items_purged_floors":[],"is_endless":false,"potions_floor_spawned":[5,8,12],"killed_by":"Gremlin Leader","ascension_level":20}