{"gold_per_floor":[118,42,117,135,18,43,17,17,17,17,37,55,93,118,118,211,211,229,7,7,20,34,34,54,54,54,4,19,60,60,60,60,60],"floor_reached":33,"playtime":755,"items_purged":["Strike_R","Strike_R"],"score":600,"play_id":"a799516c-9d7f-4b13-9d32-86d8d53c0de1","local_time":"20190407213132","is_ascension_mode":true,"campfire_choices":[{"data":"Carnage","floor":8,"key":"SMITH"},{"data":"Body Slam","floor":15,"key":"SMITH"},{"floor":23,"key":"REST"},{"floor":32,"key":"REST"}],"neow_cost":"NONE","seed_source_timestamp":70065947011300,"circlet_count":0,"master_deck":["AscendersBane","Strike_R+1","Strike_R+1","Strike_R","Defend_R","Defend_R","Defend_R","Defend_R","Bash","Body Slam+1","Corruption","Feel No Pain","Spot Weakness","Carnage+1","Warcry","Evolve","Seeing Red","Sentinel","Juggernaut","Shrug It Off+1","True Grit","Shrug It Off","Armaments","Sentinel","Shockwave"],"relics":["Burning Blood","NeowsBlessing","Bag of Preparation","Singing Bowl","Golden Idol","Vajra","Runic Dome","Membership Card","Self Forming Clay","Whetstone"],"potions_floor_usage":[16,16,22,24],"damage_taken":[{"damage":0,"enemies":"2 Louse","floor":1,"turns":1},{"damage":0,"enemies":"Jaw Worm","floor":4,"turns":1},{"damage":0,"enemies":"Gremlin Nob","floor":6,"turns":1},{"damage":0,"enemies":"Cultist","floor":11,"turns":2},{"damage":7,"enemies":"Exordium Thugs","floor":12,"turns":4},{"damage":2,"enemies":"Lagavulin","floor":13,"turns":5},{"damage":0,"enemies":"3 Louse","floor":14,"turns":3},{"damage":6,"enemies":"Slime Boss","floor":16,"turns":6},{"damage":29,"enemies":"3 Byrds","floor":18,"turns":5},{"damage":2,"enemies":"Chosen","floor":21,"turns":4},{"damage":47,"enemies":"Shelled Parasite and Fungi","floor":22,"turns":5},{"damage":2,"enemies":"Snecko","floor":24,"turns":4},{"damage":21,"enemies":"Centurion and Healer","floor":28,"turns":6},{"damage":37,"enemies":"Gremlin Leader","floor":29,"turns":6},{"damage":44,"enemies":"Collector","floor":33,"turns":6}],"seed_played":"1119403473402416993","potions_obtained":[{"floor":11,"key":"GamblersBrew"},{"floor":12,"key":"GamblersBrew"},{"floor":14,"key":"SpeedPotion"},{"floor":16,"key":"Regen Potion"},{"floor":18,"key":"EssenceOfSteel"},{"floor":22,"key":"BloodPotion"},{"floor":24,"key":"Ancient Potion"},{"floor":28,"key":"Energy Potion"}],"is_trial":false,"path_per_floor":["M","$","?","M","$","E","$","R","T","?","M","M","E","M","R","B",null,"M","$","?","M","M","R","M","?","T","$","M","E","?","?","R","B"],"character_chosen":"IRONCLAD","items_purchased":["Corruption","Spot Weakness","Warcry","Membership Card"],"campfire_rested":2,"item_purchase_floors":[2,5,7,19],"current_hp_per_floor":[74,74,63,69,69,75,75,75,75,49,55,54,58,66,66,66,74,51,51,51,55,28,51,62,62,62,62,47,16,16,16,39,0],"gold":60,"neow_bonus":"THREE_ENEMY_KILL","is_prod":false,"is_daily":false,"chose_seed":false,"campfire_upgraded":2,"win_rate":0,"timestamp":1554640292,"path_taken":["M","$","?","M","?","E","$","R","T","?","M","M","E","?","R","BOSS","M","?","?","M","M","R","M","?","T","?","?","E","?","?","R","BOSS"],"build_version":"2019-01-23","purchased_purges":2,"victory":false,"max_hp_per_floor":[75,75,75,75,75,75,75,75,75,75,75,75,75,77,77,77,77,77,77,77,77,77,77,77,77,77,77,77,77,77,77,77,77],"card_choices":[{"not_picked":["Sword Boomerang","Havoc"],"picked":"Body Slam","floor":1},{"not_picked":["Ghostly Armor","Havoc"],"picked":"Feel No Pain","floor":4},{"not_picked":["Perfected Strike","Ghostly Armor"],"picked":"Carnage","floor":6},{"not_picked":["Sentinel","Clash"],"picked":"Evolve","floor":11},{"not_picked":["Cleave","Heavy Blade"],"picked":"Seeing Red","floor":12},{"not_picked":["Havoc","Spot Weakness"],"picked":"Sentinel","floor":13},{"not_picked":["Bludgeon","Thunderclap","Body Slam"],"picked":"Singing Bowl","floor":14},{"not_picked":["Exhume","Reaper"],"picked":"Juggernaut","floor":16},{"not_picked":["Clash","Headbutt"],"picked":"Shrug It Off+1","floor":18},{"not_picked":["Wild Strike","Berserk"],"picked":"True Grit","floor":21},{"not_picked":["Cleave","True Grit"],"picked":"Shrug It Off","floor":22},{"not_picked":["Spot Weakness","Clash"],"picked":"Armaments","floor":24},{"not_picked":["Havoc","Searing Blow"],"picked":"Sentinel","floor":28},{"not_picked":["Pommel Strike","Iron Wave"],"picked":"Shockwave","floor":29}],"player_experience":2958735,"relics_obtained":[{"floor":6,"key":"Bag of Preparation"},{"floor":9,"key":"Singing Bowl"},{"floor":13,"key":"Vajra"},{"floor":26,"key":"Self Forming Clay"},{"floor":29,"key":"Whetstone"}],"event_choices":[{"damage_healed":0,"gold_gain":75,"player_choice":"Gather Gold","damage_taken":11,"max_hp_gain":0,"max_hp_loss":0,"event_name":"World of Goop","floor":3,"gold_loss":0},{"damage_healed":0,"gold_gain":0,"player_choice":"Take Damage","damage_taken":26,"relics_obtained":["Golden Idol"],"max_hp_gain":0,"max_hp_loss":0,"event_name":"Golden Idol","floor":10,"gold_loss":0},{"damage_healed":0,"gold_gain":0,"player_choice":"Ignored","damage_taken":0,"max_hp_gain":0,"max_hp_loss":0,"event_name":"The Mausoleum","floor":20,"gold_loss":0},{"damage_healed":0,"gold_gain":0,"player_choice":"Ignored","damage_taken":0,"max_hp_gain":0,"max_hp_loss":0,"event_name":"Beggar","floor":30,"gold_loss":0},{"damage_healed":0,"gold_gain":0,"player_choice":"Ignored","damage_taken":0,"max_hp_gain":0,"max_hp_loss":0,"event_name":"Cursed Tome","floor":31,"gold_loss":0}],"is_beta":false,"boss_relics":[{"not_picked":["Lizard Tail","Mark of Pain"],"picked":"Runic Dome"}],"items_purged_floors":[5,27],"is_endless":false,"potions_floor_spawned":[11,12,14,16,18,22,24,28],"killed_by":"Collector","ascension_level":20}