{"gold_per_floor":[114,114,41,41,58,58,87,87,155,155,168,168,38,56,56,131,131,148,148,167,82,98,98,112,60,128,128,153,153,153,167,167,239,239,252,252,252,72,72,72,99,99,99,124,124,0,18,344,344,344],"floor_reached":51,"playtime":2790,"items_purged":["Clumsy"],"score":1266,"play_id":"4e3a663f-45fd-4464-b8bd-078f584bae34","local_time":"20180924204855","is_ascension_mode":true,"campfire_choices":[{"floor":6.0,"key":"REST"},{"floor":8.0,"key":"REST"},{"data":"Zap","floor":10.0,"key":"SMITH"},{"data":"Defragment","floor":15.0,"key":"SMITH"},{"floor":23.0,"key":"REST"},{"floor":27.0,"key":"REST"},{"data":"Storm","floor":29.0,"key":"SMITH"},{"data":"Fission","floor":32.0,"key":"SMITH"},{"floor":40.0,"key":"REST"},{"data":"Storm","floor":42.0,"key":"SMITH"},{"data":"Echo Form","floor":45.0,"key":"SMITH"},{"floor":49.0,"key":"REST"}],"neow_cost":"NONE","seed_source_timestamp":870150428396434,"circlet_count":0,"master_deck":["Strike_B","Strike_B","Strike_B","Strike_B","Defend_B","Defend_B","Defend_B","Defend_B","Zap+1","Dualcast","AscendersBane","Melter","Storm+1","Self Repair","Chill","Defragment+1","Glacier","Biased Cognition","Conserve Battery","BootSequence","Self Repair","Fission+1","Steam Power+1","Echo Form+1","BootSequence","Loop","Finesse","Impatience","Finesse","Storm+1","Rebound","Electrodynamics","Darkness","Darkness","Loop","Storm"],"special_seed":0,"relics":["Cracked Core","Smiling Mask","Ancient Tea Set","Bottled Lightning","Vajra","Dead Branch","Nuclear Battery","Oddly Smooth Stone","Dodecahedron","Omamori","Nilry\u0027s Codex","Calling Bell","Dream Catcher","Pear","Mango","Emotion Chip","Blood Vial","Matryoshka","Meat on the Bone","Red Mask","Old Coin"],"potions_floor_usage":[50,50],"damage_taken":[{"damage":0.0,"enemies":"Small Slimes","floor":1.0,"turns":3.0},{"damage":12.0,"enemies":"Jaw Worm","floor":5.0,"turns":2.0},{"damage":28.0,"enemies":"Gremlin Nob","floor":7.0,"turns":4.0},{"damage":0.0,"enemies":"2 Louse","floor":11.0,"turns":3.0},{"damage":10.0,"enemies":"Exordium Thugs","floor":14.0,"turns":7.0},{"damage":48.0,"enemies":"Hexaghost","floor":16.0,"turns":12.0},{"damage":5.0,"enemies":"Chosen","floor":18.0,"turns":5.0},{"damage":0.0,"enemies":"Spheric Guardian","floor":20.0,"turns":1.0},{"damage":23.0,"enemies":"Shelled Parasite and Fungi","floor":22.0,"turns":4.0},{"damage":11.0,"enemies":"Centurion and Healer","floor":24.0,"turns":8.0},{"damage":4.0,"enemies":"Slavers","floor":28.0,"turns":2.0},{"damage":3.0,"enemies":"Snecko","floor":31.0,"turns":5.0},{"damage":37.0,"enemies":"Automaton","floor":33.0,"turns":11.0},{"damage":0.0,"enemies":"Orb Walker","floor":35.0,"turns":3.0},{"damage":0.0,"enemies":"Mind Bloom Boss Battle","floor":36.0,"turns":6.0},{"damage":9.0,"enemies":"Giant Head","floor":41.0,"turns":6.0},{"damage":13.0,"enemies":"Nemesis","floor":44.0,"turns":4.0},{"damage":30.0,"enemies":"3 Darklings","floor":47.0,"turns":4.0},{"damage":0.0,"enemies":"2 Orb Walkers","floor":48.0,"turns":2.0},{"damage":21,"enemies":"Time Eater","floor":50,"turns":8}],"seed_played":"-4359770431317163631","potions_obtained":[{"floor":1.0,"key":"Poison Potion"},{"floor":14.0,"key":"AttackPotion"},{"floor":20.0,"key":"FearPotion"},{"floor":22.0,"key":"Ancient Potion"},{"floor":28.0,"key":"PowerPotion"},{"floor":33.0,"key":"Strength Potion"},{"floor":44.0,"key":"SpeedPotion"},{"floor":48.0,"key":"Weak Potion"}],"is_trial":false,"path_per_floor":["M","?","$","?","M","R","E","R","T","R","M","?","?","M","R","B",null,"M","?","M","?","M","R","M","$","T","R","E","R","?","M","R","B",null,"M","?","?","$","?","R","E","R","T","E","R","?","M","E","R","B"],"character_chosen":"DEFECT","items_purchased":["Storm","PowerPotion","Storm","Swift Potion"],"campfire_rested":6,"item_purchase_floors":[3,25,38,38],"current_hp_per_floor":[68,68,68,68,56,75,54,75,75,75,75,75,75,72,72,31,64,66,66,66,66,50,72,68,68,68,75,75,75,59,70,70,47,92,92,99,89,89,89,99,97,97,97,99,99,99,76,85,99,85],"gold":344,"neow_bonus":"RANDOM_COMMON_RELIC","is_prod":false,"is_daily":false,"chose_seed":false,"campfire_upgraded":6,"win_rate":0,"timestamp":1537811335,"path_taken":["M","?","?","?","M","R","E","R","T","R","M","?","?","M","R","BOSS","M","?","M","?","?","R","M","?","T","R","E","R","?","M","R","BOSS","M","?","?","$","?","R","E","R","T","E","R","?","M","E","R","BOSS"],"build_version":"2018-09-20","purchased_purges":1,"victory":true,"max_hp_per_floor":[75,75,75,75,75,75,75,75,75,75,75,75,75,75,75,75,75,75,75,75,75,75,75,75,75,75,75,75,75,75,75,75,75,99,99,99,99,99,99,99,99,99,99,99,99,99,99,99,99,99],"card_choices":[{"not_picked":["Leap","Tempest"],"picked":"Melter","floor":1.0},{"not_picked":["Skim","Rebound"],"picked":"Self Repair","floor":5.0},{"not_picked":["Sweeping Beam","Consume"],"picked":"Chill","floor":7.0},{"not_picked":["Ball Lightning","Coolheaded"],"picked":"Defragment","floor":11.0},{"not_picked":["Compile Driver","Hologram"],"picked":"Glacier","floor":14.0},{"not_picked":["Machine Learning","Hyperbeam"],"picked":"Biased Cognition","floor":16.0},{"not_picked":["Sunder+1","Doom and Gloom"],"picked":"Cold Snap","floor":18.0},{"not_picked":["Beam Cell","Barrage"],"picked":"Conserve Battery","floor":20.0},{"not_picked":["Compile Driver","Steam"],"picked":"BootSequence","floor":22.0},{"not_picked":["Redo+1","Coolheaded+1"],"picked":"Self Repair","floor":24.0},{"not_picked":["Rainbow","Skim"],"picked":"Fission","floor":28.0},{"not_picked":["Coolheaded","Beam Cell"],"picked":"Steam Power+1","floor":31.0},{"not_picked":["Amplify","Reboot"],"picked":"Echo Form","floor":33.0},{"not_picked":["Stack","Gash+1"],"picked":"BootSequence","floor":35.0},{"not_picked":["Turbo","Conserve Battery"],"picked":"Loop","floor":36.0},{"not_picked":["Swift Strike","Dark Shackles"],"picked":"Finesse","floor":37.0},{"not_picked":["Madness","Dramatic Entrance"],"picked":"Impatience","floor":37.0},{"not_picked":["Dramatic Entrance","Swift Strike"],"picked":"Finesse","floor":37.0},{"not_picked":["Streamline+1","Rip and Tear"],"picked":"Rebound","floor":40.0},{"not_picked":["Barrage","Beam Cell"],"picked":"Electrodynamics","floor":41.0},{"not_picked":["Tempest","Rebound"],"picked":"Darkness","floor":44.0},{"not_picked":["Redo","Beam Cell"],"picked":"Darkness","floor":47.0},{"not_picked":["Darkness+1","Gash"],"picked":"Loop","floor":48.0},{"not_picked":["Consume","Compile Driver"],"picked":"Storm","floor":49.0}],"player_experience":727096,"relics_obtained":[{"floor":7.0,"key":"Ancient Tea Set"},{"floor":9.0,"key":"Bottled Lightning"},{"floor":26.0,"key":"Dodecahedron"},{"floor":28.0,"key":"Omamori"},{"floor":30.0,"key":"Nilry\u0027s Codex"},{"floor":34.0,"key":"Dream Catcher"},{"floor":34.0,"key":"Pear"},{"floor":34.0,"key":"Mango"},{"floor":36.0,"key":"Emotion Chip"},{"floor":41.0,"key":"Blood Vial"},{"floor":43.0,"key":"Matryoshka"},{"floor":44.0,"key":"Meat on the Bone"},{"floor":48.0,"key":"Old Coin"}],"event_choices":[{"event_name":"Shining Light","player_choice":"Ignored","floor":2.0,"damage_taken":0.0},{"event_name":"Purifier","player_choice":"Skipped","floor":4.0,"damage_taken":0.0},{"event_name":"Big Fish","player_choice":"Box","floor":12.0,"damage_taken":0.0},{"event_name":"WeMeetAgain","player_choice":"Gold","floor":13.0,"damage_taken":0.0},{"event_name":"Fountain of Cleansing","player_choice":"Removed Curse","floor":19.0,"damage_taken":0.0},{"event_name":"Addict","player_choice":"Obtained Relic","floor":21.0,"damage_taken":0.0},{"event_name":"Cursed Tome","player_choice":"Obtained Book","floor":30.0,"damage_taken":0.0},{"event_name":"MindBloom","player_choice":"Fight","floor":36.0,"damage_taken":0.0},{"event_name":"SensoryStone","player_choice":"Memory 3","floor":37.0,"damage_taken":0.0},{"event_name":"Falling","player_choice":"Removed Attack","floor":39.0,"damage_taken":0.0},{"event_name":"Tomb of Lord Red Mask","player_choice":"Paid","floor":46.0,"damage_taken":0.0}],"is_beta":false,"boss_relics":[{"not_picked":["Lizard Tail","Coffee Dripper"],"picked":"Nuclear Battery"},{"not_picked":["Snecko Eye","Runic Pyramid"],"picked":"Calling Bell"}],"items_purged_floors":[38],"is_endless":false,"potions_floor_spawned":[1,14,20,22,28,33,44,48],"ascension_level":13}