{"gold_per_floor":[116,12,12,12,32,63,63,163,163,193,92,92,108,126,126,126],"floor_reached":16,"playtime":625,"items_purged":[],"score":167,"play_id":"a19a30cb-d58a-49a1-8846-53ac628993dc","local_time":"20180730235532","is_ascension_mode":true,"campfire_choices":[{"data":"Armaments","floor":7,"key":"SMITH"},{"data":"True Grit","floor":12,"key":"SMITH"},{"data":"Disarm","floor":15,"key":"SMITH"}],"neow_cost":"NONE","seed_source_timestamp":1319090723148793,"circlet_count":0,"master_deck":["Strike_R","Strike_R","Strike_R","Strike_R","Defend_R","Defend_R","Defend_R","Defend_R","Bash","AscendersBane","Juggernaut","Clash","True Grit+1","Whirlwind","Disarm+1","Armaments+1","Seeing Red","Shrug It Off","Clash"],"relics":["Burning Blood","Mercury Hourglass","Calipers","Oddly Smooth Stone"],"potions_floor_usage":[10],"damage_taken":[{"damage":1,"enemies":"Cultist","floor":1,"turns":4},{"damage":0,"enemies":"2 Louse","floor":5,"turns":1},{"damage":55,"enemies":"3 Sentries","floor":6,"turns":9},{"damage":15,"enemies":"Lagavulin","floor":10,"turns":7},{"damage":0,"enemies":"Small Slimes","floor":13,"turns":2},{"damage":0,"enemies":"3 Louse","floor":14,"turns":2},{"damage":44,"enemies":"Slime Boss","floor":16,"turns":8}],"seed_played":"8388727367553681206","potions_obtained":[{"floor":6,"key":"GamblersBrew"}],"is_trial":false,"path_per_floor":["M","$","?","?","M","E","R","?","T","E","$","R","M","M","R"],"character_chosen":"IRONCLAD","items_purchased":["True Grit","Whirlwind","Shrug It Off","Clash"],"campfire_rested":0,"item_purchase_floors":[2,2,11,11],"current_hp_per_floor":[77,77,77,77,80,31,31,31,31,22,22,22,28,34,34,0],"gold":126,"neow_bonus":"ONE_RANDOM_RARE_CARD","is_prod":false,"is_daily":false,"chose_seed":false,"campfire_upgraded":3,"win_rate":0,"timestamp":1532966132,"path_taken":["M","$","?","?","M","E","R","?","T","E","?","R","M","M","R","BOSS"],"build_version":"2018-07-26","purchased_purges":0,"victory":false,"max_hp_per_floor":[80,80,80,80,80,80,80,80,80,80,80,80,80,80,80,80],"card_choices":[{"not_picked":["Perfected Strike","Body Slam"],"picked":"Clash","floor":1},{"not_picked":["Heavy Blade","Clothesline"],"picked":"Disarm","floor":5},{"not_picked":["Pommel Strike","Cleave"],"picked":"Armaments","floor":6},{"not_picked":["Clothesline","Carnage"],"picked":"Seeing Red","floor":10},{"not_picked":["Twin Strike","Entrench","Juggernaut"],"picked":"SKIP","floor":13},{"not_picked":["Entrench","Clash","Body Slam"],"picked":"SKIP","floor":14}],"player_experience":455542,"relics_obtained":[{"floor":6,"key":"Mercury Hourglass"},{"floor":9,"key":"Calipers"},{"floor":10,"key":"Oddly Smooth Stone"}],"event_choices":[{"event_name":"Living Wall","player_choice":"Forget","floor":3,"damage_taken":0},{"event_name":"Liars Game","player_choice":"disagreed","floor":4,"damage_taken":0},{"event_name":"Wheel of Change","player_choice":"Gold","floor":8,"damage_taken":0}],"is_beta":true,"boss_relics":[],"items_purged_floors":[],"is_endless":false,"potions_floor_spawned":[6],"killed_by":"Slime Boss","ascension_level":11}