{"gold_per_floor":[116,191,191,191,22,22,47,61,111,111,124,154,13,13,13,85,85,97,97,109,109,109,109,109,109,109,128,144,156,156,73,73,145,145,161,180,180,194,224,256,256,309,335,335,115,147,160,174,174,174,174,174,174,9,9],"floor_reached":55,"playtime":1693,"items_purged":[],"score":1962,"play_id":"f729ba61-034b-4ba3-96a9-d661610dda2c","local_time":"20190405144415","is_ascension_mode":true,"campfire_choices":[{"data":"Electrodynamics","floor":6.0,"key":"SMITH"},{"data":"Strike_B","floor":15.0,"key":"PURGE"},{"floor":23.0,"key":"REST"},{"data":"Strike_B","floor":25.0,"key":"PURGE"},{"data":"Strike_B","floor":30.0,"key":"PURGE"},{"data":"Capacitor","floor":32.0,"key":"SMITH"},{"floor":41.0,"key":"RECALL"},{"data":"Defend_B","floor":49.0,"key":"PURGE"},{"data":"Buffer","floor":53.0,"key":"SMITH"}],"neow_cost":"CURSE","seed_source_timestamp":616534678279500,"circlet_count":0,"master_deck":["AscendersBane","Defend_B","Defend_B","Zap","Dualcast","Electrodynamics+1","Ball Lightning","Chill","Capacitor+1","Lockon","Electrodynamics","Consume+1","Ghostly","Ghostly","Ghostly","Coolheaded","Turbo","Self Repair","Buffer+1","Glacier+1","Coolheaded","Glacier","Glacier","Barrage","White Noise","Turbo+1","Coolheaded","Core Surge"],"special_seed":0,"relics":["Cracked Core","DataDisk","Letter Opener","Juzu Bracelet","Peace Pipe","Cursed Key","Omamori","Incense Burner","Inserter","Tiny Chest","Ancient Tea Set","Prayer Wheel","Bag of Preparation","Gremlin Horn","Bronze Scales"],"potions_floor_usage":[],"damage_taken":[{"damage":7.0,"enemies":"Small Slimes","floor":1.0,"turns":3.0},{"damage":5.0,"enemies":"3 Sentries","floor":7.0,"turns":2.0},{"damage":0.0,"enemies":"2 Louse","floor":8.0,"turns":1.0},{"damage":7.0,"enemies":"Jaw Worm","floor":11.0,"turns":2.0},{"damage":17.0,"enemies":"Lagavulin","floor":12.0,"turns":5.0},{"damage":5.0,"enemies":"Hexaghost","floor":16.0,"turns":7.0},{"damage":23.0,"enemies":"Shell Parasite","floor":18.0,"turns":4.0},{"damage":6.0,"enemies":"Spheric Guardian","floor":20.0,"turns":3.0},{"damage":7.0,"enemies":"Shelled Parasite and Fungi","floor":27.0,"turns":5.0},{"damage":0.0,"enemies":"Snecko","floor":28.0,"turns":7.0},{"damage":0.0,"enemies":"Cultist and Chosen","floor":29.0,"turns":4.0},{"damage":22.0,"enemies":"Champ","floor":33.0,"turns":9.0},{"damage":0.0,"enemies":"3 Darklings","floor":35.0,"turns":4.0},{"damage":0.0,"enemies":"3 Shapes","floor":36.0,"turns":3.0},{"damage":5.0,"enemies":"Writhing Mass","floor":38.0,"turns":6.0},{"damage":0.0,"enemies":"Reptomancer","floor":40.0,"turns":10.0},{"damage":6.0,"enemies":"2 Orb Walkers","floor":42.0,"turns":4.0},{"damage":0.0,"enemies":"Nemesis","floor":46.0,"turns":11.0},{"damage":6.0,"enemies":"Transient","floor":47.0,"turns":6.0},{"damage":0.0,"enemies":"Sphere and 2 Shapes","floor":48.0,"turns":5.0},{"damage":0.0,"enemies":"Donu and Deca","floor":50.0,"turns":13.0},{"damage":2.0,"enemies":"Time Eater","floor":51.0,"turns":16.0},{"damage":55,"enemies":"Shield and Spear","floor":55,"turns":8}],"seed_played":"-5312430464190596111","potions_obtained":[{"floor":10.0,"key":"AttackPotion"},{"floor":10.0,"key":"Ancient Potion"},{"floor":12.0,"key":"Energy Potion"},{"floor":16.0,"key":"Fruit Juice"},{"floor":20.0,"key":"Strength Potion"},{"floor":36.0,"key":"FairyPotion"}],"is_trial":false,"path_per_floor":["M","?","?","?","$","R","E","M","T","?","M","E","$","?","R","B",null,"M","?","M","?","?","R","?","R","T","M","M","M","R","$","R","B",null,"M","M","?","M","?","E","R","?","T","?","$","E","M","M","R","B","B",null,"R","$","E"],"character_chosen":"DEFECT","items_purchased":["DataDisk","Capacitor","PowerPotion","Self Repair","Bag of Preparation","Barrage","Bronze Scales"],"campfire_rested":1,"item_purchase_floors":[5,13,13,31,45,45,54],"current_hp_per_floor":[57,46,39,62,62,62,57,57,57,57,50,33,33,33,33,33,65,42,42,36,36,14,38,38,38,38,31,31,31,31,31,31,16,34,40,40,40,40,40,40,40,34,34,34,34,40,40,40,40,40,40,40,40,40,0],"gold":9,"neow_bonus":"THREE_RARE_CARDS","is_prod":false,"is_daily":false,"chose_seed":false,"campfire_upgraded":3,"win_rate":0,"timestamp":1554443055,"path_taken":["M","?","?","?","$","R","E","M","T","?","M","E","?","?","R","BOSS","M","?","M","?","?","R","?","R","T","M","M","M","R","$","R","BOSS","M","M","?","M","?","E","R","?","T","?","$","E","M","M","R","BOSS","BOSS","R","$","E"],"build_version":"2019-01-23","purchased_purges":0,"victory":false,"max_hp_per_floor":[71,71,71,71,71,71,71,71,71,71,71,71,71,71,71,76,76,76,76,76,76,81,81,40,40,40,40,40,40,40,40,40,40,40,40,40,40,40,40,40,40,40,40,40,40,40,40,40,40,40,40,40,40,40,40],"card_choices":[{"not_picked":["Hyperbeam","Multi-Cast"],"picked":"Electrodynamics","floor":0.0},{"not_picked":["Rip and Tear","Turbo","Rebound"],"picked":"SKIP","floor":1.0},{"not_picked":["FTL","Scrape"],"picked":"Ball Lightning","floor":7.0},{"not_picked":["Compile Driver","Chaos"],"picked":"Chill","floor":8.0},{"not_picked":["Gash","Stack","Sunder"],"picked":"SKIP","floor":11.0},{"not_picked":["Storm","Chaos","Stack"],"picked":"SKIP","floor":12.0},{"not_picked":["Rainbow","Meteor Strike"],"picked":"Electrodynamics","floor":16.0},{"not_picked":["Streamline","Rebound"],"picked":"Consume+1","floor":18.0},{"not_picked":["BootSequence","Force Field","Barrage"],"picked":"SKIP","floor":20.0},{"not_picked":["Hologram","Storm"],"picked":"Coolheaded","floor":27.0},{"not_picked":["Streamline","Heatsinks+1","Hologram"],"picked":"SKIP","floor":28.0},{"not_picked":["Aggregate","Hologram"],"picked":"Turbo","floor":29.0},{"not_picked":["Multi-Cast","Electrodynamics"],"picked":"Buffer","floor":33.0},{"not_picked":["Steam","Leap+1"],"picked":"Glacier+1","floor":35.0},{"not_picked":["Redo+1","Rip and Tear","Force Field"],"picked":"SKIP","floor":36.0},{"not_picked":["Lockon","Sweeping Beam"],"picked":"Coolheaded","floor":38.0},{"not_picked":["Conserve Battery","Core Surge"],"picked":"Glacier","floor":40.0},{"not_picked":["Steam","Heatsinks"],"picked":"Glacier","floor":42.0},{"not_picked":["Chaos","Scrape"],"picked":"White Noise","floor":46.0},{"not_picked":["Reinforced Body","BootSequence"],"picked":"Turbo+1","floor":47.0},{"not_picked":["FTL+1","Genetic Algorithm"],"picked":"Coolheaded","floor":47.0},{"not_picked":["Recycle","Rip and Tear"],"picked":"Core Surge","floor":48.0},{"not_picked":["Steam Power","Streamline+1","Leap"],"picked":"SKIP","floor":48.0}],"player_experience":2885822,"relics_obtained":[{"floor":7.0,"key":"Letter Opener"},{"floor":9.0,"key":"Juzu Bracelet"},{"floor":12.0,"key":"Peace Pipe"},{"floor":26.0,"key":"Incense Burner"},{"floor":39.0,"key":"Tiny Chest"},{"floor":40.0,"key":"Ancient Tea Set"},{"floor":42.0,"key":"Prayer Wheel"},{"floor":46.0,"key":"Gremlin Horn"}],"event_choices":[{"damage_healed":0.0,"max_hp_gain":0.0,"max_hp_loss":0.0,"gold_gain":75.0,"event_name":"World of Goop","player_choice":"Gather Gold","floor":2.0,"gold_loss":0.0,"damage_taken":11.0},{"cards_removed":["Normality"],"damage_healed":0.0,"max_hp_gain":0.0,"max_hp_loss":0.0,"gold_gain":0.0,"event_name":"Golden Wing","player_choice":"Card Removal","floor":3.0,"gold_loss":0.0,"damage_taken":7.0},{"damage_healed":23.0,"max_hp_gain":0.0,"max_hp_loss":0.0,"gold_gain":0.0,"event_name":"Big Fish","player_choice":"Banana","floor":4.0,"gold_loss":0.0,"damage_taken":0.0},{"damage_healed":0.0,"max_hp_gain":0.0,"max_hp_loss":0.0,"gold_gain":0.0,"event_name":"Lab","player_choice":"Got Potions","floor":10.0,"gold_loss":0.0,"damage_taken":0.0},{"damage_healed":0.0,"max_hp_gain":0.0,"max_hp_loss":0.0,"gold_gain":0.0,"cards_transformed":["Strike_B"],"event_name":"Living Wall","player_choice":"Change","floor":14.0,"gold_loss":0.0,"damage_taken":0.0,"cards_obtained":["Lockon"]},{"damage_healed":0.0,"max_hp_gain":0.0,"max_hp_loss":0.0,"gold_gain":0.0,"event_name":"The Mausoleum","player_choice":"Opened","floor":19.0,"gold_loss":0.0,"damage_taken":0.0,"relics_obtained":["Omamori"],"cards_obtained":["Writhe"]},{"cards_removed":["Writhe"],"damage_healed":0.0,"max_hp_gain":0.0,"max_hp_loss":0.0,"gold_gain":0.0,"event_name":"Fountain of Cleansing","player_choice":"Removed Curses","floor":21.0,"gold_loss":0.0,"damage_taken":0.0},{"damage_healed":0.0,"max_hp_gain":5.0,"max_hp_loss":0.0,"gold_gain":0.0,"event_name":"Forgotten Altar","player_choice":"Shed Blood","floor":22.0,"gold_loss":0.0,"damage_taken":27.0},{"damage_healed":0.0,"max_hp_gain":0.0,"max_hp_loss":41.0,"gold_gain":0.0,"event_name":"Ghosts","player_choice":"Became a Ghost","floor":24.0,"gold_loss":0.0,"damage_taken":0.0,"cards_obtained":["Ghostly","Ghostly","Ghostly"]},{"damage_healed":0.0,"max_hp_gain":0.0,"max_hp_loss":0.0,"gold_gain":0.0,"event_name":"Tomb of Lord Red Mask","player_choice":"Ignored","floor":37.0,"gold_loss":0.0,"damage_taken":0.0},{"damage_healed":0.0,"max_hp_gain":0.0,"max_hp_loss":0.0,"gold_gain":0.0,"event_name":"Wheel of Change","player_choice":"Relic","floor":39.0,"gold_loss":0.0,"damage_taken":0.0},{"damage_healed":0.0,"max_hp_gain":0.0,"max_hp_loss":0.0,"gold_gain":0.0,"event_name":"Mysterious Sphere","player_choice":"Fight","floor":42.0,"gold_loss":0.0,"damage_taken":0.0},{"cards_removed":["Defend_B"],"damage_healed":0.0,"max_hp_gain":0.0,"max_hp_loss":0.0,"gold_gain":0.0,"event_name":"Falling","player_choice":"Removed Skill","floor":44.0,"gold_loss":0.0,"damage_taken":0.0}],"is_beta":false,"boss_relics":[{"not_picked":["Lizard Tail","Fusion Hammer"],"picked":"Cursed Key"},{"not_picked":["Velvet Choker","Black Star"],"picked":"Inserter"}],"items_purged_floors":[],"is_endless":false,"potions_floor_spawned":[12,16,20,29,36,38,42,46],"killed_by":"Shield and Spear","ascension_level":20}