{"gold_per_floor":[115,115,65,79,93,93,121,138,138,138,163,7,18,30,30,135,185,151,76,76,95,108,142,157,192,215,215,233,233,297,309,309,410,410,422,436,450,450,155,183,202,234,234,234,248,277,0,0,0,0],"floor_reached":51,"playtime":3893,"items_purged":["Strike_G","Strike_G","Writhe"],"score":1329,"play_id":"5a1d7bdb-4176-4f86-ab8a-c603cc536751","local_time":"20180720060211","is_ascension_mode":true,"campfire_choices":[{"data":"Predator","floor":6,"key":"SMITH"},{"data":"Footwork","floor":10,"key":"SMITH"},{"floor":15,"key":"REST"},{"floor":29,"key":"REST"},{"data":"Cloak And Dagger","floor":32,"key":"SMITH"},{"data":"Accuracy","floor":49,"key":"SMITH"}],"neow_cost":"NONE","seed_source_timestamp":387395130485865,"circlet_count":0,"master_deck":["Defend_G","Defend_G","Defend_G+1","Defend_G+1","Strike_G+1","Strike_G","Survivor","Neutralize","AscendersBane","Predator+1","Flying Knee","Cloak And Dagger+1","Footwork+1","Dagger Spray","Noxious Fumes","Burst+1","Backflip+1","Cloak And Dagger+1","Cloak And Dagger+1","PiercingWail+1","Catalyst+1","Cloak And Dagger+1","Backstab+1","Cloak And Dagger+1","Footwork+1","Escape Plan+1","Accuracy+1","Cloak And Dagger+1","Backflip+1"],"relics":["Black Star","Turnip","Dead Branch","Toxic Egg 2","Ninja Scroll","Dodecahedron","Blood Vial","Tiny House","Snake Skull","Happy Flower","Bronze Scales","Orichalcum","War Paint","Tiny Chest","Ancient Tea Set","WristBlade","Ornamental Fan","DollysMirror","Bag of Marbles","Lantern","Bag of Preparation","Juzu Bracelet","Du-Vu Doll","Singing Bowl","Mummified Hand","Vajra","Question Card"],"potions_floor_usage":[11,11,14,18,23,24,25,33,33,41,45,50,50],"damage_taken":[{"damage":1,"enemies":"Small Slimes","floor":1,"turns":5},{"damage":3,"enemies":"Cultist","floor":4,"turns":4},{"damage":4,"enemies":"2 Louse","floor":5,"turns":2},{"damage":21,"enemies":"3 Sentries","floor":7,"turns":13},{"damage":9,"enemies":"Blue Slaver","floor":8,"turns":4},{"damage":5,"enemies":"Gremlin Nob","floor":11,"turns":4},{"damage":2,"enemies":"Red Slaver","floor":13,"turns":3},{"damage":6,"enemies":"Lots of Slimes","floor":14,"turns":3},{"damage":22,"enemies":"The Guardian","floor":16,"turns":12},{"damage":30,"enemies":"2 Thieves","floor":18,"turns":5},{"damage":8,"enemies":"Chosen","floor":21,"turns":7},{"damage":4,"enemies":"Sentry and Sphere","floor":22,"turns":7},{"damage":13,"enemies":"Slavers","floor":23,"turns":5},{"damage":5,"enemies":"Snecko","floor":24,"turns":5},{"damage":26,"enemies":"Book of Stabbing","floor":25,"turns":8},{"damage":0,"enemies":"Snake Plant","floor":28,"turns":5},{"damage":9,"enemies":"Slavers","floor":30,"turns":7},{"damage":0,"enemies":"Chosen and Byrds","floor":31,"turns":5},{"damage":30,"enemies":"Collector","floor":33,"turns":8},{"damage":3,"enemies":"3 Darklings","floor":35,"turns":5},{"damage":0,"enemies":"Orb Walker","floor":36,"turns":3},{"damage":0,"enemies":"3 Darklings","floor":37,"turns":3},{"damage":15,"enemies":"2 Orb Walkers","floor":40,"turns":6},{"damage":0,"enemies":"Sphere and 2 Shapes","floor":41,"turns":2},{"damage":1,"enemies":"Giant Head","floor":42,"turns":5},{"damage":0,"enemies":"4 Shapes","floor":45,"turns":1},{"damage":0,"enemies":"Nemesis","floor":46,"turns":3},{"damage":57,"enemies":"Time Eater","floor":50,"turns":8}],"seed_played":"3038970693500411953","potions_obtained":[{"floor":4,"key":"SpeedPotion"},{"floor":5,"key":"GamblersBrew"},{"floor":8,"key":"Energy Potion"},{"floor":13,"key":"PowerPotion"},{"floor":17,"key":"Dexterity Potion"},{"floor":18,"key":"Strength Potion"},{"floor":23,"key":"Weak Potion"},{"floor":27,"key":"Block Potion"},{"floor":27,"key":"SpeedPotion"},{"floor":33,"key":"Explosive Potion"},{"floor":36,"key":"SpeedPotion"},{"floor":40,"key":"Fruit Juice"},{"floor":41,"key":"Dexterity Potion"}],"is_trial":false,"path_per_floor":["M","?","?","M","M","R","E","M","T","R","E","$","M","M","R","B",null,"M","$","?","M","M","E","M","E","T","?","M","R","E","M","R","B",null,"M","M","M","T","$","E","M","E","T","?","M","E","$","T","R","B"],"character_chosen":"THE_SILENT","items_purchased":["Blood Vial","DollysMirror","Vajra"],"campfire_rested":2,"item_purchase_floors":[12,39,47],"current_hp_per_floor":[62,62,62,59,55,55,34,25,25,25,20,20,20,16,37,17,62,34,34,59,53,51,40,37,13,13,13,15,37,30,32,32,4,57,56,58,60,60,60,47,54,55,55,75,77,81,81,81,81,25],"gold":0,"neow_bonus":"BOSS_RELIC","is_prod":false,"is_daily":false,"chose_seed":false,"campfire_upgraded":4,"win_rate":0,"timestamp":1532037731,"path_taken":["M","?","?","?","?","R","E","M","T","R","E","?","M","M","R","BOSS","M","$","?","M","M","E","?","E","T","?","M","R","E","M","R","BOSS","M","?","M","?","$","E","M","E","T","?","M","E","$","?","R","BOSS"],"build_version":"2018-07-19","purchased_purges":3,"victory":true,"max_hp_per_floor":[70,70,70,70,70,70,70,70,70,70,70,70,70,70,70,70,75,75,75,75,75,75,75,75,75,75,75,75,75,75,75,75,75,75,75,75,75,75,75,75,80,80,80,80,80,82,82,82,82,82],"card_choices":[{"not_picked":["Deflect","Reflex"],"picked":"Predator","floor":1},{"not_picked":["Finisher","Concentrate"],"picked":"Flying Knee","floor":4},{"not_picked":["Prepared","Caltrops"],"picked":"Cloak And Dagger","floor":5},{"not_picked":["Slice","Backflip"],"picked":"Footwork","floor":7},{"not_picked":["Outmaneuver","Acrobatics"],"picked":"Dagger Spray","floor":8},{"not_picked":["Deadly Poison+1","Reflex+1"],"picked":"Noxious Fumes","floor":11},{"not_picked":["Flechettes","Quick Slash","Catalyst+1"],"picked":"SKIP","floor":13},{"not_picked":["Poisoned Stab","Expertise+1","Prepared+1"],"picked":"SKIP","floor":14},{"not_picked":["Venomology+1","Envenom"],"picked":"Burst+1","floor":16},{"not_picked":["Caltrops","Prepared+1"],"picked":"Backflip+1","floor":18},{"not_picked":["Dagger Spray","Deadly Poison+1"],"picked":"Cloak And Dagger+1","floor":21},{"not_picked":["Sucker Punch","Bane"],"picked":"Cloak And Dagger+1","floor":22},{"not_picked":["Sucker Punch","Dash"],"picked":"PiercingWail+1","floor":23},{"not_picked":["Blade Dance+1","PiercingWail+1","Outmaneuver+1"],"picked":"SKIP","floor":24},{"not_picked":["Flying Knee","Phantasmal Killer+1"],"picked":"Catalyst+1","floor":25},{"not_picked":["Bane+1","Deflect+1","Reflex+1"],"picked":"SKIP","floor":28},{"not_picked":["PiercingWail+1","Tools of the Trade"],"picked":"Cloak And Dagger+1","floor":30},{"not_picked":["Blade Dance+1","Outmaneuver+1","Backflip+1"],"picked":"SKIP","floor":31},{"not_picked":["Underhanded Strike","Dodge and Roll+1"],"picked":"Backstab+1","floor":35},{"not_picked":["Slice","Caltrops+1","Bane"],"picked":"SKIP","floor":36},{"not_picked":["Eviscerate","Dodge and Roll+1"],"picked":"Cloak And Dagger+1","floor":37},{"not_picked":["Deflect+1","Unload"],"picked":"Escape Plan+1","floor":40},{"not_picked":["Deflect+1","Deadly Poison+1"],"picked":"Accuracy","floor":41},{"not_picked":["Dagger Throw","Deadly Poison+1"],"picked":"Cloak And Dagger+1","floor":42},{"not_picked":["Dagger Throw","Well Laid Plans"],"picked":"Backflip+1","floor":45},{"not_picked":["Flying Knee+1","Deadly Poison+1","Poisoned Stab+1"],"picked":"Singing Bowl","floor":46}],"player_experience":441017,"relics_obtained":[{"floor":7,"key":"Turnip"},{"floor":7,"key":"Dead Branch"},{"floor":9,"key":"Toxic Egg 2"},{"floor":11,"key":"Ninja Scroll"},{"floor":11,"key":"Dodecahedron"},{"floor":23,"key":"Snake Skull"},{"floor":23,"key":"Happy Flower"},{"floor":25,"key":"Bronze Scales"},{"floor":25,"key":"Orichalcum"},{"floor":26,"key":"War Paint"},{"floor":30,"key":"Tiny Chest"},{"floor":30,"key":"Ancient Tea Set"},{"floor":38,"key":"Ornamental Fan"},{"floor":40,"key":"Bag of Marbles"},{"floor":40,"key":"Lantern"},{"floor":42,"key":"Bag of Preparation"},{"floor":42,"key":"Juzu Bracelet"},{"floor":43,"key":"Du-Vu Doll"},{"floor":46,"key":"Singing Bowl"},{"floor":46,"key":"Mummified Hand"},{"floor":48,"key":"Question Card"}],"event_choices":[{"event_name":"Purifier","player_choice":"One Purge","floor":2,"damage_taken":0},{"event_name":"The Cleric","player_choice":"Card Removal","floor":3,"damage_taken":0},{"event_name":"The Library","player_choice":"Heal","floor":20,"damage_taken":0},{"event_name":"The Lab","player_choice":"Got Potions","floor":27,"damage_taken":0},{"event_name":"Winding Halls","player_choice":"Writhe","floor":44,"damage_taken":0}],"is_beta":true,"boss_relics":[{"not_picked":["Snecko Eye","Lizard Tail"],"picked":"Tiny House"},{"not_picked":["Runic Dome","Fusion Hammer"],"picked":"WristBlade"}],"items_purged_floors":[19,39,47],"is_endless":false,"potions_floor_spawned":[4,5,8,13,18,23,33,36,37,40,41],"ascension_level":11}