{"gold_per_floor":[116,116,131,181,24,53,53,69,69,23,35,65,65,65,65,139,139,151,162,162,162,162,162,162],"floor_reached":24,"playtime":528,"items_purged":[],"score":454,"play_id":"87b108d5-1afd-462c-a4a8-ccbe6485b95c","local_time":"20190309113020","is_ascension_mode":true,"campfire_choices":[{"data":"Sunder","floor":7,"key":"SMITH"},{"floor":13,"key":"DIG"},{"floor":15,"key":"DIG"},{"floor":23,"key":"REST"}],"neow_cost":"NONE","seed_source_timestamp":4443878057800,"circlet_count":0,"master_deck":["AscendersBane","Strike_B","Strike_B","Strike_B","Strike_B","Defend_B","Defend_B","Defend_B","Defend_B","Zap","Dualcast","Melter","Beam Cell","Sunder+1","Gash","Gash","White Noise","Seek","Undo","Ghostly","Ghostly","Ghostly","FTL"],"relics":["Cracked Core","NeowsBlessing","Shovel","Anchor","Ornamental Fan","The Courier","Dream Catcher","Turnip","Vajra","Inserter","Enchiridion"],"potions_floor_usage":[16],"damage_taken":[{"damage":0,"enemies":"Jaw Worm","floor":1,"turns":1},{"damage":0,"enemies":"Small Slimes","floor":3,"turns":1},{"damage":0,"enemies":"3 Sentries","floor":6,"turns":1},{"damage":0,"enemies":"2 Louse","floor":8,"turns":2},{"damage":0,"enemies":"2 Fungi Beasts","floor":11,"turns":2},{"damage":4,"enemies":"Gremlin Nob","floor":12,"turns":3},{"damage":38,"enemies":"Slime Boss","floor":16,"turns":8},{"damage":0,"enemies":"Spheric Guardian","floor":18,"turns":1},{"damage":13,"enemies":"Chosen","floor":19,"turns":4},{"damage":1,"enemies":"Gremlin Leader","floor":24,"turns":5}],"seed_played":"-6466297430625948800","potions_obtained":[{"floor":3,"key":"Strength Potion"},{"floor":6,"key":"FocusPotion"},{"floor":16,"key":"Energy Potion"}],"is_trial":false,"path_per_floor":["M","?","M","?","$","E","R","M","T","$","M","E","R","?","R","B",null,"M","M","?","?","?","R","E"],"character_chosen":"DEFECT","items_purchased":["Anchor","Gash"],"campfire_rested":1,"item_purchase_floors":[5,10],"current_hp_per_floor":[64,46,46,46,46,46,46,46,46,46,46,42,42,47,47,9,59,59,46,24,3,3,15,14],"gold":162,"neow_bonus":"THREE_ENEMY_KILL","is_prod":false,"is_daily":false,"chose_seed":false,"campfire_upgraded":1,"win_rate":0,"timestamp":1552098620,"path_taken":["M","?","M","?","$","E","R","M","T","$","M","E","R","?","R","BOSS","M","M","?","?","?","R","E"],"build_version":"2019-01-23","purchased_purges":0,"victory":false,"max_hp_per_floor":[71,71,71,71,71,71,71,71,71,71,71,71,71,76,76,76,76,76,76,81,81,40,40,40],"card_choices":[{"not_picked":["Rebound","Fusion"],"picked":"Melter","floor":1},{"not_picked":["Lockon","Compile Driver"],"picked":"Beam Cell","floor":3},{"not_picked":["Stack","Chill"],"picked":"Sunder","floor":6},{"not_picked":["Hello World","Beam Cell"],"picked":"Gash","floor":8},{"not_picked":["Doom and Gloom","Beam Cell"],"picked":"White Noise","floor":11},{"not_picked":["Streamline","Turbo","Barrage"],"picked":"SKIP","floor":12},{"not_picked":["Multi-Cast","Rainbow"],"picked":"Seek","floor":16},{"not_picked":["Beam Cell","Reinforced Body"],"picked":"Undo","floor":18},{"not_picked":["Rip and Tear","Streamline","Barrage"],"picked":"SKIP","floor":19},{"not_picked":["Auto Shields","Sweeping Beam"],"picked":"FTL","floor":23}],"player_experience":2078254,"relics_obtained":[{"floor":6,"key":"Ornamental Fan"},{"floor":9,"key":"The Courier"},{"floor":12,"key":"Dream Catcher"},{"floor":13,"key":"Turnip"},{"floor":15,"key":"Vajra"},{"floor":21,"key":"Enchiridion"}],"event_choices":[{"damage_healed":0,"gold_gain":0,"player_choice":"Success","damage_taken":18,"relics_obtained":["Shovel"],"max_hp_gain":0,"max_hp_loss":0,"event_name":"Scrap Ooze","floor":2,"gold_loss":0},{"damage_healed":0,"gold_gain":50,"player_choice":"Gained Gold","damage_taken":0,"max_hp_gain":0,"max_hp_loss":0,"event_name":"Golden Wing","floor":4,"gold_loss":0},{"damage_healed":0,"gold_gain":0,"player_choice":"Donut","damage_taken":0,"max_hp_gain":5,"max_hp_loss":0,"event_name":"Big Fish","floor":14,"gold_loss":0},{"damage_healed":0,"gold_gain":0,"player_choice":"Shed Blood","damage_taken":27,"max_hp_gain":5,"max_hp_loss":0,"event_name":"Forgotten Altar","floor":20,"gold_loss":0},{"damage_healed":0,"gold_gain":0,"player_choice":"Obtained Book","damage_taken":21,"max_hp_gain":0,"max_hp_loss":0,"event_name":"Cursed Tome","floor":21,"gold_loss":0},{"damage_healed":0,"gold_gain":0,"player_choice":"Became a Ghost","damage_taken":0,"max_hp_gain":0,"max_hp_loss":41,"event_name":"Ghosts","floor":22,"gold_loss":0,"cards_obtained":["Ghostly","Ghostly","Ghostly"]}],"is_beta":false,"boss_relics":[{"not_picked":["Tiny House","Busted Crown"],"picked":"Inserter"}],"items_purged_floors":[],"is_endless":false,"potions_floor_spawned":[3,6,16],"killed_by":"Gremlin Leader","ascension_level":20}