{"gold_per_floor":[20,37,47,47,47,47,76,76,147,178,178,124,124,159,159,252,252,277,10,61,61,61,61,95,118,167,167,67,86,86,99,99,195,195,208,18,84,105,0,43,43,43,66,66,106,106,125,168,168,168,168,168,168,17,48,48],"floor_reached":57,"playtime":2322,"items_purged":["Pain","Strike_R","Strike_R"],"score":2890,"play_id":"da1e88c9-7c1c-4086-86a7-836d561e57d5","local_time":"20190403175104","is_ascension_mode":true,"campfire_choices":[{"data":"Bash","floor":6,"key":"SMITH"},{"data":"Fiend Fire","floor":8,"key":"SMITH"},{"data":"Inflame","floor":15,"key":"SMITH"},{"data":"Juggernaut","floor":23,"key":"SMITH"},{"data":"Immolate","floor":27,"key":"SMITH"},{"data":"Dual Wield","floor":32,"key":"SMITH"},{"floor":42,"key":"RECALL"},{"data":"Demon Form","floor":44,"key":"SMITH"},{"data":"Demon Form","floor":49,"key":"SMITH"},{"floor":53,"key":"REST"}],"neow_cost":"NO_GOLD","seed_source_timestamp":454405402279700,"circlet_count":0,"master_deck":["AscendersBane","Defend_R","Defend_R","Defend_R","Bash+1","Carnage+1","Fiend Fire+1","Shrug It Off","Inflame+1","Barricade","Shrug It Off","Juggernaut+1","Hemokinesis","Immolate+1","Second Wind","Dual Wield+1","Demon Form+1","True Grit+1","Shrug It Off","Demon Form+1","Feel No Pain"],"relics":["Burning Blood","Pocketwatch","Orichalcum","PreservedInsect","Golden Idol","WarpedTongs","Question Card","Snecko Eye","Juzu Bracelet","Art of War","Meat on the Bone","Happy Flower","Busted Crown","Potion Belt","FossilizedHelix","Red Mask","Incense Burner","Smiling Mask","Dodecahedron","Bag of Marbles","Boot","Ice Cream"],"potions_floor_usage":[16,24,33,40,56,56,56],"damage_taken":[{"damage":14,"enemies":"Jaw Worm","floor":1,"turns":3},{"damage":4,"enemies":"Small Slimes","floor":2,"turns":6},{"damage":0,"enemies":"Cultist","floor":3,"turns":3},{"damage":27,"enemies":"Lagavulin","floor":7,"turns":4},{"damage":12,"enemies":"3 Sentries","floor":10,"turns":5},{"damage":1,"enemies":"Gremlin Nob","floor":14,"turns":2},{"damage":22,"enemies":"The Guardian","floor":16,"turns":5},{"damage":1,"enemies":"Chosen","floor":18,"turns":2},{"damage":20,"enemies":"Slavers","floor":24,"turns":4},{"damage":7,"enemies":"2 Thieves","floor":25,"turns":2},{"damage":0,"enemies":"Centurion and Healer","floor":29,"turns":3},{"damage":0,"enemies":"Snecko","floor":31,"turns":3},{"damage":24,"enemies":"Champ","floor":33,"turns":9},{"damage":8,"enemies":"Orb Walker","floor":35,"turns":2},{"damage":33,"enemies":"2 Orb Walkers","floor":37,"turns":3},{"damage":0,"enemies":"3 Darklings","floor":38,"turns":4},{"damage":0,"enemies":"Nemesis","floor":40,"turns":7},{"damage":0,"enemies":"Giant Head","floor":45,"turns":5},{"damage":0,"enemies":"Spire Growth","floor":47,"turns":4},{"damage":9,"enemies":"Reptomancer","floor":48,"turns":3},{"damage":45,"enemies":"Time Eater","floor":50,"turns":7},{"damage":5,"enemies":"Donu and Deca","floor":51,"turns":8},{"damage":10,"enemies":"Shield and Spear","floor":55,"turns":7},{"damage":8,"enemies":"The Heart","floor":56,"turns":8}],"seed_played":"1246895769806089685","potions_obtained":[{"floor":3,"key":"Poison Potion"},{"floor":7,"key":"Weak Potion"},{"floor":14,"key":"FearPotion"},{"floor":21,"key":"Dexterity Potion"},{"floor":31,"key":"Fire Potion"},{"floor":35,"key":"LiquidBronze"},{"floor":38,"key":"GamblersBrew"},{"floor":48,"key":"Strength Potion"}],"is_trial":false,"path_per_floor":["M","M","M","?","?","R","E","R","T","E","?","$","?","E","R","B",null,"M","$","T","?","?","R","E","M","T","R","$","M","?","M","R","B",null,"M","$","?","M","?","E","?","R","T","R","E","T","M","E","R","B","B",null,"R","$","E","B",null],"character_chosen":"IRONCLAD","items_purchased":["Fire Potion","Juzu Bracelet","Shrug It Off","Potion Belt","Shrug It Off","Feel No Pain","Energy Potion"],"campfire_rested":1,"item_purchase_floors":[12,19,19,36,36,54,54],"current_hp_per_floor":[60,62,68,45,45,45,24,24,24,18,18,18,18,23,23,7,53,58,58,58,58,58,58,44,43,43,43,43,49,49,55,55,49,63,61,61,46,52,52,58,58,58,58,58,64,64,68,65,65,38,51,64,68,68,64,62],"gold":48,"neow_bonus":"ONE_RARE_RELIC","is_prod":false,"is_daily":false,"chose_seed":false,"campfire_upgraded":8,"win_rate":0,"timestamp":1554281464,"path_taken":["M","M","M","?","?","R","E","R","T","E","?","$","?","E","R","BOSS","M","$","?","?","?","R","E","M","T","R","$","M","?","M","R","BOSS","M","$","?","M","?","E","?","R","T","R","E","?","M","E","R","BOSS","BOSS","R","$","E","BOSS"],"build_version":"2019-01-23","purchased_purges":3,"victory":true,"max_hp_per_floor":[75,75,75,75,75,75,75,75,75,75,68,68,68,68,68,68,68,68,68,68,68,68,68,68,68,68,68,68,68,68,68,68,68,68,68,68,68,68,68,68,68,68,68,68,68,68,68,68,68,68,68,68,68,68,68,68],"card_choices":[{"not_picked":["Heavy Blade","Battle Trance","Havoc"],"picked":"SKIP","floor":1},{"not_picked":["Armaments","Sword Boomerang"],"picked":"Carnage","floor":2},{"not_picked":["Wild Strike","Body Slam","Sever Soul"],"picked":"SKIP","floor":3},{"not_picked":["Fire Breathing","Iron Wave"],"picked":"Fiend Fire","floor":7},{"not_picked":["Fiend Fire","Havoc"],"picked":"Shrug It Off","floor":10},{"not_picked":["Intimidate","Clash"],"picked":"Inflame","floor":14},{"not_picked":["Feed","Reaper","Bludgeon"],"picked":"Barricade","floor":16},{"not_picked":["Bloodletting","Flex","Havoc+1","Power Through"],"picked":"SKIP","floor":18},{"not_picked":["Havoc+1","Sword Boomerang","Headbutt"],"picked":"Immolate","floor":24},{"not_picked":["Cleave","Heavy Blade","Wild Strike"],"picked":"Second Wind","floor":25},{"not_picked":["Uppercut","Clothesline","Cleave"],"picked":"Dual Wield","floor":29},{"not_picked":["Corruption","Combust","Uppercut","Immolate"],"picked":"SKIP","floor":31},{"not_picked":["Dark Embrace","Reaper","Fiend Fire"],"picked":"Demon Form","floor":33},{"not_picked":["Infernal Blade"],"picked":"True Grit+1","floor":35},{"not_picked":["Sword Boomerang+1","Wild Strike"],"picked":"SKIP","floor":38},{"not_picked":["Metallicize","Pommel Strike"],"picked":"SKIP","floor":40},{"not_picked":["Metallicize","Pommel Strike"],"picked":"SKIP","floor":40},{"not_picked":["Clash+1"],"picked":"Demon Form","floor":45},{"not_picked":["Cleave","Metallicize"],"picked":"SKIP","floor":47},{"not_picked":["Sentinel","Sword Boomerang"],"picked":"SKIP","floor":48},{"not_picked":["Headbutt+1","Immolate"],"picked":"SKIP","floor":55}],"player_experience":2835311,"relics_obtained":[{"floor":7,"key":"Orichalcum"},{"floor":10,"key":"PreservedInsect"},{"floor":14,"key":"Question Card"},{"floor":20,"key":"Art of War"},{"floor":24,"key":"Meat on the Bone"},{"floor":26,"key":"Happy Flower"},{"floor":37,"key":"FossilizedHelix"},{"floor":40,"key":"Incense Burner"},{"floor":43,"key":"Smiling Mask"},{"floor":45,"key":"Dodecahedron"},{"floor":46,"key":"Bag of Marbles"},{"floor":48,"key":"Boot"},{"floor":55,"key":"Ice Cream"}],"event_choices":[{"damage_healed":0,"gold_gain":0,"player_choice":"Entered Light","damage_taken":23,"max_hp_gain":0,"max_hp_loss":0,"event_name":"Shining Light","floor":4,"gold_loss":0,"cards_upgraded":["Carnage","Defend_R"]},{"damage_healed":0,"gold_gain":0,"player_choice":"Ignored","damage_taken":0,"max_hp_gain":0,"max_hp_loss":0,"event_name":"Liars Game","floor":5,"gold_loss":0},{"damage_healed":0,"gold_gain":0,"player_choice":"Lose Max HP","damage_taken":0,"relics_obtained":["Golden Idol"],"max_hp_gain":0,"max_hp_loss":7,"event_name":"Golden Idol","floor":11,"gold_loss":0},{"damage_healed":0,"gold_gain":0,"player_choice":"Rummage","damage_taken":0,"relics_obtained":["WarpedTongs"],"max_hp_gain":0,"max_hp_loss":0,"event_name":"Accursed Blacksmith","floor":13,"gold_loss":0,"cards_obtained":["Pain"]},{"damage_healed":0,"gold_gain":0,"player_choice":"Got Potions","damage_taken":0,"max_hp_gain":0,"max_hp_loss":0,"event_name":"Lab","floor":21,"gold_loss":0},{"damage_healed":0,"gold_gain":0,"cards_transformed":["Strike_R","Strike_R"],"player_choice":"Became Test Subject","damage_taken":0,"max_hp_gain":0,"max_hp_loss":0,"event_name":"Drug Dealer","floor":22,"gold_loss":0,"cards_obtained":["Juggernaut","Hemokinesis"]},{"cards_removed":["Strike_R"],"damage_healed":0,"gold_gain":0,"player_choice":"Elegance","damage_taken":0,"max_hp_gain":0,"max_hp_loss":0,"event_name":"Back to Basics","floor":30,"gold_loss":0},{"damage_healed":0,"gold_gain":0,"player_choice":"Fight","damage_taken":0,"max_hp_gain":0,"max_hp_loss":0,"event_name":"Mysterious Sphere","floor":37,"gold_loss":0},{"damage_healed":0,"gold_gain":0,"player_choice":"Paid","damage_taken":0,"relics_obtained":["Red Mask"],"max_hp_gain":0,"max_hp_loss":0,"event_name":"Tomb of Lord Red Mask","floor":39,"gold_loss":105},{"cards_removed":["Defend_R"],"damage_healed":0,"gold_gain":0,"player_choice":"Removed Skill","damage_taken":0,"max_hp_gain":0,"max_hp_loss":0,"event_name":"Falling","floor":41,"gold_loss":0}],"is_beta":false,"boss_relics":[{"not_picked":["Runic Dome","Lizard Tail"],"picked":"Snecko Eye"},{"not_picked":["Calling Bell","Empty Cage"],"picked":"Busted Crown"}],"items_purged_floors":[19,28,54],"is_endless":false,"potions_floor_spawned":[3,7,14,31,35,38,48],"ascension_level":20}