{"gold_per_floor":[119,119,84,102,102,102,102,113,186,186,221,235,255,290,290,365,365,376,192,225,241,241,241,266,11,64,64,74,74,17,47,47,124,124,135,135,154,173,191,191],"floor_reached":40,"playtime":1508,"items_purged":["Regret"],"score":1043,"play_id":"c6a301d9-aebe-4d5a-81df-e6e3f7cf0da1","local_time":"20190221141016","is_ascension_mode":true,"campfire_choices":[{"data":"Zap","floor":6,"key":"SMITH"},{"data":"Rip and Tear","floor":10,"key":"SMITH"},{"data":"Defragment","floor":15,"key":"SMITH"},{"floor":23,"key":"REST"},{"floor":27,"key":"REST"},{"data":"Consume","floor":29,"key":"SMITH"},{"data":"Capacitor","floor":32,"key":"SMITH"}],"neow_cost":"NONE","seed_source_timestamp":93702272086800,"circlet_count":0,"master_deck":["AscendersBane","Strike_B","Strike_B","Strike_B","Strike_B","Defend_B","Defend_B","Defend_B","Zap+1","Dualcast","Coolheaded","Chill","Rip and Tear+1","Reboot","Defragment+1","Defragment","Biased Cognition","Capacitor+1","Turbo","FTL","Consume+1","Discovery","Coolheaded+1","Reboot","Pain","White Noise+1","Capacitor","Cold Snap","Barrage+1"],"relics":["Cracked Core","NeowsBlessing","Blood Vial","Gremlin Horn","Mango","Symbiotic Virus","Runic Dome","Red Mask","Omamori","Art of War","DataDisk","Anchor","Calling Bell","Strawberry","Letter Opener","Girya"],"potions_floor_usage":[16,16,20,24,24,33,39,40],"damage_taken":[{"damage":0,"enemies":"2 Louse","floor":1,"turns":1},{"damage":0,"enemies":"Small Slimes","floor":4,"turns":1},{"damage":0,"enemies":"Jaw Worm","floor":8,"turns":1},{"damage":37,"enemies":"Gremlin Nob","floor":11,"turns":4},{"damage":5,"enemies":"3 Louse","floor":12,"turns":2},{"damage":19,"enemies":"Exordium Wildlife","floor":13,"turns":5},{"damage":17,"enemies":"Lagavulin","floor":14,"turns":6},{"damage":9,"enemies":"Slime Boss","floor":16,"turns":7},{"damage":15,"enemies":"Shell Parasite","floor":18,"turns":3},{"damage":17,"enemies":"Masked Bandits","floor":20,"turns":4},{"damage":7,"enemies":"Spheric Guardian","floor":21,"turns":4},{"damage":30,"enemies":"Slavers","floor":24,"turns":6},{"damage":12,"enemies":"Centurion and Healer","floor":28,"turns":6},{"damage":13,"enemies":"Book of Stabbing","floor":31,"turns":6},{"damage":0,"enemies":"Champ","floor":33,"turns":12},{"damage":5,"enemies":"Orb Walker","floor":35,"turns":3},{"damage":0,"enemies":"3 Shapes","floor":37,"turns":3},{"damage":72,"enemies":"Maw","floor":38,"turns":8},{"damage":1,"enemies":"4 Shapes","floor":39,"turns":11},{"damage":16,"enemies":"Nemesis","floor":40,"turns":4}],"seed_played":"8237521630902065469","potions_obtained":[{"floor":12,"key":"Poison Potion"},{"floor":14,"key":"SkillPotion"},{"floor":16,"key":"Strength Potion"},{"floor":18,"key":"Swift Potion"},{"floor":21,"key":"Swift Potion"},{"floor":28,"key":"PowerPotion"},{"floor":33,"key":"SneckoOil"},{"floor":37,"key":"SteroidPotion"},{"floor":39,"key":"GamblersBrew"}],"is_trial":false,"path_per_floor":["M","?","?","M","?","R","?","M","T","R","E","M","M","E","R","B",null,"M","$","?","M","?","R","E","$","T","R","M","R","$","E","R","B",null,"M","?","M","M","M","E"],"character_chosen":"DEFECT","items_purchased":["Capacitor","Turbo","Discovery","Art of War","AttackPotion"],"campfire_rested":2,"item_purchase_floors":[19,19,25,25,30],"current_hp_per_floor":[64,57,71,71,71,71,71,71,71,71,48,45,28,13,13,6,65,52,52,37,32,32,57,29,29,29,54,44,44,44,33,33,35,80,77,77,79,9,10,0],"gold":191,"neow_bonus":"THREE_ENEMY_KILL","is_prod":false,"is_daily":false,"chose_seed":false,"campfire_upgraded":5,"win_rate":0,"timestamp":1550725816,"path_taken":["M","?","?","M","?","R","?","M","T","R","E","M","M","E","R","BOSS","M","$","?","M","?","R","E","?","T","R","M","R","$","E","R","BOSS","M","?","M","M","M","E"],"build_version":"2019-01-23","purchased_purges":1,"victory":false,"max_hp_per_floor":[71,71,71,71,71,71,71,71,71,71,85,85,85,85,85,85,85,85,85,85,85,85,85,85,85,85,85,85,85,85,85,85,85,92,92,92,92,92,92,92],"card_choices":[{"not_picked":["Sweeping Beam","Storm"],"picked":"Coolheaded","floor":1},{"not_picked":["Hello World","Conserve Battery"],"picked":"Chill","floor":4},{"not_picked":["Force Field","Rebound"],"picked":"Rip and Tear","floor":8},{"not_picked":["Cold Snap","Scrape"],"picked":"Reboot","floor":11},{"not_picked":["Hologram","Turbo"],"picked":"Defragment","floor":12},{"not_picked":["Blizzard","Barrage"],"picked":"Defragment","floor":13},{"not_picked":["Stack","Lockon","Gash"],"picked":"SKIP","floor":14},{"not_picked":["Rainbow","Multi-Cast"],"picked":"Biased Cognition","floor":16},{"not_picked":["Force Field+1","Stack+1","Barrage"],"picked":"SKIP","floor":18},{"not_picked":["Steam Power","Streamline"],"picked":"FTL","floor":21},{"not_picked":["Rainbow","Compile Driver","Double Energy"],"picked":"SKIP","floor":24},{"not_picked":["Turbo","Hologram"],"picked":"Coolheaded+1","floor":28},{"not_picked":["Recycle","Stack","Force Field+1"],"picked":"SKIP","floor":31},{"not_picked":["Meteor Strike","Rainbow"],"picked":"Reboot","floor":33},{"not_picked":["Rebound","Double Energy+1"],"picked":"White Noise+1","floor":35},{"not_picked":["Gash","BootSequence"],"picked":"Capacitor","floor":37},{"not_picked":["Sunder+1","Streamline"],"picked":"Cold Snap","floor":38},{"not_picked":["Tempest","Streamline+1"],"picked":"Barrage+1","floor":39}],"player_experience":1689303,"relics_obtained":[{"floor":9,"key":"Gremlin Horn"},{"floor":11,"key":"Mango"},{"floor":14,"key":"Symbiotic Virus"},{"floor":20,"key":"Red Mask"},{"floor":24,"key":"Omamori"},{"floor":26,"key":"DataDisk"},{"floor":31,"key":"Anchor"},{"floor":34,"key":"Strawberry"},{"floor":34,"key":"Letter Opener"},{"floor":34,"key":"Girya"}],"event_choices":[{"cards_removed":["Defend_B"],"damage_healed":0,"gold_gain":0,"player_choice":"Card Removal","damage_taken":7,"max_hp_gain":0,"max_hp_loss":0,"event_name":"Golden Wing","floor":2,"gold_loss":0},{"damage_healed":17,"gold_gain":0,"player_choice":"Healed","damage_taken":0,"max_hp_gain":0,"max_hp_loss":0,"event_name":"The Cleric","floor":3,"gold_loss":35},{"damage_healed":0,"gold_gain":0,"player_choice":"Ignored","damage_taken":0,"max_hp_gain":0,"max_hp_loss":0,"event_name":"Liars Game","floor":5,"gold_loss":0},{"damage_healed":0,"gold_gain":0,"player_choice":"Box","damage_taken":0,"relics_obtained":["Blood Vial"],"max_hp_gain":0,"max_hp_loss":0,"event_name":"Big Fish","floor":7,"gold_loss":0,"cards_obtained":["Regret"]},{"damage_healed":0,"gold_gain":0,"player_choice":"Fought Bandits","damage_taken":0,"max_hp_gain":0,"max_hp_loss":0,"event_name":"Masked Bandits","floor":20,"gold_loss":0},{"damage_healed":0,"gold_gain":0,"player_choice":"Read","damage_taken":0,"max_hp_gain":0,"max_hp_loss":0,"event_name":"The Library","floor":22,"gold_loss":0,"cards_obtained":["Consume"]},{"damage_healed":0,"gold_gain":0,"player_choice":"Ignored","damage_taken":0,"max_hp_gain":0,"max_hp_loss":0,"event_name":"Mysterious Sphere","floor":36,"gold_loss":0}],"is_beta":false,"boss_relics":[{"not_picked":["Pandora\u0027s Box","FrozenCore"],"picked":"Runic Dome"},{"not_picked":["Busted Crown","Fusion Hammer"],"picked":"Calling Bell"}],"items_purged_floors":[19],"is_endless":false,"potions_floor_spawned":[12,14,16,18,21,28,33,37,38,39],"killed_by":"Nemesis","ascension_level":20}