{"gold_per_floor":[119,119,84,96,5,5,31,50,75,75,108,120,152,152,152,224,224,236,236,336,336,351,113,113,141,164,164,227,202,221,12,12,85,85,105,155,167,217,60,60,87,87,87,155,125,125,151,201,201,201,201,201,201,14,41,41],"floor_reached":56,"playtime":2145,"items_purged":["Strike_B","Strike_B"],"score":1899,"play_id":"879ad7b6-c877-4b3f-b84d-6a224745ddd8","local_time":"20190330155304","is_ascension_mode":true,"campfire_choices":[{"data":"Discovery","floor":6.0,"key":"SMITH"},{"data":"Sunder","floor":10.0,"key":"SMITH"},{"data":"Self Repair","floor":15.0,"key":"SMITH"},{"data":"Electrodynamics","floor":24.0,"key":"SMITH"},{"data":"Coolheaded","floor":27.0,"key":"SMITH"},{"data":"Capacitor","floor":32.0,"key":"SMITH"},{"floor":40.0,"key":"RECALL"},{"floor":42.0,"key":"REST"},{"floor":49.0,"key":"REST"},{"floor":53.0,"key":"REST"}],"neow_cost":"NONE","seed_source_timestamp":101580404911700,"circlet_count":0,"master_deck":["AscendersBane","Defend_B","Defend_B","Defend_B","Defend_B","Zap","Dualcast","Self Repair+1","Discovery+1","Sunder+1","Coolheaded+1","Self Repair","Cold Snap","Meteor Strike","Electrodynamics+1","Multi-Cast","Meteor Strike","Capacitor+1","Echo Form","Conserve Battery+1","Coolheaded","Panacea","Defragment","Thunder Strike","Conserve Battery+1","Cold Snap+1","Double Energy+1"],"special_seed":0,"relics":["Cracked Core","NeowsBlessing","Art of War","Oddly Smooth Stone","Happy Flower","Pantograph","Mercury Hourglass","Snecko Eye","Thread and Needle","Meat on the Bone","SsserpentHead","Bottled Tornado","Bronze Scales","Fusion Hammer","Dream Catcher","Toxic Egg 2","Blood Vial"],"potions_floor_usage":[55,55,56],"damage_taken":[{"damage":0.0,"enemies":"2 Louse","floor":1.0,"turns":1.0},{"damage":0.0,"enemies":"Jaw Worm","floor":4.0,"turns":1.0},{"damage":0.0,"enemies":"Gremlin Nob","floor":7.0,"turns":1.0},{"damage":12.0,"enemies":"Small Slimes","floor":8.0,"turns":4.0},{"damage":19.0,"enemies":"Lagavulin","floor":11.0,"turns":8.0},{"damage":9.0,"enemies":"Red Slaver","floor":12.0,"turns":4.0},{"damage":14.0,"enemies":"3 Sentries","floor":13.0,"turns":5.0},{"damage":14.0,"enemies":"The Guardian","floor":16.0,"turns":10.0},{"damage":3.0,"enemies":"Shell Parasite","floor":18.0,"turns":4.0},{"damage":21.0,"enemies":"Colosseum Slavers","floor":20.0,"turns":3.0},{"damage":22.0,"enemies":"Colosseum Nobs","floor":20.0,"turns":4.0},{"damage":3.0,"enemies":"3 Byrds","floor":22.0,"turns":3.0},{"damage":12.0,"enemies":"Slavers","floor":25.0,"turns":3.0},{"damage":37.0,"enemies":"Shelled Parasite and Fungi","floor":28.0,"turns":3.0},{"damage":0.0,"enemies":"Centurion and Healer","floor":30.0,"turns":2.0},{"damage":20.0,"enemies":"Automaton","floor":33.0,"turns":6.0},{"damage":5.0,"enemies":"3 Darklings","floor":35.0,"turns":2.0},{"damage":0.0,"enemies":"3 Shapes","floor":37.0,"turns":4.0},{"damage":20.0,"enemies":"Giant Head","floor":41.0,"turns":7.0},{"damage":0.0,"enemies":"Jaw Worm Horde","floor":44.0,"turns":2.0},{"damage":31.0,"enemies":"Reptomancer","floor":47.0,"turns":6.0},{"damage":18.0,"enemies":"Awakened One","floor":50.0,"turns":12.0},{"damage":56.0,"enemies":"Time Eater","floor":51.0,"turns":13.0},{"damage":50,"enemies":"Shield and Spear","floor":55,"turns":4},{"damage":104,"enemies":"The Heart","floor":56,"turns":3}],"seed_played":"3038396466397594010","potions_obtained":[{"floor":1.0,"key":"PowerPotion"},{"floor":7.0,"key":"Dexterity Potion"},{"floor":20.0,"key":"EssenceOfSteel"},{"floor":22.0,"key":"GamblersBrew"},{"floor":28.0,"key":"FocusPotion"},{"floor":55,"key":"Regen Potion"}],"is_trial":false,"path_per_floor":["M","?","?","M","$","R","E","M","T","R","E","M","E","$","R","B",null,"M","?","?","?","M","$","R","E","T","R","M","?","M","$","R","B",null,"M","?","M","?","$","R","E","R","T","M","$","$","E","?","R","B","B",null,"R","$","E","B"],"character_chosen":"DEFECT","items_purchased":["Discovery","Electrodynamics","Meteor Strike","Capacitor","PowerPotion","Panacea","Defragment","FocusPotion"],"campfire_rested":3,"item_purchase_floors":[5,23,31,31,39,39,45,54],"current_hp_per_floor":[64,38,55,62,62,62,62,57,57,57,45,50,50,50,50,71,71,71,71,55,55,69,69,69,71,71,71,63,63,63,63,63,71,71,71,67,67,67,67,67,64,67,67,67,67,67,63,63,67,56,57,65,67,67,36,0],"gold":41,"neow_bonus":"THREE_ENEMY_KILL","is_prod":false,"is_daily":false,"chose_seed":false,"campfire_upgraded":6,"win_rate":0,"timestamp":1553928784,"path_taken":["M","?","?","M","$","R","E","M","T","R","E","M","E","$","R","BOSS","M","?","?","?","M","$","R","E","T","R","?","?","M","$","R","BOSS","M","?","M","?","$","R","E","R","T","?","?","$","E","?","R","BOSS","BOSS","R","$","E","BOSS"],"build_version":"2019-01-23","purchased_purges":2,"victory":false,"max_hp_per_floor":[71,71,71,71,71,71,71,71,71,71,71,71,71,71,71,71,71,71,71,71,71,71,71,71,71,71,71,71,71,71,71,71,71,71,71,67,67,67,67,67,67,67,67,67,67,67,67,67,67,67,67,67,67,67,67,67],"card_choices":[{"not_picked":["Hologram","Reprogram"],"picked":"Self Repair","floor":1.0},{"not_picked":["Redo","Barrage","Chaos"],"picked":"SKIP","floor":4.0},{"not_picked":["Ball Lightning","Beam Cell"],"picked":"Sunder","floor":7.0},{"not_picked":["Storm","Go for the Eyes"],"picked":"Coolheaded","floor":8.0},{"not_picked":["Steam Power","Auto Shields"],"picked":"Self Repair","floor":11.0},{"not_picked":["Reprogram","Rebound"],"picked":"Cold Snap","floor":12.0},{"not_picked":["FTL","Stack","Barrage"],"picked":"SKIP","floor":13.0},{"not_picked":["Thunder Strike","All For One"],"picked":"Meteor Strike","floor":16.0},{"not_picked":["Go for the Eyes","Gash","Leap+1"],"picked":"SKIP","floor":18.0},{"not_picked":["Fusion+1","Beam Cell","Rebound"],"picked":"SKIP","floor":22.0},{"not_picked":["Barrage","Gash+1"],"picked":"Multi-Cast","floor":25.0},{"not_picked":["Hello World+1","Beam Cell","Auto Shields"],"picked":"SKIP","floor":28.0},{"not_picked":["Cold Snap","Heatsinks","Leap"],"picked":"SKIP","floor":30.0},{"not_picked":["Amplify","Seek"],"picked":"Echo Form","floor":33.0},{"not_picked":["Ball Lightning","Barrage"],"picked":"Conserve Battery+1","floor":35.0},{"not_picked":["Beam Cell","Barrage+1","Conserve Battery+1"],"picked":"SKIP","floor":37.0},{"not_picked":["FTL+1","Leap","Beam Cell"],"picked":"SKIP","floor":41.0},{"not_picked":["Rip and Tear","Chaos","Stack"],"picked":"SKIP","floor":44.0},{"not_picked":["Scrape","Fusion"],"picked":"Thunder Strike","floor":47.0},{"not_picked":["Cold Snap","Stack+1"],"picked":"Conserve Battery+1","floor":49.0},{"not_picked":["FTL","Fusion+1"],"picked":"Cold Snap+1","floor":53.0},{"not_picked":["Rip and Tear","Gash"],"picked":"Double Energy+1","floor":55}],"player_experience":2748010,"relics_obtained":[{"floor":7.0,"key":"Oddly Smooth Stone"},{"floor":9.0,"key":"Happy Flower"},{"floor":11.0,"key":"Pantograph"},{"floor":13.0,"key":"Mercury Hourglass"},{"floor":20.0,"key":"Thread and Needle"},{"floor":20.0,"key":"Meat on the Bone"},{"floor":25.0,"key":"Bottled Tornado"},{"floor":26.0,"key":"Bronze Scales"},{"floor":41.0,"key":"Dream Catcher"},{"floor":47.0,"key":"Toxic Egg 2"},{"floor":55,"key":"Blood Vial"}],"event_choices":[{"damage_healed":0.0,"max_hp_gain":0.0,"max_hp_loss":0.0,"gold_gain":0.0,"event_name":"Scrap Ooze","player_choice":"Success","floor":2.0,"gold_loss":0.0,"damage_taken":26.0,"relics_obtained":["Art of War"]},{"damage_healed":17.0,"max_hp_gain":0.0,"max_hp_loss":0.0,"gold_gain":0.0,"event_name":"The Cleric","player_choice":"Healed","floor":3.0,"gold_loss":35.0,"damage_taken":0.0},{"damage_healed":0.0,"max_hp_gain":0.0,"max_hp_loss":0.0,"gold_gain":0.0,"event_name":"Ghosts","player_choice":"Ignored","floor":19.0,"gold_loss":0.0,"damage_taken":0.0},{"damage_healed":0.0,"max_hp_gain":0.0,"max_hp_loss":0.0,"gold_gain":0.0,"event_name":"Colosseum","player_choice":"Fight","floor":20.0,"gold_loss":0.0,"damage_taken":0.0},{"damage_healed":0.0,"max_hp_gain":0.0,"max_hp_loss":0.0,"gold_gain":0.0,"event_name":"Colosseum","player_choice":"Fought Nobs","floor":20.0,"gold_loss":0.0,"damage_taken":0.0},{"damage_healed":0.0,"max_hp_gain":0.0,"max_hp_loss":0.0,"gold_gain":0.0,"event_name":"FaceTrader","player_choice":"Trade","floor":21.0,"gold_loss":0.0,"damage_taken":0.0,"relics_obtained":["SsserpentHead"]},{"cards_removed":["Strike_B"],"damage_healed":0.0,"max_hp_gain":0.0,"max_hp_loss":0.0,"gold_gain":0.0,"event_name":"Beggar","player_choice":"Gave Gold","floor":29.0,"gold_loss":75.0,"damage_taken":0.0},{"damage_healed":0.0,"max_hp_gain":0.0,"max_hp_loss":4.0,"gold_gain":0.0,"event_name":"Winding Halls","player_choice":"Max HP","floor":36.0,"gold_loss":0.0,"damage_taken":0.0},{"damage_healed":0.0,"max_hp_gain":0.0,"max_hp_loss":0.0,"gold_gain":0.0,"cards_transformed":["Strike_B"],"event_name":"Transmorgrifier","player_choice":"Transformed","floor":38.0,"gold_loss":0.0,"damage_taken":0.0,"cards_obtained":["Coolheaded"]},{"damage_healed":0.0,"max_hp_gain":0.0,"max_hp_loss":0.0,"gold_gain":0.0,"event_name":"Tomb of Lord Red Mask","player_choice":"Ignored","floor":48.0,"gold_loss":0.0,"damage_taken":0.0}],"is_beta":false,"boss_relics":[{"not_picked":["Pandora\u0027s Box","Runic Pyramid"],"picked":"Snecko Eye"},{"not_picked":["Velvet Choker","Orrery"],"picked":"Fusion Hammer"}],"items_purged_floors":[23,54],"is_endless":false,"potions_floor_spawned":[1,7,11,12,20,22,28,30,35,41,55],"killed_by":"The Heart","ascension_level":20}