{"gold_per_floor":[114,128,128,146,159,159,190,190,190,207,207,223,235,235,235,329,329,350,363,384,659,364,364,398,398,398,419,419,68,68],"floor_reached":30,"playtime":1140,"items_purged":["Regret"],"score":504,"play_id":"d55bafb9-eac4-4ae1-9b84-4ff111083707","local_time":"20190213110906","is_ascension_mode":true,"campfire_choices":[{"data":"Streamline","floor":6.0,"key":"SMITH"},{"data":"Streamline","floor":8.0,"key":"SMITH"},{"data":"Hologram","floor":11.0,"key":"SMITH"},{"data":"Beam Cell","floor":15.0,"key":"SMITH"},{"floor":23.0,"key":"REST"},{"data":"Biased Cognition","floor":25,"key":"SMITH"},{"floor":28,"key":"REST"}],"neow_cost":"NONE","seed_source_timestamp":88390433882100,"circlet_count":0,"master_deck":["AscendersBane","Strike_B","Strike_B","Strike_B","Strike_B","Defend_B","Defend_B","Defend_B","Defend_B","Zap","Dualcast","Beam Cell+1","Cold Snap","Streamline+1","Streamline+1","Self Repair","Hologram+1","White Noise","Biased Cognition+1","Coolheaded","FTL","Escape Plan","Loop"],"special_seed":0,"relics":["Cracked Core","NeowsBlessing","Mummified Hand","FossilizedHelix","Turnip","Golden Idol","Sozu","PrismaticShard","Du-Vu Doll","Thread and Needle","Toxic Egg 2"],"potions_floor_usage":[],"damage_taken":[{"damage":0.0,"enemies":"Cultist","floor":1.0,"turns":1.0},{"damage":0.0,"enemies":"2 Louse","floor":2.0,"turns":1.0},{"damage":0.0,"enemies":"Small Slimes","floor":4.0,"turns":1.0},{"damage":15.0,"enemies":"Gremlin Gang","floor":5.0,"turns":4.0},{"damage":28.0,"enemies":"Gremlin Nob","floor":7.0,"turns":4.0},{"damage":0.0,"enemies":"Exordium Wildlife","floor":10.0,"turns":3.0},{"damage":0.0,"enemies":"2 Fungi Beasts","floor":12.0,"turns":2.0},{"damage":0.0,"enemies":"Blue Slaver","floor":13.0,"turns":2.0},{"damage":32.0,"enemies":"Hexaghost","floor":16.0,"turns":9.0},{"damage":17.0,"enemies":"3 Byrds","floor":18.0,"turns":3.0},{"damage":0.0,"enemies":"Chosen","floor":19.0,"turns":3.0},{"damage":8.0,"enemies":"Snake Plant","floor":20.0,"turns":2.0},{"damage":42,"enemies":"Book of Stabbing","floor":24,"turns":4},{"damage":7,"enemies":"Snecko","floor":27,"turns":5},{"damage":40,"enemies":"Slavers","floor":30,"turns":4}],"seed_played":"-3157941923126068575","potions_obtained":[{"floor":2.0,"key":"FearPotion"},{"floor":4.0,"key":"Poison Potion"},{"floor":10.0,"key":"Explosive Potion"},{"floor":13.0,"key":"AttackPotion"}],"is_trial":false,"path_per_floor":["M","M","?","M","M","R","E","R","T","M","R","M","M","?","R","B",null,"M","M","M","?","$","R","E","R","T","M","R","$","E"],"character_chosen":"DEFECT","items_purchased":["PrismaticShard","Toxic Egg 2","Loop"],"campfire_rested":2,"item_purchase_floors":[22,29,29],"current_hp_per_floor":[64,64,64,64,49,49,21,21,21,28,28,28,35,35,35,10,51,41,48,40,40,40,59,24,24,24,24,43,43,3],"gold":68,"neow_bonus":"THREE_ENEMY_KILL","is_prod":false,"is_daily":false,"chose_seed":false,"campfire_upgraded":5,"win_rate":0,"timestamp":1550023746,"path_taken":["M","?","?","M","M","R","E","R","T","?","R","?","M","?","R","BOSS","M","M","M","?","$","R","E","R","T","?","R","$","E"],"build_version":"2019-01-23","purchased_purges":1,"victory":false,"max_hp_per_floor":[71,71,71,71,71,71,71,71,71,71,71,71,71,64,64,64,64,64,64,64,64,64,64,64,64,64,64,64,64,64],"card_choices":[{"not_picked":["Turbo","Go for the Eyes"],"picked":"Beam Cell","floor":1.0},{"not_picked":["Steam Power","Stack"],"picked":"Cold Snap","floor":2.0},{"not_picked":["Go for the Eyes","Leap"],"picked":"Streamline","floor":4.0},{"not_picked":["Tempest","Beam Cell"],"picked":"Streamline","floor":5.0},{"not_picked":["Melter","Hello World"],"picked":"Self Repair","floor":7.0},{"not_picked":["Ball Lightning","Stack"],"picked":"Hologram","floor":10.0},{"not_picked":["Scrape","Go for the Eyes","Hologram"],"picked":"SKIP","floor":12.0},{"not_picked":["Steam Power","Reprogram"],"picked":"White Noise","floor":13.0},{"not_picked":["Reboot","Rainbow"],"picked":"Biased Cognition","floor":16.0},{"not_picked":["Rebound","Force Field","Rip and Tear"],"picked":"SKIP","floor":18.0},{"not_picked":["Storm","Rebound"],"picked":"Coolheaded","floor":19.0},{"not_picked":["Steam Power","Go for the Eyes"],"picked":"FTL","floor":20.0},{"not_picked":["Pommel Strike","Eviscerate","Poisoned Stab+1"],"picked":"SKIP","floor":24},{"not_picked":["Warcry","Havoc"],"picked":"Escape Plan","floor":27}],"player_experience":1543416,"relics_obtained":[{"floor":7.0,"key":"FossilizedHelix"},{"floor":9.0,"key":"Turnip"},{"floor":24,"key":"Du-Vu Doll"},{"floor":26,"key":"Thread and Needle"}],"event_choices":[{"damage_healed":0.0,"max_hp_gain":0.0,"max_hp_loss":0.0,"gold_gain":0.0,"event_name":"WeMeetAgain","player_choice":"Gave Potion","floor":3.0,"gold_loss":0.0,"damage_taken":0.0,"relics_obtained":["Mummified Hand"]},{"damage_healed":0.0,"max_hp_gain":0.0,"max_hp_loss":7.0,"gold_gain":0.0,"event_name":"Golden Idol","player_choice":"Lose Max HP","floor":14.0,"gold_loss":0.0,"damage_taken":0.0,"relics_obtained":["Golden Idol"]},{"damage_healed":0.0,"max_hp_gain":0.0,"max_hp_loss":0.0,"gold_gain":275.0,"event_name":"Golden Shrine","player_choice":"Desecrate","floor":21.0,"gold_loss":0.0,"damage_taken":0.0,"cards_obtained":["Regret"]}],"is_beta":false,"boss_relics":[{"not_picked":["Runic Pyramid","White Beast Statue"],"picked":"Sozu"}],"items_purged_floors":[22],"is_endless":false,"potions_floor_spawned":[2,4,10,13,20,27],"killed_by":"Slavers","ascension_level":20}