{"gold_per_floor":[144,244,47,92,137,137,182,182,182,278,352,397,397,442,442,742,742,787,122,122,170,215,215,305,350,375,420,465,510,555,600,600,900,900,945,990,1035,1035,1080,1182,1239,1341,1428,119,119,164,209,254,254,254],"floor_reached":51,"playtime":4476,"items_purged":[],"score":954,"play_id":"8c242d78-30d1-41f6-8868-81964c0124b5","local_time":"20190218164639","daily_mods":["Draft","Vintage","Midas"],"is_ascension_mode":false,"campfire_choices":[{"floor":6,"key":"REST"},{"floor":8,"key":"REST"},{"floor":13,"key":"REST"},{"floor":15,"key":"REST"},{"floor":23,"key":"REST"},{"floor":32,"key":"REST"},{"floor":49,"key":"REST"}],"neow_cost":"","seed_source_timestamp":0,"circlet_count":0,"master_deck":["Perfected Strike","Twin Strike","Twin Strike","Perfected Strike+1","Thunderclap","Twin Strike","Whirlwind","Pommel Strike","Heavy Blade+1","Shockwave+1","Metallicize","Pommel Strike","Pommel Strike","Bloodletting+1","Headbutt","Headbutt","Metallicize","Offering+1","Perfected Strike","Metallicize","Pommel Strike","Headbutt","Perfected Strike","Double Tap+1","Flex+1","Juggernaut","Double Tap+1","Finesse+1","Panacea+1","Swift Strike","Twin Strike+1","Battle Trance+1","Panacea+1","Shrug It Off+1","Secret Technique+1"],"special_seed":17945,"relics":["Burning Blood","Vajra","Whetstone","Bottled Tornado","Juzu Bracelet","Happy Flower","Toxic Egg 2","Bag of Marbles","Self Forming Clay","Omamori","Orrery","Ancient Tea Set","Frozen Eye","Mango","Necronomicon","Red Mask","Incense Burner","Bottled Flame","StoneCalendar","Blood Vial","The Courier","Torii","Bronze Scales","Oddly Smooth Stone","Strawberry","Black Star","Centennial Puzzle","Dead Branch","Bird Faced Urn","MawBank","Boot","Ornamental Fan","Pen Nib","Anchor","War Paint","Shuriken","Frozen Egg 2","Dodecahedron","Chemical X","Singing Bowl","Sundial","Potion Belt","Kunai","Lantern","Ice Cream"],"potions_floor_usage":[14,16,16,24,33,40,50,50,50,50,50],"damage_taken":[{"damage":3,"enemies":"Cultist","floor":1,"turns":2},{"damage":8,"enemies":"Jaw Worm","floor":4,"turns":2},{"damage":3,"enemies":"2 Louse","floor":5,"turns":1},{"damage":8,"enemies":"Exordium Wildlife","floor":7,"turns":3},{"damage":7,"enemies":"Gremlin Nob","floor":10,"turns":3},{"damage":4,"enemies":"Looter","floor":12,"turns":2},{"damage":0,"enemies":"3 Louse","floor":14,"turns":2},{"damage":28,"enemies":"The Guardian","floor":16,"turns":5},{"damage":10,"enemies":"Chosen","floor":18,"turns":2},{"damage":3,"enemies":"Masked Bandits","floor":21,"turns":2},{"damage":9,"enemies":"3 Byrds","floor":22,"turns":2},{"damage":0,"enemies":"Slavers","floor":24,"turns":1},{"damage":0,"enemies":"Snake Plant","floor":25,"turns":1},{"damage":3,"enemies":"Centurion and Healer","floor":27,"turns":2},{"damage":0,"enemies":"Shelled Parasite and Fungi","floor":28,"turns":2},{"damage":0,"enemies":"Snake Plant","floor":29,"turns":1},{"damage":0,"enemies":"Centurion and Healer","floor":30,"turns":2},{"damage":6,"enemies":"3 Cultists","floor":31,"turns":2},{"damage":15,"enemies":"Champ","floor":33,"turns":4},{"damage":0,"enemies":"Orb Walker","floor":35,"turns":1},{"damage":0,"enemies":"3 Shapes","floor":36,"turns":2},{"damage":4,"enemies":"Writhing Mass","floor":37,"turns":2},{"damage":14,"enemies":"4 Shapes","floor":39,"turns":3},{"damage":7,"enemies":"Giant Head","floor":40,"turns":4},{"damage":6,"enemies":"Transient","floor":41,"turns":5},{"damage":7,"enemies":"Reptomancer","floor":42,"turns":2},{"damage":0,"enemies":"Writhing Mass","floor":46,"turns":1},{"damage":0,"enemies":"Spire Growth","floor":47,"turns":1},{"damage":11,"enemies":"4 Shapes","floor":48,"turns":2},{"damage":10,"enemies":"Donu and Deca","floor":50,"turns":4}],"seed_played":"-8239529163417230353","potions_obtained":[{"floor":1,"key":"GamblersBrew"},{"floor":10,"key":"LiquidBronze"},{"floor":12,"key":"LiquidBronze"},{"floor":16,"key":"Strength Potion"},{"floor":24,"key":"Explosive Potion"},{"floor":25,"key":"Block Potion"},{"floor":27,"key":"LiquidBronze"},{"floor":29,"key":"LiquidBronze"},{"floor":30,"key":"Block Potion"},{"floor":33,"key":"Explosive Potion"},{"floor":40,"key":"SkillPotion"},{"floor":41,"key":"Regen Potion"},{"floor":46,"key":"Ancient Potion"},{"floor":47,"key":"Dexterity Potion"},{"floor":48,"key":"SpeedPotion"}],"is_trial":false,"path_per_floor":["M","?","$","M","M","R","M","R","T","?","?","M","R","M","R","B",null,"M","$","?","?","M","R","E","M","T","M","M","M","M","M","R","B",null,"M","M","M","?","M","E","M","E","T","$","?","M","M","M","R","B",null],"character_chosen":"IRONCLAD","items_purchased":["Whetstone","Headbutt","Perfected Strike","Double Tap+1","Frozen Eye","Mango","Panacea+1","Shrug It Off+1","Frozen Egg 2","Dodecahedron","Chemical X","Singing Bowl","Sundial","Secret Technique+1","Potion Belt"],"campfire_rested":7,"item_purchase_floors":[3,3,19,19,19,19,44,44,44,44,44,44,44,44,44],"current_hp_per_floor":[80,80,80,78,80,80,78,80,80,79,79,80,80,80,80,58,80,76,90,74,77,74,94,94,94,94,94,94,94,94,101,101,92,101,101,101,101,91,85,90,92,93,93,93,101,101,101,96,101,97],"gold":254,"neow_bonus":"","is_prod":false,"is_daily":true,"chose_seed":false,"campfire_upgraded":0,"win_rate":0,"timestamp":1550475999,"path_taken":["M","?","?","?","M","R","M","R","T","?","?","M","R","M","R","BOSS","M","$","?","?","M","R","E","M","T","M","M","M","M","M","R","BOSS","M","M","M","?","M","E","M","E","T","$","?","M","M","M","R","BOSS"],"build_version":"2019-01-23","purchased_purges":0,"victory":true,"max_hp_per_floor":[80,80,80,80,80,80,80,80,80,80,80,80,80,80,80,80,80,80,94,94,94,94,94,94,94,94,94,94,94,94,101,101,101,101,101,101,101,101,101,101,101,101,101,101,101,101,101,101,101,101],"card_choices":[{"not_picked":["Flex","Headbutt"],"picked":"Perfected Strike","floor":0},{"not_picked":["Hemokinesis","Havoc"],"picked":"Twin Strike","floor":0},{"not_picked":["Wild Strike","Rupture"],"picked":"Twin Strike","floor":0},{"not_picked":["Iron Wave","Second Wind"],"picked":"Perfected Strike","floor":0},{"not_picked":["Carnage","Warcry"],"picked":"Thunderclap","floor":0},{"not_picked":["Shrug It Off","Warcry"],"picked":"Twin Strike","floor":0},{"not_picked":["Cleave","Twin Strike"],"picked":"Whirlwind","floor":0},{"not_picked":["Sword Boomerang","True Grit"],"picked":"Pommel Strike","floor":0},{"not_picked":["Wild Strike","Cleave"],"picked":"Heavy Blade","floor":0},{"not_picked":["Reckless Charge","Evolve"],"picked":"Shockwave","floor":0},{"not_picked":["Iron Wave","Shrug It Off"],"picked":"Metallicize","floor":0},{"not_picked":["Headbutt","Twin Strike"],"picked":"Pommel Strike","floor":0},{"not_picked":["Evolve","Seeing Red"],"picked":"Pommel Strike","floor":0},{"not_picked":["True Grit","Shrug It Off"],"picked":"Bloodletting","floor":0},{"not_picked":["Shrug It Off","Iron Wave"],"picked":"Headbutt","floor":0},{"not_picked":["Carnage","Flame Barrier+1"],"picked":"Metallicize","floor":10},{"not_picked":["Impervious+1","Brutality"],"picked":"Offering+1","floor":16},{"not_picked":["Metallicize","Thunderclap"],"picked":"Perfected Strike","floor":17},{"not_picked":["Reckless Charge","Sword Boomerang"],"picked":"Metallicize","floor":17},{"not_picked":["Rupture","Disarm+1"],"picked":"Pommel Strike","floor":17},{"not_picked":["Power Through+1","Feel No Pain"],"picked":"Headbutt","floor":17},{"not_picked":["Wild Strike","Havoc+1"],"picked":"Flex+1","floor":21},{"not_picked":["Wild Strike","Fiend Fire"],"picked":"Juggernaut","floor":24},{"not_picked":["Dark Embrace","Berserk"],"picked":"Double Tap+1","floor":33},{"not_picked":["Flash of Steel","PanicButton+1"],"picked":"Finesse+1","floor":38},{"not_picked":["Madness+1","Dramatic Entrance"],"picked":"Panacea+1","floor":38},{"not_picked":["Discovery+1","Impatience+1"],"picked":"Swift Strike","floor":38},{"not_picked":["Reaper","Anger"],"picked":"Twin Strike+1","floor":40},{"not_picked":["Offering+1","Intimidate+1"],"picked":"Battle Trance+1","floor":42}],"player_experience":98113,"relics_obtained":[{"floor":1,"key":"Vajra"},{"floor":4,"key":"Bottled Tornado"},{"floor":5,"key":"Juzu Bracelet"},{"floor":7,"key":"Happy Flower"},{"floor":9,"key":"Toxic Egg 2"},{"floor":10,"key":"Bag of Marbles"},{"floor":12,"key":"Self Forming Clay"},{"floor":14,"key":"Omamori"},{"floor":18,"key":"Ancient Tea Set"},{"floor":20,"key":"Necronomicon"},{"floor":21,"key":"Red Mask"},{"floor":22,"key":"Incense Burner"},{"floor":24,"key":"Bottled Flame"},{"floor":25,"key":"StoneCalendar"},{"floor":26,"key":"Blood Vial"},{"floor":27,"key":"The Courier"},{"floor":28,"key":"Torii"},{"floor":29,"key":"Bronze Scales"},{"floor":30,"key":"Oddly Smooth Stone"},{"floor":31,"key":"Strawberry"},{"floor":35,"key":"Centennial Puzzle"},{"floor":36,"key":"Dead Branch"},{"floor":37,"key":"Bird Faced Urn"},{"floor":39,"key":"MawBank"},{"floor":40,"key":"Boot"},{"floor":40,"key":"Ornamental Fan"},{"floor":41,"key":"Pen Nib"},{"floor":42,"key":"Anchor"},{"floor":42,"key":"War Paint"},{"floor":43,"key":"Shuriken"},{"floor":46,"key":"Kunai"},{"floor":47,"key":"Lantern"},{"floor":48,"key":"Ice Cream"}],"event_choices":[{"damage_healed":0,"gold_gain":100,"player_choice":"Pray","damage_taken":0,"max_hp_gain":0,"max_hp_loss":0,"event_name":"Golden Shrine","floor":2,"gold_loss":0},{"damage_healed":0,"gold_gain":30,"player_choice":"Searched \u00272\u0027 times","damage_taken":0,"max_hp_gain":0,"max_hp_loss":0,"event_name":"Dead Adventurer","floor":10,"gold_loss":0},{"damage_healed":0,"gold_gain":74,"player_choice":"Gained Gold","damage_taken":0,"max_hp_gain":0,"max_hp_loss":0,"event_name":"Golden Wing","floor":11,"gold_loss":0},{"damage_healed":0,"gold_gain":0,"player_choice":"Obtained Book","damage_taken":16,"max_hp_gain":0,"max_hp_loss":0,"event_name":"Cursed Tome","floor":20,"gold_loss":0},{"damage_healed":0,"gold_gain":0,"player_choice":"Fought Bandits","damage_taken":0,"max_hp_gain":0,"max_hp_loss":0,"event_name":"Masked Bandits","floor":21,"gold_loss":0},{"damage_healed":0,"gold_gain":0,"player_choice":"Memory 3","damage_taken":10,"max_hp_gain":0,"max_hp_loss":0,"event_name":"SensoryStone","floor":38,"gold_loss":0},{"damage_healed":8,"gold_gain":0,"player_choice":"Full Heal","damage_taken":0,"max_hp_gain":0,"max_hp_loss":0,"event_name":"Wheel of Change","floor":45,"gold_loss":0}],"is_beta":false,"boss_relics":[{"not_picked":["Busted Crown","Mark of Pain"],"picked":"Orrery"},{"not_picked":["Astrolabe","Lizard Tail"],"picked":"Black Star"}],"items_purged_floors":[],"is_endless":false,"potions_floor_spawned":[1,10,12,16,24,25,27,29,30,33,40,41,46,47,48],"ascension_level":0}