{"gold_per_floor":[112,112,130,209,359,359,403,10,10,10,25,25,59,74,74,74],"floor_reached":16,"playtime":388,"items_purged":["Doubt"],"score":266,"play_id":"f8ca8624-42b0-410b-b842-d98bfe809539","local_time":"20190224112325","is_ascension_mode":true,"campfire_choices":[{"data":"Zap","floor":6,"key":"SMITH"},{"data":"Beam Cell","floor":15,"key":"SMITH"}],"neow_cost":"NONE","seed_source_timestamp":344012859464000,"circlet_count":0,"master_deck":["AscendersBane","Strike_B","Strike_B","Strike_B","Defend_B","Defend_B","Defend_B","Defend_B","Zap+1","Dualcast","Gash","Melter","Capacitor","Barrage","Beam Cell+1","Blizzard","Recycle","Gash"],"relics":["Cracked Core","NeowsBlessing","Golden Idol","Prayer Wheel","ClockworkSouvenir","Frozen Egg 2","Pen Nib"],"potions_floor_usage":[16],"damage_taken":[{"damage":0,"enemies":"2 Louse","floor":1,"turns":1},{"damage":0,"enemies":"Jaw Worm","floor":3,"turns":1},{"damage":0,"enemies":"3 Sentries","floor":7,"turns":1},{"damage":2,"enemies":"Small Slimes","floor":11,"turns":3},{"damage":25,"enemies":"Lagavulin","floor":13,"turns":7},{"damage":8,"enemies":"2 Fungi Beasts","floor":14,"turns":3},{"damage":26,"enemies":"Hexaghost","floor":16,"turns":7}],"seed_played":"1414379161797727236","potions_obtained":[{"floor":1,"key":"Energy Potion"},{"floor":13,"key":"AttackPotion"}],"is_trial":false,"path_per_floor":["M","?","M","?","?","R","E","$","T","?","M","?","E","M","R","B"],"character_chosen":"DEFECT","items_purchased":["ClockworkSouvenir","Capacitor"],"campfire_rested":0,"item_purchase_floors":[8,8],"current_hp_per_floor":[64,64,64,64,64,64,64,64,64,64,62,62,37,29,29,3],"gold":74,"neow_bonus":"THREE_ENEMY_KILL","is_prod":false,"is_daily":false,"chose_seed":false,"campfire_upgraded":2,"win_rate":0,"timestamp":1550975005,"path_taken":["M","?","M","?","?","R","E","$","T","?","M","?","E","?","R","BOSS"],"build_version":"2019-01-23","purchased_purges":1,"victory":false,"max_hp_per_floor":[71,64,64,64,64,64,64,64,64,64,64,64,64,64,64,64],"card_choices":[{"not_picked":["Chaos","Sweeping Beam"],"picked":"Gash","floor":1},{"not_picked":["Sweeping Beam","Recycle"],"picked":"Melter","floor":3},{"not_picked":["Go for the Eyes","Force Field","Steam Power"],"picked":"SKIP","floor":7},{"not_picked":["Stack","Amplify"],"picked":"Barrage","floor":11},{"not_picked":["Sweeping Beam","Auto Shields"],"picked":"Beam Cell","floor":11},{"not_picked":["Leap","Turbo"],"picked":"Recycle","floor":13},{"not_picked":["Redo","Doom and Gloom"],"picked":"Gash","floor":14},{"not_picked":["Stack","Double Energy","Sweeping Beam"],"picked":"SKIP","floor":14}],"player_experience":1785003,"relics_obtained":[{"floor":7,"key":"Prayer Wheel"},{"floor":9,"key":"Frozen Egg 2"},{"floor":13,"key":"Pen Nib"}],"event_choices":[{"damage_healed":0,"gold_gain":0,"player_choice":"Lose Max HP","damage_taken":0,"relics_obtained":["Golden Idol"],"max_hp_gain":0,"max_hp_loss":7,"event_name":"Golden Idol","floor":2,"gold_loss":0},{"damage_healed":0,"gold_gain":79,"player_choice":"Gained Gold","damage_taken":0,"max_hp_gain":0,"max_hp_loss":0,"event_name":"Golden Wing","floor":4,"gold_loss":0},{"damage_healed":0,"gold_gain":150,"player_choice":"AGREE","damage_taken":0,"max_hp_gain":0,"max_hp_loss":0,"event_name":"Liars Game","floor":5,"gold_loss":0,"cards_obtained":["Doubt"]},{"damage_healed":0,"gold_gain":0,"player_choice":"Leave","damage_taken":0,"max_hp_gain":0,"max_hp_loss":0,"event_name":"The Cleric","floor":10,"gold_loss":0},{"damage_healed":0,"gold_gain":0,"cards_transformed":["Strike_B"],"player_choice":"Transformed","damage_taken":0,"max_hp_gain":0,"max_hp_loss":0,"event_name":"Transmorgrifier","floor":12,"gold_loss":0,"cards_obtained":["Blizzard"]}],"is_beta":false,"boss_relics":[],"items_purged_floors":[8],"is_endless":false,"potions_floor_spawned":[1,13,14],"killed_by":"Hexaghost","ascension_level":20}