{"gold_per_floor":[111,32,32,58,133,164,164,189,189,189,189,214,214,227,227,301,301,316,316],"floor_reached":19,"playtime":426,"items_purged":[],"score":462,"play_id":"f2ed97d8-ec37-4418-b935-87f4cf362044","local_time":"20190425190218","is_ascension_mode":true,"campfire_choices":[{"data":"True Grit","floor":7,"key":"SMITH"},{"data":"Bash","floor":10,"key":"SMITH"},{"data":"Cleave","floor":13,"key":"SMITH"},{"data":"Feel No Pain","floor":15,"key":"SMITH"}],"neow_cost":"NONE","seed_source_timestamp":285224716921300,"circlet_count":0,"master_deck":["AscendersBane","Strike_R+1","Strike_R","Strike_R","Strike_R","Strike_R","Defend_R","Defend_R","Defend_R","Defend_R","Bash+1","Seeing Red+1","Feel No Pain+1","True Grit+1","Shrug It Off","Cleave+1","Feel No Pain","Juggernaut","Second Wind"],"relics":["Burning Blood","NeowsBlessing","Pen Nib","Mango","Champion Belt","WingedGreaves","Philosopher\u0027s Stone"],"potions_floor_usage":[16,16],"damage_taken":[{"damage":0,"enemies":"Small Slimes","floor":1,"turns":1},{"damage":0,"enemies":"3 Sentries","floor":6,"turns":2},{"damage":0,"enemies":"Gremlin Nob","floor":8,"turns":1},{"damage":14,"enemies":"3 Sentries","floor":12,"turns":16},{"damage":6,"enemies":"Jaw Worm","floor":14,"turns":2},{"damage":27,"enemies":"Slime Boss","floor":16,"turns":8},{"damage":16,"enemies":"Chosen","floor":18,"turns":4},{"damage":71,"enemies":"Masked Bandits","floor":19,"turns":3}],"seed_played":"-4440629665267236992","potions_obtained":[{"floor":1,"key":"SkillPotion"},{"floor":8,"key":"Ancient Potion"},{"floor":14,"key":"SteroidPotion"}],"is_trial":false,"path_per_floor":["M","$","?","T","?","E","R","E","T","R","?","E","R","M","R","B",null,"M","?"],"character_chosen":"IRONCLAD","items_purchased":["Feel No Pain"],"campfire_rested":0,"item_purchase_floors":[2],"current_hp_per_floor":[74,74,51,51,40,60,60,66,66,66,71,63,63,63,63,42,81,71,0],"gold":316,"neow_bonus":"THREE_ENEMY_KILL","is_prod":false,"is_daily":false,"chose_seed":false,"campfire_upgraded":4,"win_rate":0,"timestamp":1556186538,"path_taken":["M","$","?","?","?","E","R","E","T","R","?","E","R","M","R","BOSS","M","?"],"build_version":"2019-01-23","purchased_purges":0,"victory":false,"max_hp_per_floor":[75,75,75,75,75,89,89,89,89,89,94,94,94,94,94,94,94,94,94],"card_choices":[{"not_picked":["Thunderclap","Headbutt"],"picked":"Seeing Red","floor":1},{"not_picked":["Pommel Strike","Power Through"],"picked":"True Grit","floor":6},{"not_picked":["Warcry","Armaments"],"picked":"Shrug It Off","floor":8},{"not_picked":["Fire Breathing","Metallicize"],"picked":"Cleave","floor":12},{"not_picked":["Pommel Strike","True Grit"],"picked":"Feel No Pain","floor":14},{"not_picked":["Dark Embrace","Bludgeon"],"picked":"Juggernaut","floor":16},{"not_picked":["Perfected Strike","Flame Barrier"],"picked":"Second Wind","floor":18}],"player_experience":3372539,"relics_obtained":[{"floor":4,"key":"Pen Nib"},{"floor":6,"key":"Mango"},{"floor":9,"key":"Champion Belt"},{"floor":12,"key":"WingedGreaves"}],"event_choices":[{"damage_healed":0,"gold_gain":0,"player_choice":"Entered Light","damage_taken":23,"max_hp_gain":0,"max_hp_loss":0,"event_name":"Shining Light","floor":3,"gold_loss":0,"cards_upgraded":["Strike_R","Seeing Red"]},{"damage_healed":0,"gold_gain":75,"player_choice":"Gather Gold","damage_taken":11,"max_hp_gain":0,"max_hp_loss":0,"event_name":"World of Goop","floor":5,"gold_loss":0},{"damage_healed":0,"gold_gain":0,"player_choice":"Donut","damage_taken":0,"max_hp_gain":5,"max_hp_loss":0,"event_name":"Big Fish","floor":11,"gold_loss":0},{"damage_healed":0,"gold_gain":0,"player_choice":"Fought Bandits","damage_taken":0,"max_hp_gain":0,"max_hp_loss":0,"event_name":"Masked Bandits","floor":19,"gold_loss":0}],"is_beta":false,"boss_relics":[{"not_picked":["Lizard Tail","Fusion Hammer"],"picked":"Philosopher\u0027s Stone"}],"items_purged_floors":[],"is_endless":false,"potions_floor_spawned":[1,8,14],"killed_by":"Masked Bandits","ascension_level":20}