{"gold_per_floor":[118,118,118,193,207,207,219,219,219,219,247,267,300,312,312,386,386,398,448,22,22,41,41,76,1,53,71,71,85,85,100,100,100],"floor_reached":33,"playtime":1184,"items_purged":[],"score":550,"play_id":"fc0cdfbd-b562-410b-ab3a-ecf1f23be26f","local_time":"20190319214059","is_ascension_mode":true,"campfire_choices":[{"data":"Streamline","floor":6,"key":"SMITH"},{"floor":10,"key":"REST"},{"floor":15,"key":"REST"},{"data":"Sunder","floor":23,"key":"SMITH"},{"floor":28,"key":"REST"},{"data":"Seek","floor":30,"key":"SMITH"},{"floor":32,"key":"REST"}],"neow_cost":"NONE","seed_source_timestamp":10228665160000,"circlet_count":0,"master_deck":["AscendersBane","Strike_B+1","Defend_B","Zap+1","Dualcast","Streamline+1","Glacier","White Noise","Tempest","Glacier","Cold Snap","Turbo","Seek+1","Doom and Gloom+1","Coolheaded+1","Skim+1","Sunder+1","White Noise","Barrage","Go for the Eyes+1","Self Repair"],"relics":["Cracked Core","NeowsBlessing","Orichalcum","Pear","Dream Catcher","Regal Pillow","Astrolabe","DataDisk","Bottled Lightning","Mummified Hand"],"potions_floor_usage":[11,24,27],"damage_taken":[{"damage":0,"enemies":"2 Louse","floor":1,"turns":1},{"damage":0,"enemies":"Small Slimes","floor":5,"turns":1},{"damage":0,"enemies":"Jaw Worm","floor":7,"turns":1},{"damage":22,"enemies":"Gremlin Nob","floor":11,"turns":5},{"damage":3,"enemies":"Blue Slaver","floor":12,"turns":4},{"damage":13,"enemies":"3 Sentries","floor":13,"turns":13},{"damage":11,"enemies":"Exordium Thugs","floor":14,"turns":4},{"damage":44,"enemies":"The Guardian","floor":16,"turns":15},{"damage":24,"enemies":"3 Byrds","floor":18,"turns":5},{"damage":3,"enemies":"Spheric Guardian","floor":22,"turns":7},{"damage":24,"enemies":"Slavers","floor":24,"turns":6},{"damage":0,"enemies":"Cultist and Chosen","floor":27,"turns":6},{"damage":5,"enemies":"Snake Plant","floor":29,"turns":3},{"damage":1,"enemies":"Centurion and Healer","floor":31,"turns":7},{"damage":94,"enemies":"Automaton","floor":33,"turns":12}],"seed_played":"-8204761142116079053","potions_obtained":[{"floor":7,"key":"Ancient Potion"},{"floor":13,"key":"Dexterity Potion"},{"floor":14,"key":"Energy Potion"},{"floor":24,"key":"EssenceOfSteel"},{"floor":31,"key":"Explosive Potion"}],"is_trial":false,"path_per_floor":["M","?","?","?","M","R","M","?","T","R","E","M","E","M","R","B",null,"M","?","$","?","M","R","E","?","T","M","R","M","R","M","R","B"],"character_chosen":"DEFECT","items_purchased":["DataDisk","Bottled Lightning"],"campfire_rested":4,"item_purchase_floors":[20,20],"current_hp_per_floor":[64,64,43,32,32,32,32,21,31,55,33,30,17,6,45,1,61,37,37,37,37,34,34,10,10,10,10,49,51,51,57,81,0],"gold":100,"neow_bonus":"THREE_ENEMY_KILL","is_prod":false,"is_daily":false,"chose_seed":false,"campfire_upgraded":3,"win_rate":0,"timestamp":1552999259,"path_taken":["M","?","?","?","?","R","M","?","T","R","E","M","E","M","R","BOSS","M","?","$","?","M","R","E","?","T","M","R","?","R","M","R","BOSS"],"build_version":"2019-01-23","purchased_purges":0,"victory":false,"max_hp_per_floor":[71,71,71,71,71,71,71,71,81,81,81,81,81,81,81,81,81,81,81,81,81,81,81,81,81,81,81,81,81,81,81,81,81],"card_choices":[{"not_picked":["Rebound","Conserve Battery"],"picked":"Streamline","floor":1},{"not_picked":["Streamline","Tempest"],"picked":"Glacier","floor":5},{"not_picked":["Loop","Chill"],"picked":"White Noise","floor":7},{"not_picked":["Ball Lightning","Meteor Strike"],"picked":"Tempest","floor":11},{"not_picked":["Cold Snap","Compile Driver"],"picked":"Glacier","floor":12},{"not_picked":["Reprogram","Redo","Rebound"],"picked":"SKIP","floor":13},{"not_picked":["Turbo","Go for the Eyes"],"picked":"Cold Snap","floor":14},{"not_picked":["Gash","Skim"],"picked":"Turbo","floor":15},{"not_picked":["Multi-Cast","Machine Learning"],"picked":"Seek","floor":16},{"not_picked":["Darkness","Streamline"],"picked":"Sunder","floor":18},{"not_picked":["Leap","Hologram"],"picked":"Go for the Eyes+1","floor":22},{"not_picked":["Chaos","Go for the Eyes","Fusion"],"picked":"SKIP","floor":24},{"not_picked":["Sweeping Beam","Compile Driver+1"],"picked":"Self Repair","floor":27},{"not_picked":["Aggregate","Ball Lightning","Gash"],"picked":"SKIP","floor":29},{"not_picked":["Barrage","Ball Lightning","Hyperbeam"],"picked":"SKIP","floor":31}],"player_experience":2385653,"relics_obtained":[{"floor":9,"key":"Pear"},{"floor":11,"key":"Dream Catcher"},{"floor":13,"key":"Regal Pillow"},{"floor":24,"key":"Mummified Hand"}],"event_choices":[{"damage_healed":0,"gold_gain":0,"player_choice":"Leave","damage_taken":0,"max_hp_gain":0,"max_hp_loss":0,"event_name":"The Cleric","floor":2,"gold_loss":0},{"damage_healed":0,"gold_gain":0,"player_choice":"Entered Light","damage_taken":21,"max_hp_gain":0,"max_hp_loss":0,"event_name":"Shining Light","floor":3,"gold_loss":0,"cards_upgraded":["Strike_B","Zap"]},{"damage_healed":0,"gold_gain":75,"player_choice":"Gather Gold","damage_taken":11,"max_hp_gain":0,"max_hp_loss":0,"event_name":"World of Goop","floor":4,"gold_loss":0},{"damage_healed":0,"gold_gain":0,"player_choice":"Success","damage_taken":11,"relics_obtained":["Orichalcum"],"max_hp_gain":0,"max_hp_loss":0,"event_name":"Scrap Ooze","floor":8,"gold_loss":0},{"damage_healed":0,"gold_gain":50,"player_choice":"Stole From Cult","damage_taken":0,"max_hp_gain":0,"max_hp_loss":0,"event_name":"Nest","floor":19,"gold_loss":0},{"damage_healed":0,"gold_gain":0,"cards_transformed":["Strike_B","Strike_B"],"player_choice":"Became Test Subject","damage_taken":0,"max_hp_gain":0,"max_hp_loss":0,"event_name":"Drug Dealer","floor":21,"gold_loss":0,"cards_obtained":["White Noise","Barrage"]},{"cards_removed":["Defend_B"],"damage_healed":0,"gold_gain":0,"player_choice":"Gave Gold","damage_taken":0,"max_hp_gain":0,"max_hp_loss":0,"event_name":"Beggar","floor":25,"gold_loss":75}],"is_beta":false,"boss_relics":[{"not_picked":["Coffee Dripper","Cursed Key"],"picked":"Astrolabe"}],"items_purged_floors":[],"is_endless":false,"potions_floor_spawned":[7,13,14,16,22,24,31],"killed_by":"Automaton","ascension_level":20}