{"gold_per_floor":[109,121,137,137,47,47,72,72,98,23,38,70,70,17,17,89,89,103,118,118,40,40,40,75,91,117,129,141,181,193,47,47,121,121,139,39,0,0,11,11,21,51,74,101,112,141,141,158,158,158,158,158,158,33,60,60],"floor_reached":57,"playtime":2910,"items_purged":["Defend_B","Shame","Strike_B"],"score":2793,"play_id":"8b582eb4-00c5-4cc9-9e96-8cc638b28c1c","local_time":"20190211115410","is_ascension_mode":true,"campfire_choices":[{"data":"Consume","floor":6.0,"key":"SMITH"},{"data":"Zap","floor":13.0,"key":"SMITH"},{"data":"Coolheaded","floor":15.0,"key":"SMITH"},{"data":"Defragment","floor":23.0,"key":"SMITH"},{"floor":28.0,"key":"REST"},{"data":"Loop","floor":32.0,"key":"SMITH"},{"data":"Creative AI","floor":40.0,"key":"SMITH"},{"floor":47.0,"key":"RECALL"},{"floor":49.0,"key":"REST"},{"data":"Loop","floor":53.0,"key":"SMITH"}],"neow_cost":"CURSE","seed_source_timestamp":493002027284400,"circlet_count":0,"master_deck":["AscendersBane","Strike_B","Strike_B","Strike_B","Defend_B","Defend_B","Defend_B","Zap+1","Dualcast","Cold Snap","Cold Snap","Consume+1","Glacier","Coolheaded+1","Biased Cognition","Coolheaded","Defragment+1","Creative AI+1","Loop+1","Loop+1","Echo Form","BootSequence","Loop"],"special_seed":0,"relics":["Cracked Core","Thread and Needle","Regal Pillow","Orichalcum","Emotion Chip","Sozu","DataDisk","Strawberry","MawBank","Enchiridion","Vajra","Meat on the Bone","Bag of Preparation","Inserter","Red Mask","Cables","Blood Vial","Oddly Smooth Stone","Boot","Bag of Marbles"],"potions_floor_usage":[56],"damage_taken":[{"damage":0.0,"enemies":"Cultist","floor":1.0,"turns":3.0},{"damage":5.0,"enemies":"Small Slimes","floor":2.0,"turns":3.0},{"damage":3.0,"enemies":"Jaw Worm","floor":3.0,"turns":5.0},{"damage":4.0,"enemies":"Lagavulin","floor":7.0,"turns":8.0},{"damage":8.0,"enemies":"Lots of Slimes","floor":11.0,"turns":6.0},{"damage":13.0,"enemies":"Gremlin Nob","floor":12.0,"turns":6.0},{"damage":0.0,"enemies":"Slime Boss","floor":16.0,"turns":8.0},{"damage":5.0,"enemies":"3 Byrds","floor":18.0,"turns":6.0},{"damage":0.0,"enemies":"Chosen","floor":19.0,"turns":4.0},{"damage":14.0,"enemies":"Book of Stabbing","floor":24.0,"turns":7.0},{"damage":0.0,"enemies":"Snecko","floor":25.0,"turns":6.0},{"damage":19.0,"enemies":"Slavers","floor":29.0,"turns":6.0},{"damage":19.0,"enemies":"Collector","floor":33.0,"turns":10.0},{"damage":0.0,"enemies":"Orb Walker","floor":35.0,"turns":4.0},{"damage":0.0,"enemies":"3 Darklings","floor":39.0,"turns":8.0},{"damage":9.0,"enemies":"Writhing Mass","floor":41.0,"turns":6.0},{"damage":7.0,"enemies":"Reptomancer","floor":42.0,"turns":5.0},{"damage":2.0,"enemies":"Nemesis","floor":44.0,"turns":7.0},{"damage":0.0,"enemies":"Maw","floor":45.0,"turns":7.0},{"damage":24.0,"enemies":"Reptomancer","floor":46.0,"turns":8.0},{"damage":11.0,"enemies":"Jaw Worm Horde","floor":48.0,"turns":8.0},{"damage":1.0,"enemies":"Donu and Deca","floor":50.0,"turns":12.0},{"damage":6.0,"enemies":"Time Eater","floor":51.0,"turns":17.0},{"damage":26.0,"enemies":"Shield and Spear","floor":55.0,"turns":11.0},{"damage":49,"enemies":"The Heart","floor":56,"turns":12}],"seed_played":"2958043204391039270","potions_obtained":[{"floor":3.0,"key":"SteroidPotion"},{"floor":12.0,"key":"Explosive Potion"},{"floor":16.0,"key":"Energy Potion"}],"is_trial":false,"path_per_floor":["M","M","M","?","$","R","E","$","T","$","M","E","R","$","R","B",null,"M","M","?","$","?","R","E","M","T","?","R","E","T","$","R","B",null,"M","$","?","?","M","R","M","E","T","E","M","E","R","M","R","B","B",null,"R","$","E","B",null],"character_chosen":"DEFECT","items_purchased":["Consume","Fire Potion","PowerPotion","Defragment","Bag of Preparation"],"campfire_rested":2,"item_purchase_floors":[5,5,14,21,31],"current_hp_per_floor":[64,59,56,49,49,49,45,45,45,45,37,24,24,24,24,24,59,54,54,54,54,54,54,47,47,47,26,64,45,45,45,45,38,68,68,68,68,68,68,68,59,52,52,52,54,44,44,47,78,77,72,77,77,77,52,17],"gold":60,"neow_bonus":"ONE_RARE_RELIC","is_prod":false,"is_daily":false,"chose_seed":false,"campfire_upgraded":7,"win_rate":0,"timestamp":1549853650,"path_taken":["M","M","?","?","$","R","E","$","T","$","M","E","R","?","R","BOSS","M","?","?","?","?","R","E","M","T","?","R","E","?","$","R","BOSS","M","$","?","?","?","R","M","E","T","E","M","E","R","?","R","BOSS","BOSS","R","$","E","BOSS"],"build_version":"2019-01-23","purchased_purges":3,"victory":true,"max_hp_per_floor":[71,71,71,71,71,71,71,71,71,71,71,71,71,71,71,71,71,71,71,71,71,71,71,78,78,78,78,78,78,78,78,78,78,78,78,78,78,78,78,78,78,78,78,78,78,78,78,78,78,78,78,78,78,78,78,78],"card_choices":[{"not_picked":["Go for the Eyes","Redo","Undo"],"picked":"SKIP","floor":1.0},{"not_picked":["Beam Cell","Reprogram"],"picked":"Cold Snap","floor":2.0},{"not_picked":["Redo","Recycle"],"picked":"Cold Snap","floor":3.0},{"not_picked":["Hyperbeam","Go for the Eyes"],"picked":"Glacier","floor":7.0},{"not_picked":["Sweeping Beam","Hologram","Rebound"],"picked":"SKIP","floor":11.0},{"not_picked":["Tempest","Recycle"],"picked":"Coolheaded","floor":12.0},{"not_picked":["Fission","Buffer"],"picked":"Biased Cognition","floor":16.0},{"not_picked":["Steam Power+1","Conserve Battery","Auto Shields"],"picked":"SKIP","floor":18.0},{"not_picked":["Gash","Melter"],"picked":"Coolheaded","floor":19.0},{"not_picked":["Hologram+1","Redo"],"picked":"Creative AI","floor":24.0},{"not_picked":["Chill","Compile Driver"],"picked":"Loop","floor":25.0},{"not_picked":["Go for the Eyes+1","FTL"],"picked":"Loop","floor":29.0},{"not_picked":["Streamline","Storm","Force Field"],"picked":"SKIP","floor":35.0},{"not_picked":["Barrage","Streamline+1","Leap"],"picked":"SKIP","floor":39.0},{"not_picked":["Gash","Go for the Eyes+1","Beam Cell"],"picked":"SKIP","floor":41.0},{"not_picked":["Steam","FTL","Reinforced Body"],"picked":"SKIP","floor":42.0},{"not_picked":["Ball Lightning+1","Barrage"],"picked":"Echo Form","floor":44.0},{"not_picked":["Steam","Beam Cell","Gash"],"picked":"SKIP","floor":45.0},{"not_picked":["White Noise","Skim"],"picked":"BootSequence","floor":46.0},{"not_picked":["Go for the Eyes","Reinforced Body","Heatsinks"],"picked":"SKIP","floor":48.0},{"not_picked":["Recycle","Barrage"],"picked":"Loop","floor":55.0}],"player_experience":1510053,"relics_obtained":[{"floor":7.0,"key":"Regal Pillow"},{"floor":9.0,"key":"Orichalcum"},{"floor":12.0,"key":"Emotion Chip"},{"floor":24.0,"key":"Strawberry"},{"floor":26.0,"key":"MawBank"},{"floor":27.0,"key":"Enchiridion"},{"floor":29.0,"key":"Vajra"},{"floor":30.0,"key":"Meat on the Bone"},{"floor":42.0,"key":"Blood Vial"},{"floor":44.0,"key":"Oddly Smooth Stone"},{"floor":46.0,"key":"Boot"},{"floor":55.0,"key":"Bag of Marbles"}],"event_choices":[{"cards_removed":["Writhe"],"damage_healed":0.0,"max_hp_gain":0.0,"max_hp_loss":0.0,"gold_gain":0.0,"event_name":"Golden Wing","player_choice":"Card Removal","floor":4.0,"gold_loss":0.0,"damage_taken":7.0},{"damage_healed":0.0,"max_hp_gain":0.0,"max_hp_loss":0.0,"gold_gain":0.0,"event_name":"N\u0027loth","player_choice":"Ignored","floor":20.0,"gold_loss":0.0,"damage_taken":0.0},{"damage_healed":0.0,"max_hp_gain":0.0,"max_hp_loss":0.0,"gold_gain":0.0,"event_name":"Addict","player_choice":"Stole Relic","floor":22.0,"gold_loss":0.0,"damage_taken":0.0,"relics_obtained":["DataDisk"],"cards_obtained":["Shame"]},{"damage_healed":0.0,"max_hp_gain":0.0,"max_hp_loss":0.0,"gold_gain":0.0,"event_name":"Cursed Tome","player_choice":"Obtained Book","floor":27.0,"gold_loss":0.0,"damage_taken":21.0},{"damage_healed":0.0,"max_hp_gain":0.0,"max_hp_loss":0.0,"gold_gain":0.0,"event_name":"Tomb of Lord Red Mask","player_choice":"Paid","floor":37.0,"gold_loss":39.0,"damage_taken":0.0,"relics_obtained":["Red Mask"]},{"damage_healed":0.0,"max_hp_gain":0.0,"max_hp_loss":0.0,"gold_gain":0.0,"event_name":"WeMeetAgain","player_choice":"Gave Potion","floor":38.0,"gold_loss":0.0,"damage_taken":0.0,"relics_obtained":["Cables"]}],"is_beta":false,"boss_relics":[{"not_picked":["Ectoplasm","Eternal Feather"],"picked":"Sozu"},{"not_picked":["Runic Dome","Empty Cage"],"picked":"Inserter"}],"items_purged_floors":[10,36,54],"is_endless":false,"potions_floor_spawned":[3,11,12,16,25,29,44,46,48,55],"ascension_level":20}