{"gold_per_floor":[109,109,109,119,18,18,18,18,18,45,63,97,110,127,127,198,198,213,224,224],"floor_reached":20,"playtime":757,"items_purged":[],"score":368,"play_id":"1cb3345a-db06-4d2b-9cec-bd9ea6153be7","local_time":"20190309183247","is_ascension_mode":true,"campfire_choices":[{"data":"Consume","floor":6,"key":"SMITH"},{"data":"Zap","floor":8,"key":"SMITH"},{"data":"Capacitor","floor":15,"key":"SMITH"}],"neow_cost":"CURSE","seed_source_timestamp":29561874437400,"circlet_count":0,"master_deck":["AscendersBane","Strike_B","Strike_B","Strike_B","Strike_B","Defend_B","Defend_B","Defend_B","Defend_B","Zap+1","Dualcast","Consume+1","Capacitor+1","FTL","Genetic Algorithm","Biased Cognition","Coolheaded","Conserve Battery","Amplify","Cold Snap+1","Glacier"],"relics":["Cracked Core","Girya","Meat on the Bone","Happy Flower","Pantograph","Mercury Hourglass","Runic Pyramid"],"potions_floor_usage":[10,10,16,18,20,20],"damage_taken":[{"damage":14,"enemies":"2 Louse","floor":1,"turns":3},{"damage":3,"enemies":"Small Slimes","floor":4,"turns":3},{"damage":20,"enemies":"3 Sentries","floor":10,"turns":6},{"damage":7,"enemies":"Jaw Worm","floor":11,"turns":3},{"damage":28,"enemies":"Lagavulin","floor":12,"turns":7},{"damage":8,"enemies":"Blue Slaver","floor":13,"turns":3},{"damage":7,"enemies":"2 Fungi Beasts","floor":14,"turns":2},{"damage":21,"enemies":"The Guardian","floor":16,"turns":9},{"damage":26,"enemies":"Shell Parasite","floor":18,"turns":4},{"damage":17,"enemies":"Chosen","floor":19,"turns":5},{"damage":25,"enemies":"Masked Bandits","floor":20,"turns":3}],"seed_played":"2325627890987486381","potions_obtained":[{"floor":4,"key":"Strength Potion"},{"floor":12,"key":"Explosive Potion"},{"floor":13,"key":"Ancient Potion"},{"floor":14,"key":"PowerPotion"},{"floor":16,"key":"Energy Potion"},{"floor":19,"key":"Strength Potion"}],"is_trial":false,"path_per_floor":["M","?","?","M","$","R","$","R","T","E","M","E","M","M","R","B",null,"M","M","?"],"character_chosen":"DEFECT","items_purchased":["FTL","AttackPotion"],"campfire_rested":0,"item_purchase_floors":[5,5],"current_hp_per_floor":[50,50,24,33,33,33,33,33,33,25,30,14,18,23,23,39,63,37,32,7],"gold":224,"neow_bonus":"ONE_RARE_RELIC","is_prod":false,"is_daily":false,"chose_seed":false,"campfire_upgraded":3,"win_rate":0,"timestamp":1552123967,"path_taken":["M","?","?","M","$","R","?","R","T","E","?","E","M","M","R","BOSS","M","M","?"],"build_version":"2019-01-23","purchased_purges":0,"victory":false,"max_hp_per_floor":[71,71,71,71,71,71,71,71,71,71,71,71,71,71,71,71,71,71,71,71],"card_choices":[{"not_picked":["Conserve Battery","Go for the Eyes"],"picked":"Consume","floor":1},{"not_picked":["Leap","Reprogram"],"picked":"Capacitor","floor":4},{"not_picked":["Beam Cell","Double Energy"],"picked":"Genetic Algorithm","floor":10},{"not_picked":["Steam Power","Aggregate"],"picked":"Biased Cognition","floor":11},{"not_picked":["Barrage","Heatsinks","Double Energy"],"picked":"SKIP","floor":12},{"not_picked":["Sunder","Streamline"],"picked":"Coolheaded","floor":13},{"not_picked":["Storm","Barrage"],"picked":"Conserve Battery","floor":14},{"not_picked":["Fission","Thunder Strike"],"picked":"Amplify","floor":16},{"not_picked":["Ball Lightning","Turbo+1"],"picked":"Cold Snap+1","floor":18},{"not_picked":["Gash+1","Barrage+1"],"picked":"Glacier","floor":19}],"player_experience":2102909,"relics_obtained":[{"floor":9,"key":"Happy Flower"},{"floor":10,"key":"Pantograph"},{"floor":12,"key":"Mercury Hourglass"}],"event_choices":[{"cards_removed":["Decay"],"damage_healed":0,"gold_gain":0,"player_choice":"Forget","damage_taken":0,"max_hp_gain":0,"max_hp_loss":0,"event_name":"Living Wall","floor":2,"gold_loss":0},{"damage_healed":0,"gold_gain":0,"player_choice":"Success","damage_taken":26,"relics_obtained":["Meat on the Bone"],"max_hp_gain":0,"max_hp_loss":0,"event_name":"Scrap Ooze","floor":3,"gold_loss":0},{"damage_healed":0,"gold_gain":0,"player_choice":"Fought Bandits","damage_taken":0,"max_hp_gain":0,"max_hp_loss":0,"event_name":"Masked Bandits","floor":20,"gold_loss":0}],"is_beta":false,"boss_relics":[{"not_picked":["Orrery","Ectoplasm"],"picked":"Runic Pyramid"}],"items_purged_floors":[],"is_endless":false,"potions_floor_spawned":[4,12,13,14,16,19],"killed_by":"Masked Bandits","ascension_level":20}