{"gold_per_floor":[210,227,227,239,11,11,31,31,78,104,104,117,117,117,117,213,213,226,238,238,418,49,49,68,93,93,93],"floor_reached":27,"playtime":1543,"items_purged":["Defend_R"],"score":370,"play_id":"2a3f8dfc-c90f-4c0d-abda-2fa85b3e2bc7","local_time":"20180920215350","is_ascension_mode":true,"campfire_choices":[{"data":"Bludgeon","floor":6,"key":"SMITH"},{"data":"True Grit","floor":11,"key":"SMITH"},{"data":"Metallicize","floor":13,"key":"SMITH"},{"data":"Bash","floor":15,"key":"SMITH"},{"data":"Inflame","floor":23,"key":"SMITH"}],"neow_cost":"NONE","seed_source_timestamp":280493979707291,"circlet_count":0,"master_deck":["Strike_R","Strike_R","Strike_R","Strike_R","Defend_R","Defend_R","Defend_R","Bash+1","AscendersBane","True Grit+1","Shrug It Off","Metallicize+1","Bludgeon+1","Clothesline","Pommel Strike","Reaper","Flame Barrier+1","Inflame+1"],"relics":["Burning Blood","Centennial Puzzle","Lantern","Pantograph","Coffee Dripper","Vajra","Oddly Smooth Stone","Question Card","Paper Frog"],"potions_floor_usage":[10,16,25,25],"damage_taken":[{"damage":0,"enemies":"2 Louse","floor":1,"turns":3},{"damage":7,"enemies":"Jaw Worm","floor":2,"turns":4},{"damage":1,"enemies":"Small Slimes","floor":4,"turns":4},{"damage":3,"enemies":"Looter","floor":7,"turns":2},{"damage":21,"enemies":"3 Sentries","floor":10,"turns":8},{"damage":0,"enemies":"Blue Slaver","floor":12,"turns":3},{"damage":35,"enemies":"Hexaghost","floor":16,"turns":8},{"damage":28,"enemies":"2 Thieves","floor":18,"turns":4},{"damage":8,"enemies":"Spheric Guardian","floor":19,"turns":8},{"damage":0,"enemies":"Centurion and Healer","floor":24,"turns":6},{"damage":20,"enemies":"Book of Stabbing","floor":25,"turns":5},{"damage":62,"enemies":"Gremlin Leader","floor":27,"turns":9}],"seed_played":"-4750463624732294934","potions_obtained":[{"floor":1,"key":"LiquidBronze"},{"floor":2,"key":"SkillPotion"},{"floor":12,"key":"SpeedPotion"},{"floor":18,"key":"FearPotion"},{"floor":24,"key":"Explosive Potion"}],"is_trial":false,"path_per_floor":["M","M","?","M","$","R","M","?","T","E","R","M","R","?","R","B",null,"M","M","?","?","$","R","M","E","T"],"character_chosen":"IRONCLAD","items_purchased":["Bludgeon","Vajra","Oddly Smooth Stone","Inflame"],"campfire_rested":0,"item_purchase_floors":[5,22,22,22],"current_hp_per_floor":[78,77,70,75,75,75,78,78,78,63,63,69,69,69,69,51,73,61,59,44,20,20,20,36,30,30,0],"gold":93,"neow_bonus":"HUNDRED_GOLD","is_prod":false,"is_daily":false,"chose_seed":false,"campfire_upgraded":5,"win_rate":0,"timestamp":1537451630,"path_taken":["M","M","?","M","$","R","M","?","T","E","R","?","R","?","R","BOSS","M","M","?","?","$","R","?","E","T","E"],"build_version":"2018-09-19","purchased_purges":1,"victory":false,"max_hp_per_floor":[80,80,80,80,80,80,80,80,80,80,80,80,80,80,80,80,80,80,80,85,85,85,85,85,85,85,85],"card_choices":[{"not_picked":["Havoc","Twin Strike"],"picked":"True Grit","floor":1},{"not_picked":["Clothesline","Flex"],"picked":"Shrug It Off","floor":2},{"not_picked":["Second Wind","Corruption"],"picked":"Metallicize","floor":4},{"not_picked":["Power Through","Heavy Blade"],"picked":"Clothesline","floor":7},{"not_picked":["Hemokinesis","Sword Boomerang","Intimidate"],"picked":"SKIP","floor":10},{"not_picked":["Second Wind","Dark Embrace"],"picked":"Pommel Strike","floor":12},{"not_picked":["Fiend Fire","Exhume"],"picked":"Reaper","floor":16},{"not_picked":["Pommel Strike+1","Cleave"],"picked":"Flame Barrier+1","floor":18},{"not_picked":["Power Through","Rupture","Perfected Strike"],"picked":"SKIP","floor":19},{"not_picked":["Hemokinesis","Pommel Strike","Cleave"],"picked":"SKIP","floor":24},{"not_picked":["Havoc","Wild Strike","Perfected Strike"],"picked":"SKIP","floor":25}],"player_experience":484160,"relics_obtained":[{"floor":9,"key":"Lantern"},{"floor":10,"key":"Pantograph"},{"floor":25,"key":"Question Card"},{"floor":26,"key":"Paper Frog"}],"event_choices":[{"event_name":"Scrap Ooze","player_choice":"success","floor":3,"damage_taken":7},{"event_name":"The Cleric","player_choice":"Leave","floor":8,"damage_taken":0},{"event_name":"Purifier","player_choice":"One Purge","floor":14,"damage_taken":0},{"event_name":"Forgotten Altar","player_choice":"Shed Blood","floor":20,"damage_taken":0},{"event_name":"Knowing Skull","player_choice":"GOLD GOLD ","floor":21,"damage_taken":0}],"is_beta":true,"boss_relics":[{"not_picked":["Black Blood","Ectoplasm"],"picked":"Coffee Dripper"}],"items_purged_floors":[5],"is_endless":false,"potions_floor_spawned":[1,2,7,12,18,24],"killed_by":"Gremlin Leader","ascension_level":12}