{"gold_per_floor":[119,132,132,148,73,73,98,98,98,98,98,128,128,141,141,215,215,228,228,228,328,52,102,102,134,134,39,39,74,87,106,106,180,180,191,191,205,205,205,205],"floor_reached":40,"playtime":1425,"items_purged":["Shame"],"score":931,"play_id":"33d5df88-7130-4e58-97fe-6f253eae33e1","local_time":"20190328153726","is_ascension_mode":true,"campfire_choices":[{"data":"Carnage","floor":6.0,"key":"SMITH"},{"data":"Armaments","floor":8.0,"key":"SMITH"},{"data":"Shockwave","floor":11.0,"key":"SMITH"},{"data":"Bash","floor":13.0,"key":"SMITH"},{"data":"Flame Barrier","floor":15.0,"key":"SMITH"},{"data":"Immolate","floor":24.0,"key":"SMITH"},{"floor":32.0,"key":"REST"}],"neow_cost":"CURSE","seed_source_timestamp":47497402661800,"circlet_count":0,"master_deck":["AscendersBane","Bash+1","Carnage+1","Armaments+1","Shockwave+1","Flame Barrier+1","Offering","Armaments","Sentinel","Armaments","Dual Wield","Cleave","Immolate+1","Impervious","Demon Form","Iron Wave","Seeing Red","Armaments+1","Second Wind","Impatience","Second Wind","Demon Form","Evolve+1","Entrench+1"],"special_seed":0,"relics":["Black Blood","Du-Vu Doll","Strawberry","Meat on the Bone","Centennial Puzzle","Pandora\u0027s Box","Bag of Preparation","Nunchaku","Kunai","Sundial","Matryoshka","Bottled Flame","Smiling Mask","Shovel"],"potions_floor_usage":[40],"damage_taken":[{"damage":10.0,"enemies":"Small Slimes","floor":1.0,"turns":4.0},{"damage":1.0,"enemies":"Cultist","floor":2.0,"turns":3.0},{"damage":7.0,"enemies":"Jaw Worm","floor":4.0,"turns":2.0},{"damage":6.0,"enemies":"Gremlin Nob","floor":7.0,"turns":3.0},{"damage":7.0,"enemies":"Lagavulin","floor":12.0,"turns":6.0},{"damage":3.0,"enemies":"Looter","floor":14.0,"turns":3.0},{"damage":22.0,"enemies":"The Guardian","floor":16.0,"turns":11.0},{"damage":16.0,"enemies":"Shell Parasite","floor":18.0,"turns":3.0},{"damage":17.0,"enemies":"Colosseum Slavers","floor":21.0,"turns":3.0},{"damage":6.0,"enemies":"Colosseum Nobs","floor":21.0,"turns":2.0},{"damage":6.0,"enemies":"Gremlin Leader","floor":25.0,"turns":5.0},{"damage":35.0,"enemies":"Slavers","floor":29.0,"turns":5.0},{"damage":14.0,"enemies":"Spheric Guardian","floor":30.0,"turns":5.0},{"damage":24.0,"enemies":"Snake Plant","floor":31.0,"turns":4.0},{"damage":53.0,"enemies":"Automaton","floor":33.0,"turns":10.0},{"damage":22.0,"enemies":"3 Shapes","floor":35.0,"turns":8.0},{"damage":22.0,"enemies":"Orb Walker","floor":37.0,"turns":4.0},{"damage":66,"enemies":"Reptomancer","floor":40,"turns":3}],"seed_played":"-5861524933763863755","potions_obtained":[{"floor":2.0,"key":"AttackPotion"},{"floor":3.0,"key":"Energy Potion"},{"floor":4.0,"key":"Explosive Potion"},{"floor":7.0,"key":"PowerPotion"},{"floor":21.0,"key":"FairyPotion"},{"floor":25.0,"key":"Poison Potion"},{"floor":30.0,"key":"SpeedPotion"},{"floor":35.0,"key":"PowerPotion"}],"is_trial":false,"path_per_floor":["M","M","?","M","$","R","E","R","T","?","R","E","R","M","R","B",null,"M","?","?","?","$","?","R","E","T","$","?","E","M","M","R","B",null,"M","?","M","$","?","E"],"character_chosen":"IRONCLAD","items_purchased":["Sundial","Impatience"],"campfire_rested":1,"item_purchase_floors":[22,27],"current_hp_per_floor":[64,69,69,68,68,68,75,75,75,50,50,49,49,52,52,48,74,64,64,64,53,53,53,53,53,53,53,53,36,40,34,58,23,67,55,55,55,55,55,0],"gold":205,"neow_bonus":"ONE_RARE_RELIC","is_prod":false,"is_daily":false,"chose_seed":false,"campfire_upgraded":6,"win_rate":0,"timestamp":1553755046,"path_taken":["M","M","?","?","?","R","E","R","T","?","R","E","R","M","R","BOSS","M","?","?","?","$","?","R","E","T","?","?","E","M","M","R","BOSS","M","?","M","?","?","E"],"build_version":"2019-01-23","purchased_purges":1,"victory":false,"max_hp_per_floor":[75,75,75,75,75,75,82,82,82,82,82,82,82,82,82,82,82,82,82,82,82,82,82,82,82,82,82,82,82,82,82,82,82,82,82,82,82,82,82,82],"card_choices":[{"not_picked":["Seeing Red","Heavy Blade"],"picked":"Carnage","floor":1.0},{"not_picked":["Sword Boomerang","Perfected Strike"],"picked":"Armaments","floor":2.0},{"not_picked":["Infernal Blade","Body Slam"],"picked":"Shockwave","floor":4.0},{"not_picked":["Twin Strike","Combust","Havoc"],"picked":"SKIP","floor":7.0},{"not_picked":["Sentinel","Pommel Strike","Warcry"],"picked":"SKIP","floor":12.0},{"not_picked":["Sword Boomerang","Warcry"],"picked":"Flame Barrier","floor":14.0},{"not_picked":["Exhume","Reaper"],"picked":"Offering","floor":16.0},{"not_picked":["Combust+1","Intimidate+1"],"picked":"Seeing Red","floor":18.0},{"not_picked":["Combust","Clothesline"],"picked":"Armaments+1","floor":21.0},{"not_picked":["Armaments","Thunderclap"],"picked":"Second Wind","floor":25.0},{"not_picked":["Iron Wave","Pommel Strike+1"],"picked":"Second Wind","floor":29.0},{"not_picked":["Thunderclap","Reckless Charge","Fire Breathing"],"picked":"SKIP","floor":30.0},{"not_picked":["Flex","Havoc","Armaments"],"picked":"SKIP","floor":31.0},{"not_picked":["Bludgeon","Double Tap"],"picked":"Demon Form","floor":33.0},{"not_picked":["Heavy Blade","Blood for Blood"],"picked":"Evolve+1","floor":35.0},{"not_picked":["Burning Pact","Perfected Strike"],"picked":"Entrench+1","floor":37.0}],"player_experience":2673433,"relics_obtained":[{"floor":7.0,"key":"Strawberry"},{"floor":9.0,"key":"Meat on the Bone"},{"floor":12.0,"key":"Centennial Puzzle"},{"floor":21.0,"key":"Nunchaku"},{"floor":21.0,"key":"Kunai"},{"floor":25.0,"key":"Matryoshka"},{"floor":26.0,"key":"Bottled Flame"},{"floor":29.0,"key":"Shovel"}],"event_choices":[{"damage_healed":0.0,"max_hp_gain":0.0,"max_hp_loss":0.0,"gold_gain":0.0,"event_name":"Lab","player_choice":"Got Potions","floor":3.0,"gold_loss":0.0,"damage_taken":0.0},{"damage_healed":0.0,"max_hp_gain":0.0,"max_hp_loss":0.0,"gold_gain":0.0,"event_name":"Shining Light","player_choice":"Entered Light","floor":10.0,"gold_loss":0.0,"damage_taken":25.0,"cards_upgraded":["Defend_R","Strike_R"]},{"damage_healed":0.0,"max_hp_gain":0.0,"max_hp_loss":0.0,"gold_gain":0.0,"event_name":"Vampires","player_choice":"Ignored","floor":19.0,"gold_loss":0.0,"damage_taken":0.0},{"damage_healed":0.0,"max_hp_gain":0.0,"max_hp_loss":0.0,"gold_gain":0.0,"event_name":"The Mausoleum","player_choice":"Opened","floor":20.0,"gold_loss":0.0,"damage_taken":0.0,"relics_obtained":["Bag of Preparation"],"cards_obtained":["Writhe"]},{"damage_healed":0.0,"max_hp_gain":0.0,"max_hp_loss":0.0,"gold_gain":0.0,"event_name":"Colosseum","player_choice":"Fight","floor":21.0,"gold_loss":0.0,"damage_taken":0.0},{"damage_healed":0.0,"max_hp_gain":0.0,"max_hp_loss":0.0,"gold_gain":0.0,"event_name":"Colosseum","player_choice":"Fought Nobs","floor":21.0,"gold_loss":0.0,"damage_taken":0.0},{"damage_healed":0.0,"max_hp_gain":0.0,"max_hp_loss":0.0,"gold_gain":50.0,"event_name":"Nest","player_choice":"Stole From Cult","floor":23.0,"gold_loss":0.0,"damage_taken":0.0},{"damage_healed":0.0,"max_hp_gain":0.0,"max_hp_loss":0.0,"gold_gain":0.0,"event_name":"Addict","player_choice":"Stole Relic","floor":28.0,"gold_loss":0.0,"damage_taken":0.0,"relics_obtained":["Smiling Mask"],"cards_obtained":["Shame"]},{"cards_removed":["Shame","Writhe"],"damage_healed":0.0,"max_hp_gain":0.0,"max_hp_loss":0.0,"gold_gain":0.0,"event_name":"Fountain of Cleansing","player_choice":"Removed Curses","floor":36.0,"gold_loss":0.0,"damage_taken":0.0},{"damage_healed":0,"gold_gain":0,"player_choice":"Ignored","damage_taken":0,"max_hp_gain":0,"max_hp_loss":0,"event_name":"Mysterious Sphere","floor":39,"gold_loss":0}],"is_beta":false,"boss_relics":[{"not_picked":["Sozu","Orrery"],"picked":"Pandora\u0027s Box"},{"not_picked":["Runic Cube","Eternal Feather"],"picked":"Black Blood"}],"items_purged_floors":[5],"is_endless":false,"potions_floor_spawned":[2,4,7,21,21,25,30,31,35,37],"killed_by":"Reptomancer","ascension_level":20}