{"gold_per_floor":[365,379,391,36,48,48,75,75,75,86,86,86,86,117,117,194,194,213,213,224,224,149,149,159,159,183,183],"floor_reached":27,"playtime":776,"items_purged":["BootSequence"],"score":492,"play_id":"595469ec-41c6-4307-8aed-a2ebe6fedc12","local_time":"20190330151113","is_ascension_mode":true,"campfire_choices":[{"floor":6,"key":"REST"},{"floor":8,"key":"REST"},{"data":"Apotheosis","floor":11,"key":"SMITH"},{"floor":13,"key":"REST"},{"floor":15,"key":"REST"},{"data":"Consume","floor":23,"key":"SMITH"},{"floor":25,"key":"REST"}],"neow_cost":"TEN_PERCENT_HP_LOSS","seed_source_timestamp":100768587351900,"circlet_count":0,"master_deck":["AscendersBane","Strike_B","Strike_B","Strike_B","Strike_B","Defend_B","Defend_B","Defend_B","Defend_B","Zap","Dualcast","Lockon","Chaos+1","Apotheosis+1","Coolheaded","Ball Lightning","Electrodynamics","Loop","Consume+1","Chill+1","Glacier","Glacier","Consume"],"relics":["Cracked Core","Juzu Bracelet","Prayer Wheel","Cables","Velvet Choker","Art of War","Vajra"],"potions_floor_usage":[5,10,10,16],"damage_taken":[{"damage":0,"enemies":"Cultist","floor":1,"turns":3},{"damage":1,"enemies":"Small Slimes","floor":2,"turns":3},{"damage":10,"enemies":"Jaw Worm","floor":3,"turns":4},{"damage":34,"enemies":"Lots of Slimes","floor":5,"turns":5},{"damage":32,"enemies":"3 Sentries","floor":7,"turns":7},{"damage":9,"enemies":"Gremlin Gang","floor":10,"turns":5},{"damage":0,"enemies":"Lagavulin","floor":14,"turns":7},{"damage":41,"enemies":"Slime Boss","floor":16,"turns":7},{"damage":14,"enemies":"2 Thieves","floor":18,"turns":3},{"damage":6,"enemies":"Shell Parasite","floor":20,"turns":3},{"damage":14,"enemies":"Snecko","floor":24,"turns":4},{"damage":18,"enemies":"Book of Stabbing","floor":27,"turns":6}],"seed_played":"-8777461155467840720","potions_obtained":[{"floor":2,"key":"Strength Potion"},{"floor":5,"key":"SteroidPotion"},{"floor":7,"key":"Ancient Potion"},{"floor":14,"key":"AttackPotion"},{"floor":24,"key":"Poison Potion"}],"is_trial":false,"path_per_floor":["M","M","M","$","M","R","E","R","T","M","R","?","R","E","R","B",null,"M","T","M","?","$","R","M","R","T","E"],"character_chosen":"DEFECT","items_purchased":["Juzu Bracelet","Apotheosis"],"campfire_rested":5,"item_purchase_floors":[4,4],"current_hp_per_floor":[64,63,53,53,19,38,6,25,25,16,16,16,35,35,54,13,51,37,37,31,31,31,31,17,36,36,18],"gold":183,"neow_bonus":"TWO_FIFTY_GOLD","is_prod":false,"is_daily":false,"chose_seed":false,"campfire_upgraded":2,"win_rate":0,"timestamp":1553926273,"path_taken":["M","M","?","$","M","R","E","R","T","M","R","?","R","E","R","BOSS","M","?","M","?","$","R","M","R","T","E"],"build_version":"2019-01-23","purchased_purges":1,"victory":false,"max_hp_per_floor":[64,64,64,64,64,64,64,64,64,64,64,64,64,64,64,64,64,64,64,64,64,64,64,64,64,64,64],"card_choices":[{"not_picked":["Rebound","Conserve Battery"],"picked":"Lockon","floor":1},{"not_picked":["Beam Cell","Gash"],"picked":"Chaos","floor":2},{"not_picked":["Thunder Strike","Compile Driver","Genetic Algorithm"],"picked":"SKIP","floor":3},{"not_picked":["Compile Driver","Rebound","Auto Shields"],"picked":"SKIP","floor":5},{"not_picked":["Lockon","Scrape"],"picked":"Coolheaded","floor":7},{"not_picked":["Hologram","Barrage"],"picked":"BootSequence","floor":10},{"not_picked":["Barrage","BootSequence","Leap"],"picked":"SKIP","floor":10},{"not_picked":["Sweeping Beam","Hello World"],"picked":"Ball Lightning","floor":14},{"not_picked":["Fission","Amplify"],"picked":"Electrodynamics","floor":16},{"not_picked":["Rebound","Cold Snap"],"picked":"Loop","floor":18},{"not_picked":["Stack","Beam Cell","Hologram"],"picked":"SKIP","floor":18},{"not_picked":["Static Discharge","Beam Cell+1"],"picked":"Consume","floor":20},{"not_picked":["Turbo","Gash"],"picked":"Chill+1","floor":20},{"not_picked":["Cold Snap","Static Discharge"],"picked":"Glacier","floor":24},{"not_picked":["Chaos","Hologram"],"picked":"Consume","floor":24}],"player_experience":2747225,"relics_obtained":[{"floor":7,"key":"Prayer Wheel"},{"floor":14,"key":"Cables"},{"floor":19,"key":"Art of War"},{"floor":26,"key":"Vajra"}],"event_choices":[{"damage_healed":0,"gold_gain":0,"player_choice":"Upgraded","damage_taken":0,"max_hp_gain":0,"max_hp_loss":0,"event_name":"Upgrade Shrine","floor":12,"gold_loss":0,"cards_upgraded":["Chaos"]},{"damage_healed":0,"gold_gain":0,"player_choice":"Read","damage_taken":0,"max_hp_gain":0,"max_hp_loss":0,"event_name":"The Library","floor":21,"gold_loss":0,"cards_obtained":["Glacier"]}],"is_beta":false,"boss_relics":[{"not_picked":["Ectoplasm","Inserter"],"picked":"Velvet Choker"}],"items_purged_floors":[22],"is_endless":false,"potions_floor_spawned":[2,5,7,14,24],"killed_by":"Book of Stabbing","ascension_level":20}