{"gold_per_floor":[114,127,144,144,144,144,163,20,20,20,32,57,57,57,57,131,131,151,168,32,32,32,32,44,44],"floor_reached":25,"playtime":1613,"items_purged":[],"score":429,"play_id":"85c505a0-dbd9-476c-ad50-2984024c93e7","local_time":"20190317190741","is_ascension_mode":true,"campfire_choices":[{"data":"White Noise","floor":6,"key":"SMITH"},{"floor":15,"key":"REST"},{"floor":23,"key":"REST"}],"neow_cost":"NONE","seed_source_timestamp":276178644719064,"circlet_count":0,"master_deck":["AscendersBane","Strike_B","Strike_B","Strike_B","Strike_B","Defend_B","Defend_B","Defend_B","Defend_B","Zap","Dualcast","Amplify","Coolheaded","White Noise+1","Steam","Redo","Cold Snap","Fission+1","Redo","Self Repair","Creative AI","Ball Lightning","Chaos","Capacitor","White Noise+1","Self Repair"],"relics":["Cracked Core","Vajra","Symbiotic Virus","Lizard Tail","MutagenicStrength"],"potions_floor_usage":[12,16,25],"damage_taken":[{"damage":7,"enemies":"Jaw Worm","floor":1,"turns":3},{"damage":2,"enemies":"Small Slimes","floor":2,"turns":3},{"damage":8,"enemies":"2 Louse","floor":3,"turns":3},{"damage":14,"enemies":"Large Slime","floor":7,"turns":6},{"damage":4,"enemies":"2 Fungi Beasts","floor":11,"turns":4},{"damage":0,"enemies":"Lagavulin","floor":12,"turns":5},{"damage":43,"enemies":"Hexaghost","floor":16,"turns":9},{"damage":17,"enemies":"Spheric Guardian","floor":18,"turns":15},{"damage":0,"enemies":"Chosen","floor":19,"turns":3},{"damage":62,"enemies":"Shelled Parasite and Fungi","floor":24,"turns":5},{"damage":65,"enemies":"Gremlin Leader","floor":25,"turns":5}],"seed_played":"745393276950062331","potions_obtained":[{"floor":3,"key":"LiquidBronze"},{"floor":11,"key":"Poison Potion"},{"floor":12,"key":"PowerPotion"},{"floor":16,"key":"SteroidPotion"}],"is_trial":false,"path_per_floor":["M","M","M","?","?","R","M","$","T","?","M","E","?","$","R","B",null,"M","M","$","?","?","R","M","E"],"character_chosen":"DEFECT","items_purchased":["Cold Snap","Fission","PowerPotion","Capacitor"],"campfire_rested":2,"item_purchase_floors":[8,8,20,20],"current_hp_per_floor":[57,55,47,70,70,70,56,56,56,56,52,52,52,52,71,35,62,52,52,52,52,52,71,16,0],"gold":44,"neow_bonus":"ONE_RANDOM_RARE_CARD","is_prod":false,"is_daily":false,"chose_seed":false,"campfire_upgraded":1,"win_rate":0,"timestamp":1552842461,"path_taken":["M","M","M","?","?","R","M","$","T","?","M","E","?","?","R","BOSS","M","M","$","?","?","R","M","E"],"build_version":"2019-01-23","purchased_purges":0,"victory":false,"max_hp_per_floor":[71,71,71,71,71,71,71,71,71,71,71,71,71,71,71,71,71,71,71,71,71,71,71,71,71],"card_choices":[{"not_picked":["Stack","Recycle"],"picked":"Coolheaded","floor":1},{"not_picked":["Beam Cell","Sweeping Beam"],"picked":"White Noise","floor":2},{"not_picked":["Gash","Consume"],"picked":"Steam","floor":3},{"not_picked":["Seek","Stack"],"picked":"Redo","floor":7},{"not_picked":["Cold Snap","Melter"],"picked":"Redo","floor":11},{"not_picked":["Rainbow","Redo"],"picked":"Self Repair","floor":12},{"not_picked":["Amplify","Reboot"],"picked":"Creative AI","floor":16},{"not_picked":["Undo","Barrage"],"picked":"Ball Lightning","floor":18},{"not_picked":["Leap","Steam"],"picked":"Chaos","floor":19},{"not_picked":["Ball Lightning","Leap"],"picked":"Self Repair","floor":24}],"player_experience":1106416,"relics_obtained":[{"floor":9,"key":"Vajra"},{"floor":12,"key":"Symbiotic Virus"}],"event_choices":[{"damage_healed":23,"gold_gain":0,"player_choice":"Banana","damage_taken":0,"max_hp_gain":0,"max_hp_loss":0,"event_name":"Big Fish","floor":4,"gold_loss":0},{"damage_healed":0,"gold_gain":0,"player_choice":"Ignored","damage_taken":0,"max_hp_gain":0,"max_hp_loss":0,"event_name":"Golden Wing","floor":5,"gold_loss":0},{"damage_healed":0,"gold_gain":0,"player_choice":"Ignored","damage_taken":0,"max_hp_gain":0,"max_hp_loss":0,"event_name":"Shining Light","floor":10,"gold_loss":0},{"damage_healed":0,"gold_gain":0,"player_choice":"Grow","damage_taken":0,"max_hp_gain":0,"max_hp_loss":0,"event_name":"Living Wall","floor":13,"gold_loss":0,"cards_upgraded":["Fission"]},{"damage_healed":0,"gold_gain":0,"player_choice":"Inject Mutagens","damage_taken":0,"relics_obtained":["MutagenicStrength"],"max_hp_gain":0,"max_hp_loss":0,"event_name":"Drug Dealer","floor":21,"gold_loss":0},{"damage_healed":0,"gold_gain":0,"player_choice":"Copied","damage_taken":0,"max_hp_gain":0,"max_hp_loss":0,"event_name":"Duplicator","floor":22,"gold_loss":0,"cards_obtained":["White Noise"]}],"is_beta":false,"boss_relics":[{"not_picked":["Snecko Eye","Tiny House"],"picked":"Lizard Tail"}],"items_purged_floors":[],"is_endless":false,"potions_floor_spawned":[3,11,12,16,24],"killed_by":"Gremlin Leader","ascension_level":18}