{"gold_per_floor":[109,109,121,45,62,95,95,130,130,130,185,35,0,18,18,121,121,139,149,149,38,57,57],"floor_reached":23,"playtime":1679,"items_purged":["Injury"],"score":272,"play_id":"d066373b-aa39-4ff0-85fe-ccdf6ee9ee51","local_time":"20180624172416","is_ascension_mode":true,"campfire_choices":[{"floor":7,"key":"REST"},{"floor":10,"key":"REST"},{"floor":15,"key":"REST"}],"neow_cost":"NONE","seed_source_timestamp":110712038118558,"circlet_count":0,"master_deck":["Strike_B","Strike_B","Strike_B","Strike_B","Defend_B","Defend_B","Defend_B","Defend_B","Zap","Dualcast","Beam Cell","White Noise+1","Static Discharge","Coolheaded","Capacitor","Steam","Capacitor","Conserve Battery","Creative AI","Self Repair","Heatsinks","Double Energy","Go for the Eyes","Hologram","Self Repair+1","Double Energy","Static Discharge","Coolheaded+1"],"relics":["Cracked Core","Orichalcum","Matryoshka","Ornamental Fan","Bag of Marbles","Blue Candle","Tiny Chest","Blood Vial","Orrery"],"potions_floor_usage":[16,16,18,19],"damage_taken":[{"damage":6,"enemies":"Jaw Worm","floor":1,"turns":4},{"damage":0,"enemies":"Small Slimes","floor":3,"turns":3},{"damage":1,"enemies":"2 Louse","floor":5,"turns":3},{"damage":11,"enemies":"3 Sentries","floor":6,"turns":7},{"damage":33,"enemies":"Lagavulin","floor":8,"turns":7},{"damage":26,"enemies":"Gremlin Nob","floor":11,"turns":4},{"damage":0,"enemies":"Looter","floor":14,"turns":3},{"damage":27,"enemies":"Slime Boss","floor":16,"turns":11},{"damage":29,"enemies":"Chosen","floor":18,"turns":7},{"damage":18,"enemies":"Shell Parasite","floor":19,"turns":9},{"damage":47,"enemies":"Sentry and Sphere","floor":22,"turns":6},{"damage":26,"enemies":"Book of Stabbing","floor":23,"turns":5}],"seed_played":"534146557155335161","potions_obtained":[{"floor":8,"key":"FocusPotion"},{"floor":11,"key":"FocusPotion"},{"floor":16,"key":"Swift Potion"},{"floor":18,"key":"Swift Potion"}],"is_trial":false,"path_per_floor":["M","?","M","$","M","E","R","E","T","R","E","$","?","M","R","B",null,"M","M","?","$","M"],"character_chosen":"DEFECT","items_purchased":["Static Discharge","Blood Vial","Static Discharge"],"campfire_rested":3,"item_purchase_floors":[4,12,21],"current_hp_per_floor":[62,62,62,62,61,50,72,39,39,61,35,35,53,55,75,48,68,41,59,59,59,24,0],"gold":57,"neow_bonus":"RANDOM_COMMON_RELIC","is_prod":false,"is_daily":false,"chose_seed":false,"campfire_upgraded":0,"win_rate":0,"timestamp":1529850256,"path_taken":["M","?","M","?","M","E","R","E","T","R","E","$","?","M","R","BOSS","M","M","?","$","M","E"],"build_version":"2018-06-21v2","purchased_purges":1,"victory":false,"max_hp_per_floor":[75,75,75,75,75,75,75,75,75,75,75,75,75,75,75,75,75,75,75,75,75,75,75],"card_choices":[{"not_picked":["Go for the Eyes","Turbo"],"picked":"Beam Cell","floor":1},{"not_picked":["Rip and Tear","Steam"],"picked":"White Noise","floor":3},{"not_picked":["Rip and Tear","Streamline"],"picked":"Coolheaded","floor":5},{"not_picked":["Chaos","Hologram"],"picked":"Capacitor","floor":6},{"not_picked":["Go for the Eyes","Leap"],"picked":"Steam","floor":8},{"not_picked":["Force Field","Sunder"],"picked":"Capacitor","floor":11},{"not_picked":["Cold Snap","Beam Cell"],"picked":"Conserve Battery","floor":14},{"not_picked":["Core Surge","Echo Form"],"picked":"Creative AI","floor":16},{"not_picked":["Heatsinks","Recycle"],"picked":"Self Repair","floor":17},{"not_picked":["Double Energy","Leap"],"picked":"Heatsinks","floor":17},{"not_picked":["Leap","Go for the Eyes"],"picked":"Double Energy","floor":17},{"not_picked":["Leap","Lockon"],"picked":"Go for the Eyes","floor":17},{"not_picked":["Coolheaded","Chaos"],"picked":"Hologram","floor":17},{"not_picked":["Beam Cell","Gash"],"picked":"Self Repair+1","floor":18},{"not_picked":["Go for the Eyes+1","Gash+1"],"picked":"Double Energy","floor":19},{"not_picked":["Darkness","Chaos"],"picked":"Coolheaded+1","floor":22}],"player_experience":518526,"relics_obtained":[{"floor":6,"key":"Matryoshka"},{"floor":8,"key":"Ornamental Fan"},{"floor":9,"key":"Bag of Marbles"},{"floor":9,"key":"Blue Candle"},{"floor":11,"key":"Tiny Chest"}],"event_choices":[{"event_name":"Shining Light","player_choice":"Ignored","floor":2,"damage_taken":0},{"event_name":"The Cleric","player_choice":"Healed","floor":13,"damage_taken":0},{"event_name":"Accursed Blacksmith","player_choice":"Forge","floor":20,"damage_taken":0}],"boss_relics":[{"not_picked":["Tiny House","Eternal Feather"],"picked":"Orrery"}],"items_purged_floors":[21],"is_endless":false,"potions_floor_spawned":[8,11,16,18],"killed_by":"Book of Stabbing","ascension_level":6}