{"gold_per_floor":[111,111,3,23,23,57,57,57,112,112,155,236,249,292,292,388,388,407,407,407,431,40,79,79,114,138,176,40,73,73,89,89,185,185,209,15,15,38,371,371,398,498,521,541,574,592,592,606,606,606],"floor_reached":50,"playtime":1720,"items_purged":["Strike_B","Strike_B","Strike_B"],"score":1509,"play_id":"5b7eb82c-6698-4ab3-aa79-9c4933173f79","local_time":"20190325192535","is_ascension_mode":true,"campfire_choices":[{"data":"Zap","floor":7,"key":"SMITH"},{"data":"Rip and Tear","floor":10,"key":"SMITH"},{"floor":15,"key":"REST"},{"data":"Electrodynamics","floor":24,"key":"SMITH"},{"data":"Discovery","floor":32,"key":"SMITH"},{"data":"Seek","floor":40,"key":"SMITH"},{"floor":47,"key":"RECALL"},{"floor":49,"key":"REST"}],"neow_cost":"NONE","seed_source_timestamp":86804549319400,"circlet_count":0,"master_deck":["AscendersBane","Strike_B+1","Defend_B","Defend_B","Defend_B","Zap+1","Dualcast","Rip and Tear+1","Bandage Up","Coolheaded","Electrodynamics+1","Streamline+1","Cold Snap+1","Biased Cognition+1","Cold Snap+1","Ghostly","Ghostly","Ghostly","Turbo","Loop+1","Discovery+1","Seek+1","Capacitor+1","Echo Form+1","Loop+1","Coolheaded","Reboot","White Noise","Double Energy+1","Coolheaded"],"relics":["Cracked Core","NeowsBlessing","Smiling Mask","Molten Egg 2","Omamori","Orichalcum","Strawberry","Frozen Egg 2","Black Star","Centennial Puzzle","Blood Vial","PreservedInsect","Potion Belt","Juzu Bracelet","Dream Catcher","Mango","Lantern","Art of War","Pen Nib","Runic Dome","Letter Opener","Pocketwatch","Peace Pipe","Anchor","Shuriken","Whetstone"],"potions_floor_usage":[11,16,27,33,45],"damage_taken":[{"damage":0,"enemies":"2 Louse","floor":1,"turns":1},{"damage":0,"enemies":"Small Slimes","floor":4,"turns":1},{"damage":0,"enemies":"Lagavulin","floor":6,"turns":1},{"damage":9,"enemies":"Gremlin Nob","floor":11,"turns":3},{"damage":18,"enemies":"3 Sentries","floor":12,"turns":4},{"damage":6,"enemies":"Jaw Worm","floor":13,"turns":2},{"damage":14,"enemies":"3 Sentries","floor":14,"turns":4},{"damage":27,"enemies":"The Guardian","floor":16,"turns":10},{"damage":14,"enemies":"2 Thieves","floor":18,"turns":2},{"damage":2,"enemies":"3 Byrds","floor":21,"turns":2},{"damage":0,"enemies":"Gremlin Leader","floor":23,"turns":5},{"damage":0,"enemies":"Slavers","floor":25,"turns":3},{"damage":18,"enemies":"Gremlin Leader","floor":27,"turns":5},{"damage":0,"enemies":"Book of Stabbing","floor":29,"turns":6},{"damage":0,"enemies":"3 Cultists","floor":31,"turns":3},{"damage":5,"enemies":"Collector","floor":33,"turns":8},{"damage":6,"enemies":"Orb Walker","floor":35,"turns":3},{"damage":5,"enemies":"3 Shapes","floor":38,"turns":4},{"damage":0,"enemies":"Nemesis","floor":41,"turns":6},{"damage":0,"enemies":"Mind Bloom Boss Battle","floor":42,"turns":9},{"damage":0,"enemies":"Maw","floor":44,"turns":7},{"damage":2,"enemies":"Giant Head","floor":45,"turns":7},{"damage":0,"enemies":"Jaw Worm Horde","floor":46,"turns":3},{"damage":24,"enemies":"Spire Growth","floor":48,"turns":6},{"damage":44,"enemies":"Time Eater","floor":50,"turns":8}],"seed_played":"-1958859306274747150","potions_obtained":[{"floor":6,"key":"FearPotion"},{"floor":11,"key":"LiquidBronze"},{"floor":12,"key":"Strength Potion"},{"floor":16,"key":"Swift Potion"},{"floor":25,"key":"AttackPotion"},{"floor":31,"key":"Strength Potion"},{"floor":38,"key":"SpeedPotion"},{"floor":41,"key":"Fire Potion"},{"floor":46,"key":"Ancient Potion"}],"is_trial":false,"path_per_floor":["M","?","$","M","?","E","R","?","T","R","E","?","M","E","R","B",null,"M","?","?","M","$","E","R","E","T","E","$","E","?","M","R","B",null,"M","$","?","M","?","R","E","?","T","M","E","M","R","M","R","B"],"character_chosen":"DEFECT","items_purchased":["Bandage Up","Loop+1","Centennial Puzzle","Discovery","Capacitor+1","Loop+1","Swift Potion"],"campfire_rested":2,"item_purchase_floors":[3,22,22,22,28,36,36],"current_hp_per_floor":[64,46,46,46,46,46,46,39,39,39,30,23,21,11,32,9,56,42,42,35,35,35,35,35,35,35,35,35,41,41,47,47,44,48,43,43,43,47,47,47,47,47,47,47,47,47,47,23,37,0],"gold":606,"neow_bonus":"THREE_ENEMY_KILL","is_prod":false,"is_daily":false,"chose_seed":false,"campfire_upgraded":5,"win_rate":0,"timestamp":1553509535,"path_taken":["M","?","$","M","?","E","R","?","T","R","E","?","M","E","R","BOSS","M","?","?","M","$","E","R","E","T","E","$","E","?","M","R","BOSS","M","$","?","M","?","R","E","?","T","M","E","M","R","M","R","BOSS"],"build_version":"2019-01-23","purchased_purges":3,"victory":false,"max_hp_per_floor":[71,71,71,71,64,64,64,64,64,64,64,71,71,71,71,71,71,71,71,35,35,35,35,35,35,35,49,49,49,49,49,49,49,49,49,49,47,47,47,47,47,47,47,47,47,47,47,47,47,47],"card_choices":[{"not_picked":["Steam","Recycle"],"picked":"Rip and Tear","floor":1},{"not_picked":["Steam","Undo"],"picked":"Coolheaded","floor":4},{"not_picked":["Fusion","Beam Cell","Meteor Strike"],"picked":"SKIP","floor":6},{"not_picked":["Loop","White Noise"],"picked":"Electrodynamics","floor":11},{"not_picked":["Rebound+1","Gash+1"],"picked":"Streamline+1","floor":12},{"not_picked":["Static Discharge","Doom and Gloom+1","Go for the Eyes+1"],"picked":"SKIP","floor":13},{"not_picked":["Darkness","BootSequence"],"picked":"Cold Snap+1","floor":14},{"not_picked":["Fission","Buffer+1"],"picked":"Biased Cognition+1","floor":16},{"not_picked":["Hologram","Hello World+1","Rebound+1"],"picked":"SKIP","floor":18},{"not_picked":["Rip and Tear+1","Heatsinks+1"],"picked":"Turbo","floor":21},{"not_picked":["Auto Shields","Streamline+1","Fusion"],"picked":"SKIP","floor":23},{"not_picked":["Coolheaded","Steam"],"picked":"Seek","floor":25},{"not_picked":["Doom and Gloom+1","Compile Driver+1","Barrage+1"],"picked":"SKIP","floor":27},{"not_picked":["Genetic Algorithm","Aggregate","Rip and Tear+1"],"picked":"SKIP","floor":29},{"not_picked":["Genetic Algorithm","Aggregate","Rip and Tear+1"],"picked":"SKIP","floor":29},{"not_picked":["Chaos","Hologram","Rebound+1"],"picked":"SKIP","floor":31},{"not_picked":["All For One+1","Core Surge+1"],"picked":"Echo Form+1","floor":33},{"not_picked":["Beam Cell+1","Conserve Battery","Turbo"],"picked":"SKIP","floor":35},{"not_picked":["Rebound+1","Redo+1"],"picked":"Coolheaded","floor":38},{"not_picked":["Ball Lightning+1","Streamline+1","Conserve Battery"],"picked":"SKIP","floor":41},{"not_picked":["Cold Snap+1","Chaos"],"picked":"Reboot","floor":42},{"not_picked":["Chaos","Beam Cell+1","Steam"],"picked":"SKIP","floor":44},{"not_picked":["Conserve Battery","Sweeping Beam+1"],"picked":"White Noise","floor":45},{"not_picked":["Auto Shields","Rebound+1"],"picked":"Double Energy+1","floor":46},{"not_picked":["Sunder+1","Leap","Turbo+1"],"picked":"SKIP","floor":48},{"not_picked":["Compile Driver+1","Double Energy"],"picked":"Coolheaded","floor":49}],"player_experience":2574576,"relics_obtained":[{"floor":6,"key":"Molten Egg 2"},{"floor":9,"key":"Omamori"},{"floor":11,"key":"Orichalcum"},{"floor":12,"key":"Strawberry"},{"floor":14,"key":"Frozen Egg 2"},{"floor":23,"key":"Blood Vial"},{"floor":23,"key":"PreservedInsect"},{"floor":25,"key":"Potion Belt"},{"floor":25,"key":"Juzu Bracelet"},{"floor":27,"key":"Dream Catcher"},{"floor":27,"key":"Mango"},{"floor":29,"key":"Lantern"},{"floor":29,"key":"Art of War"},{"floor":41,"key":"Letter Opener"},{"floor":41,"key":"Pocketwatch"},{"floor":42,"key":"Peace Pipe"},{"floor":43,"key":"Anchor"},{"floor":45,"key":"Shuriken"},{"floor":45,"key":"Whetstone"}],"event_choices":[{"damage_healed":0,"gold_gain":0,"player_choice":"Success","damage_taken":18,"relics_obtained":["Smiling Mask"],"max_hp_gain":0,"max_hp_loss":0,"event_name":"Scrap Ooze","floor":2,"gold_loss":0},{"damage_healed":0,"gold_gain":0,"player_choice":"Lose Max HP","damage_taken":0,"relics_obtained":["Golden Idol"],"max_hp_gain":0,"max_hp_loss":7,"event_name":"Golden Idol","floor":5,"gold_loss":0},{"cards_removed":["Defend_B"],"damage_healed":0,"gold_gain":0,"player_choice":"Card Removal","damage_taken":7,"max_hp_gain":0,"max_hp_loss":0,"event_name":"Golden Wing","floor":8,"gold_loss":0},{"damage_healed":0,"gold_gain":0,"player_choice":"Searched \u00271\u0027 times","damage_taken":0,"max_hp_gain":0,"max_hp_loss":0,"event_name":"Dead Adventurer","floor":12,"gold_loss":0},{"damage_healed":0,"gold_gain":0,"player_choice":"Read","damage_taken":0,"max_hp_gain":0,"max_hp_loss":0,"event_name":"The Library","floor":19,"gold_loss":0,"cards_obtained":["Cold Snap"]},{"damage_healed":0,"gold_gain":0,"player_choice":"Became a Ghost","damage_taken":0,"max_hp_gain":0,"max_hp_loss":36,"event_name":"Ghosts","floor":20,"gold_loss":0,"cards_obtained":["Ghostly","Ghostly","Ghostly"]},{"damage_healed":0,"gold_gain":0,"player_choice":"Opened","damage_taken":0,"relics_obtained":["Pen Nib"],"max_hp_gain":0,"max_hp_loss":0,"event_name":"The Mausoleum","floor":30,"gold_loss":0,"cards_obtained":["Writhe"]},{"damage_healed":0,"gold_gain":0,"player_choice":"Max HP","damage_taken":0,"max_hp_gain":0,"max_hp_loss":2,"event_name":"Winding Halls","floor":37,"gold_loss":0},{"damage_healed":0,"gold_gain":333,"player_choice":"Gave Idol","damage_taken":0,"max_hp_gain":0,"max_hp_loss":0,"event_name":"The Moai Head","floor":39,"relics_lost":["Golden Idol"],"gold_loss":0},{"damage_healed":0,"gold_gain":0,"player_choice":"Fight","damage_taken":0,"max_hp_gain":0,"max_hp_loss":0,"event_name":"MindBloom","floor":42,"gold_loss":0}],"is_beta":false,"boss_relics":[{"not_picked":["Ectoplasm","White Beast Statue"],"picked":"Black Star"},{"not_picked":["Fusion Hammer","Tiny House"],"picked":"Runic Dome"}],"items_purged_floors":[22,28,36],"is_endless":false,"potions_floor_spawned":[6,11,12,16,18,23,25,31,38,41,46],"killed_by":"Time Eater","ascension_level":20}