{"gold_per_floor":[115,75,90,101,101,136,136,149,149,182,53,53,86,86,86,86],"floor_reached":16,"playtime":347,"items_purged":["Defend_B"],"score":236,"play_id":"438cfadc-0c2a-4464-8b92-d4d487644add","local_time":"20190315185734","is_ascension_mode":true,"campfire_choices":[{"data":"Streamline","floor":7,"key":"SMITH"},{"data":"Zap","floor":12,"key":"SMITH"},{"data":"Self Repair","floor":15,"key":"SMITH"}],"neow_cost":"NONE","seed_source_timestamp":118333730008500,"circlet_count":0,"master_deck":["AscendersBane","Strike_B","Strike_B","Strike_B","Defend_B","Defend_B","Defend_B","Zap+1","Dualcast","FTL","Streamline+1","Self Repair+1","Coolheaded"],"relics":["Cracked Core","NeowsBlessing","Cables","Darkstone Periapt","Matryoshka","Ornamental Fan"],"potions_floor_usage":[8,13,16,16],"damage_taken":[{"damage":0,"enemies":"Jaw Worm","floor":1,"turns":1},{"damage":0,"enemies":"Cultist","floor":3,"turns":1},{"damage":0,"enemies":"Small Slimes","floor":4,"turns":1},{"damage":29,"enemies":"Lagavulin","floor":6,"turns":6},{"damage":2,"enemies":"3 Louse","floor":8,"turns":2},{"damage":8,"enemies":"Gremlin Nob","floor":10,"turns":3},{"damage":22,"enemies":"3 Sentries","floor":13,"turns":6},{"damage":16,"enemies":"Slime Boss","floor":16,"turns":6}],"seed_played":"5166801616452886757","potions_obtained":[{"floor":2,"key":"Fire Potion"},{"floor":2,"key":"Fire Potion"},{"floor":10,"key":"Poison Potion"},{"floor":13,"key":"Fire Potion"}],"is_trial":false,"path_per_floor":["M","?","M","M","?","E","R","M","T","E","$","R","E","?","R","B"],"character_chosen":"DEFECT","items_purchased":["Coolheaded"],"campfire_rested":0,"item_purchase_floors":[11],"current_hp_per_floor":[64,64,64,64,64,35,35,33,33,32,32,32,17,17,17,1],"gold":86,"neow_bonus":"THREE_ENEMY_KILL","is_prod":false,"is_daily":false,"chose_seed":false,"campfire_upgraded":3,"win_rate":0,"timestamp":1552643854,"path_taken":["M","?","M","?","?","E","R","?","T","E","$","R","E","?","R","BOSS"],"build_version":"2019-01-23","purchased_purges":1,"victory":false,"max_hp_per_floor":[71,71,71,71,71,71,71,71,71,71,71,71,71,71,71,71],"card_choices":[{"not_picked":["Rebound","Sweeping Beam"],"picked":"FTL","floor":1},{"not_picked":["Hello World","Stack"],"picked":"Streamline","floor":3},{"not_picked":["Rebound","Melter","Auto Shields"],"picked":"SKIP","floor":4},{"not_picked":["FTL","Reprogram","Conserve Battery"],"picked":"SKIP","floor":6},{"not_picked":["Rebound","Conserve Battery"],"picked":"Self Repair","floor":8},{"not_picked":["Sweeping Beam","Stack","Compile Driver"],"picked":"SKIP","floor":10},{"not_picked":["Hello World","Ball Lightning","Go for the Eyes"],"picked":"SKIP","floor":13}],"player_experience":2291432,"relics_obtained":[{"floor":6,"key":"Cables"},{"floor":9,"key":"Darkstone Periapt"},{"floor":10,"key":"Matryoshka"},{"floor":13,"key":"Ornamental Fan"}],"event_choices":[{"damage_healed":0,"gold_gain":0,"player_choice":"Bought 3 Potions","damage_taken":0,"max_hp_gain":0,"max_hp_loss":0,"event_name":"The Woman in Blue","floor":2,"gold_loss":0},{"cards_removed":["Strike_B"],"damage_healed":0,"gold_gain":0,"player_choice":"Purged","damage_taken":0,"max_hp_gain":0,"max_hp_loss":0,"event_name":"Purifier","floor":5,"gold_loss":0},{"damage_healed":0,"gold_gain":0,"player_choice":"Ignored","damage_taken":0,"max_hp_gain":0,"max_hp_loss":0,"event_name":"Shining Light","floor":14,"gold_loss":0}],"is_beta":false,"boss_relics":[],"items_purged_floors":[11],"is_endless":false,"potions_floor_spawned":[3,4,10,13],"killed_by":"Slime Boss","ascension_level":20}