{"gold_per_floor":[112,122,47,59,76,76,29,29,97,127,146,146,46,57,57,153,153,170,10,109,109,124,124,151,1,28,28,40,75,95,105,105,105],"floor_reached":33,"playtime":3041,"items_purged":["Strike_G","Strike_G","Strike_G","Strike_G"],"score":319,"play_id":"3971a2d9-8638-4ca7-8b07-6433e7abfb93","local_time":"20190325191336","is_ascension_mode":true,"campfire_choices":[{"data":"Neutralize","floor":6.0,"key":"SMITH"},{"floor":8.0,"key":"REST"},{"data":"Deadly Poison","floor":15.0,"key":"SMITH"},{"floor":23.0,"key":"REST"},{"floor":27.0,"key":"REST"},{"floor":32,"key":"REST"}],"neow_cost":"NONE","seed_source_timestamp":0,"circlet_count":0,"master_deck":["Defend_G","Defend_G","Defend_G","Defend_G","Defend_G","Survivor","Neutralize+1","Die Die Die","Well Laid Plans","Unload","Blade Dance","Deadly Poison+1","Blade Dance","Tools of the Trade","PiercingWail","Accuracy+1","Cloak And Dagger","Pain","Cloak And Dagger","Flying Knee","Blade Dance+1"],"special_seed":0,"relics":["Ring of the Snake","Darkstone Periapt","Cursed Key","Pen Nib","Bronze Scales","Snake Skull"],"potions_floor_usage":[],"damage_taken":[{"damage":2.0,"enemies":"Jaw Worm","floor":1.0,"turns":5.0},{"damage":0.0,"enemies":"2 Louse","floor":2.0,"turns":2.0},{"damage":0.0,"enemies":"Cultist","floor":4.0,"turns":3.0},{"damage":32.0,"enemies":"Gremlin Gang","floor":5.0,"turns":6.0},{"damage":0.0,"enemies":"3 Louse","floor":11.0,"turns":1.0},{"damage":0.0,"enemies":"Large Slime","floor":14.0,"turns":5.0},{"damage":9.0,"enemies":"Hexaghost","floor":16.0,"turns":11.0},{"damage":0.0,"enemies":"Chosen","floor":18.0,"turns":4.0},{"damage":19.0,"enemies":"2 Thieves","floor":22.0,"turns":4.0},{"damage":47.0,"enemies":"Gremlin Leader","floor":24.0,"turns":7.0},{"damage":18.0,"enemies":"Chosen and Byrds","floor":28.0,"turns":5.0},{"damage":11.0,"enemies":"Book of Stabbing","floor":29.0,"turns":5.0},{"damage":1.0,"enemies":"Shelled Parasite and Fungi","floor":30.0,"turns":2.0},{"damage":19,"enemies":"Centurion and Healer","floor":31,"turns":5},{"damage":49,"enemies":"Automaton","floor":33,"turns":6}],"seed_played":"7523903555340057063","potions_obtained":[{"floor":2.0,"key":"Swift Potion"},{"floor":5.0,"key":"Energy Potion"},{"floor":11.0,"key":"Block Potion"},{"floor":16.0,"key":"Fire Potion"},{"floor":24.0,"key":"Explosive Potion"},{"floor":28.0,"key":"SteroidPotion"},{"floor":31,"key":"Ancient Potion"}],"is_trial":false,"path_per_floor":["M","M","$","M","M","R","$","R","T","?","M","?","$","M","R","B",null,"M","$","?","?","M","R","E","$","T","R","M","E","M","M","R","B"],"character_chosen":"THE_SILENT","items_purchased":["Blade Dance","Accuracy"],"campfire_rested":4,"item_purchase_floors":[7,19],"current_hp_per_floor":[68,68,68,68,36,36,36,57,57,57,57,50,50,50,50,41,70,70,70,70,70,51,70,23,23,29,51,33,22,21,2,24,0],"gold":105,"neow_bonus":"ONE_RANDOM_RARE_CARD","is_prod":false,"is_daily":false,"chose_seed":false,"campfire_upgraded":2,"win_rate":0,"timestamp":1553508816,"path_taken":["M","M","$","M","M","R","$","R","T","?","M","?","$","M","R","BOSS","M","$","?","?","M","R","E","$","T","R","M","E","M","?","R","BOSS"],"build_version":"2019-01-23","purchased_purges":4,"victory":false,"max_hp_per_floor":[70,70,70,70,70,70,70,70,70,70,70,70,70,70,70,70,70,70,70,70,70,70,70,70,70,76,76,76,76,76,76,76,76],"card_choices":[{"not_picked":["Dodge and Roll","Slice","Prepared"],"picked":"SKIP","floor":1.0},{"not_picked":["Sucker Punch","Slice"],"picked":"Well Laid Plans","floor":2.0},{"not_picked":["Outmaneuver","Bane","Dodge and Roll"],"picked":"SKIP","floor":4.0},{"not_picked":["Bane","Calculated Gamble"],"picked":"Unload","floor":5.0},{"not_picked":["Heel Hook","Slice"],"picked":"Deadly Poison","floor":11.0},{"not_picked":["Bane","Distraction"],"picked":"Blade Dance","floor":14.0},{"not_picked":["A Thousand Cuts","Adrenaline"],"picked":"Tools of the Trade","floor":16.0},{"not_picked":["Backflip","Sucker Punch"],"picked":"PiercingWail","floor":18.0},{"not_picked":["Skewer+1","Expertise"],"picked":"Cloak And Dagger","floor":22.0},{"not_picked":["Doppelganger","Heel Hook","Slice"],"picked":"SKIP","floor":24.0},{"not_picked":["Dodge and Roll","Outmaneuver","Endless Agony+1"],"picked":"SKIP","floor":28.0},{"not_picked":["Outmaneuver+1","Endless Agony+1"],"picked":"Cloak And Dagger","floor":29.0},{"not_picked":["Setup+1","Outmaneuver"],"picked":"Flying Knee","floor":30.0},{"not_picked":["Underhanded Strike","Acrobatics"],"picked":"Blade Dance+1","floor":31}],"player_experience":211796,"relics_obtained":[{"floor":9.0,"key":"Darkstone Periapt"},{"floor":24.0,"key":"Pen Nib"},{"floor":26.0,"key":"Bronze Scales"},{"floor":29.0,"key":"Snake Skull"}],"event_choices":[{"damage_healed":0.0,"max_hp_gain":0.0,"max_hp_loss":0.0,"gold_gain":30.0,"event_name":"Dead Adventurer","player_choice":"Searched \u00272\u0027 times","floor":10.0,"gold_loss":0.0,"damage_taken":0.0},{"cards_removed":["Strike_G"],"damage_healed":0.0,"max_hp_gain":0.0,"max_hp_loss":0.0,"gold_gain":0.0,"event_name":"Golden Wing","player_choice":"Card Removal","floor":12.0,"gold_loss":0.0,"damage_taken":7.0},{"damage_healed":0.0,"max_hp_gain":0.0,"max_hp_loss":0.0,"gold_gain":99.0,"event_name":"Nest","player_choice":"Stole From Cult","floor":20.0,"gold_loss":0.0,"damage_taken":0.0},{"damage_healed":0.0,"max_hp_gain":0.0,"max_hp_loss":0.0,"gold_gain":0.0,"event_name":"Upgrade Shrine","player_choice":"Upgraded","floor":21.0,"gold_loss":0.0,"damage_taken":0.0,"cards_upgraded":["Accuracy"]}],"is_beta":false,"boss_relics":[{"not_picked":["Fusion Hammer","Philosopher\u0027s Stone"],"picked":"Cursed Key"}],"items_purged_floors":[3,13,19,25],"is_endless":false,"potions_floor_spawned":[2,5,11,16,24,28,29,31],"killed_by":"Automaton","ascension_level":3}