{"gold_per_floor":[112,112,25,25,175,215,215,54,136,155,155,180,211,230,230,324,324,339,339,358,310,310],"floor_reached":22,"playtime":428,"items_purged":["Doubt"],"score":534,"play_id":"c7f09018-4f63-4c41-a615-981a7c3760ce","local_time":"20190329121439","is_ascension_mode":true,"campfire_choices":[{"data":"Bash","floor":7,"key":"SMITH"},{"data":"Rampage","floor":11,"key":"SMITH"},{"data":"Disarm","floor":15,"key":"SMITH"}],"neow_cost":"NONE","seed_source_timestamp":4123560040999,"circlet_count":0,"master_deck":["AscendersBane","Strike_R","Strike_R","Strike_R","Strike_R","Defend_R","Defend_R","Defend_R","Defend_R","Bash+1","Rampage+1","Disarm+1","Feel No Pain","Rage+1","Carnage","Spot Weakness+1","Flame Barrier+1","Limit Break+1","Ghostly+1","Ghostly+1","Ghostly+1","Whirlwind"],"relics":["Burning Blood","NeowsBlessing","Golden Idol","Mercury Hourglass","Toxic Egg 2","The Courier","Philosopher\u0027s Stone","Tiny Chest"],"potions_floor_usage":[16,20],"damage_taken":[{"damage":0,"enemies":"Small Slimes","floor":1,"turns":1},{"damage":0,"enemies":"3 Sentries","floor":6,"turns":2},{"damage":0,"enemies":"Jaw Worm","floor":10,"turns":1},{"damage":1,"enemies":"2 Louse","floor":12,"turns":3},{"damage":23,"enemies":"Lagavulin","floor":13,"turns":5},{"damage":1,"enemies":"2 Fungi Beasts","floor":14,"turns":3},{"damage":0,"enemies":"The Guardian","floor":16,"turns":10},{"damage":20,"enemies":"Chosen","floor":18,"turns":5},{"damage":12,"enemies":"2 Thieves","floor":20,"turns":3},{"damage":12,"enemies":"Snake Plant","floor":22,"turns":2}],"seed_played":"-3941315023368035158","potions_obtained":[{"floor":6,"key":"Fire Potion"},{"floor":13,"key":"LiquidBronze"},{"floor":14,"key":"Poison Potion"},{"floor":20,"key":"Fire Potion"}],"is_trial":false,"path_per_floor":["M","?","$","?","?","E","R","$","T","M","R","M","E","M","R","B",null,"M","?","M","?","M"],"character_chosen":"IRONCLAD","items_purchased":["Rampage","Feel No Pain"],"campfire_rested":0,"item_purchase_floors":[3,8],"current_hp_per_floor":[74,48,48,41,41,47,47,47,47,53,53,58,41,46,46,52,69,55,37,31,31,19],"gold":310,"neow_bonus":"THREE_ENEMY_KILL","is_prod":false,"is_daily":false,"chose_seed":false,"campfire_upgraded":3,"win_rate":0,"timestamp":1553829279,"path_taken":["M","?","$","?","?","E","R","$","T","M","R","M","E","M","R","BOSS","M","?","M","?","?"],"build_version":"2019-01-23","purchased_purges":1,"victory":false,"max_hp_per_floor":[75,75,75,75,75,75,75,75,75,75,75,75,75,75,75,75,75,75,37,37,37,37],"card_choices":[{"not_picked":["Perfected Strike","Thunderclap","Havoc"],"picked":"SKIP","floor":1},{"not_picked":["Dropkick","Double Tap"],"picked":"Disarm","floor":6},{"not_picked":["Wild Strike","Reckless Charge"],"picked":"Rage+1","floor":10},{"not_picked":["Hemokinesis","Metallicize"],"picked":"Carnage","floor":12},{"not_picked":["Metallicize","Fire Breathing"],"picked":"Spot Weakness+1","floor":13},{"not_picked":["Perfected Strike","Spot Weakness+1"],"picked":"Flame Barrier+1","floor":14},{"not_picked":["Bludgeon","Brutality"],"picked":"Limit Break+1","floor":16},{"not_picked":["Rampage","Perfected Strike","Heavy Blade"],"picked":"SKIP","floor":18},{"not_picked":["Pommel Strike","Sword Boomerang"],"picked":"Whirlwind","floor":20}],"player_experience":2698842,"relics_obtained":[{"floor":6,"key":"Mercury Hourglass"},{"floor":9,"key":"Toxic Egg 2"},{"floor":13,"key":"The Courier"}],"event_choices":[{"damage_healed":0,"gold_gain":0,"player_choice":"Take Damage","damage_taken":26,"relics_obtained":["Golden Idol"],"max_hp_gain":0,"max_hp_loss":0,"event_name":"Golden Idol","floor":2,"gold_loss":0},{"cards_removed":["Strike_R"],"damage_healed":0,"gold_gain":0,"player_choice":"Card Removal","damage_taken":7,"max_hp_gain":0,"max_hp_loss":0,"event_name":"Golden Wing","floor":4,"gold_loss":0},{"damage_healed":0,"gold_gain":150,"player_choice":"AGREE","damage_taken":0,"max_hp_gain":0,"max_hp_loss":0,"event_name":"Liars Game","floor":5,"gold_loss":0,"cards_obtained":["Doubt"]},{"damage_healed":0,"gold_gain":0,"player_choice":"Became a Ghost","damage_taken":0,"max_hp_gain":0,"max_hp_loss":38,"event_name":"Ghosts","floor":19,"gold_loss":0,"cards_obtained":["Ghostly","Ghostly","Ghostly"]},{"damage_healed":0,"gold_gain":0,"player_choice":"Paid Gold","damage_taken":0,"relics_obtained":["Tiny Chest"],"max_hp_gain":0,"max_hp_loss":0,"event_name":"WeMeetAgain","floor":21,"gold_loss":78}],"is_beta":false,"boss_relics":[{"not_picked":["White Beast Statue","Busted Crown"],"picked":"Philosopher\u0027s Stone"}],"items_purged_floors":[8],"is_endless":false,"potions_floor_spawned":[6,13,14,20],"killed_by":"Snake Plant","ascension_level":20}