{"gold_per_floor":[116,191,116,116,134,205,205,241,268,301,321,321,354,354,354,354],"floor_reached":16,"playtime":404,"items_purged":[],"score":252,"play_id":"a234bce7-db5f-40f2-b550-da111a69a662","local_time":"20190401181237","is_ascension_mode":true,"campfire_choices":[{"data":"Immolate","floor":7,"key":"SMITH"},{"data":"True Grit","floor":12,"key":"SMITH"},{"data":"Flame Barrier","floor":15,"key":"SMITH"}],"neow_cost":"PERCENT_DAMAGE","seed_source_timestamp":284824865608700,"circlet_count":0,"master_deck":["AscendersBane","Strike_R","Strike_R","Strike_R","Strike_R","Defend_R","Defend_R","Defend_R","Defend_R","Bash","Immolate+1","Flame Barrier+1","True Grit+1","Feed","Battle Trance","Evolve"],"relics":["Burning Blood","Golden Idol","Tiny Chest","Ice Cream","Juzu Bracelet","Question Card","Regal Pillow"],"potions_floor_usage":[6,6,10],"damage_taken":[{"damage":0,"enemies":"Cultist","floor":1,"turns":2},{"damage":2,"enemies":"Jaw Worm","floor":5,"turns":3},{"damage":20,"enemies":"Lagavulin","floor":6,"turns":6},{"damage":10,"enemies":"3 Sentries","floor":8,"turns":4},{"damage":22,"enemies":"Gremlin Nob","floor":10,"turns":4},{"damage":0,"enemies":"Small Slimes","floor":11,"turns":1},{"damage":11,"enemies":"Lagavulin","floor":13,"turns":6},{"damage":15,"enemies":"Hexaghost","floor":16,"turns":7}],"seed_played":"-5362956489705128817","potions_obtained":[{"floor":1,"key":"GamblersBrew"},{"floor":5,"key":"Strength Potion"},{"floor":8,"key":"Poison Potion"},{"floor":11,"key":"SteroidPotion"}],"is_trial":false,"path_per_floor":["M","?","?","?","M","E","R","E","T","E","M","R","E","?","R","B"],"character_chosen":"IRONCLAD","items_purchased":[],"campfire_rested":0,"item_purchase_floors":[],"current_hp_per_floor":[56,45,45,45,49,35,35,31,31,15,24,24,22,27,27,12],"gold":354,"neow_bonus":"THREE_RARE_CARDS","is_prod":false,"is_daily":false,"chose_seed":false,"campfire_upgraded":3,"win_rate":0,"timestamp":1554109957,"path_taken":["M","?","?","?","M","E","R","E","T","E","M","R","E","?","R","BOSS"],"build_version":"2019-01-23","purchased_purges":0,"victory":false,"max_hp_per_floor":[75,75,75,68,68,68,68,68,68,68,71,71,74,79,79,79],"card_choices":[{"not_picked":["Reaper","Barricade"],"picked":"Immolate","floor":0},{"not_picked":["Cleave","Sentinel"],"picked":"Flame Barrier","floor":1},{"not_picked":["Rage","Pummel"],"picked":"True Grit","floor":5},{"not_picked":["Uppercut","Dark Embrace"],"picked":"Feed","floor":6},{"not_picked":["Warcry","Hemokinesis","Sword Boomerang"],"picked":"SKIP","floor":8},{"not_picked":["Clash","Corruption","Iron Wave"],"picked":"SKIP","floor":10},{"not_picked":["Pommel Strike","Twin Strike","Uppercut"],"picked":"Battle Trance","floor":11},{"not_picked":["Bloodletting","Power Through","Brutality"],"picked":"Evolve","floor":13}],"player_experience":2803979,"relics_obtained":[{"floor":6,"key":"Tiny Chest"},{"floor":8,"key":"Ice Cream"},{"floor":9,"key":"Juzu Bracelet"},{"floor":10,"key":"Question Card"},{"floor":13,"key":"Regal Pillow"}],"event_choices":[{"damage_healed":0,"gold_gain":75,"player_choice":"Gather Gold","damage_taken":11,"max_hp_gain":0,"max_hp_loss":0,"event_name":"World of Goop","floor":2,"gold_loss":0},{"cards_removed":["Strike_R"],"damage_healed":0,"gold_gain":0,"player_choice":"Card Removal","damage_taken":0,"max_hp_gain":0,"max_hp_loss":0,"event_name":"The Cleric","floor":3,"gold_loss":75},{"damage_healed":0,"gold_gain":0,"player_choice":"Lose Max HP","damage_taken":0,"relics_obtained":["Golden Idol"],"max_hp_gain":0,"max_hp_loss":7,"event_name":"Golden Idol","floor":4,"gold_loss":0},{"damage_healed":0,"gold_gain":0,"player_choice":"Donut","damage_taken":0,"max_hp_gain":5,"max_hp_loss":0,"event_name":"Big Fish","floor":14,"gold_loss":0}],"is_beta":false,"boss_relics":[],"items_purged_floors":[],"is_endless":false,"potions_floor_spawned":[1,5,8,11],"killed_by":"Hexaghost","ascension_level":20}