{"gold_per_floor":[111,111,122,122,132,167,167,181,181,181,214,214,264,279,279,353,353,365,365,380,143,160,160,23,48,48,80,80,99,99,59,59,133,133,143,161,24,49,59,59,76,107,107,107,139,51,51,62,62,62,62,62,62,36,67,67],"floor_reached":57,"playtime":3179,"items_purged":["Strike_B","Redo+1"],"score":2841,"play_id":"95a6bf78-26d2-4cbc-82a2-f0f8a258199f","local_time":"20190309140842","is_ascension_mode":true,"campfire_choices":[{"data":"Loop","floor":7,"key":"SMITH"},{"data":"Reinforced Body","floor":10,"key":"SMITH"},{"data":"Undo","floor":12,"key":"SMITH"},{"data":"Chaos","floor":15,"key":"SMITH"},{"floor":23,"key":"REST"},{"data":"Sunder","floor":30,"key":"SMITH"},{"floor":32,"key":"REST"},{"data":"Defragment","floor":40,"key":"SMITH"},{"data":"Capacitor","floor":47,"key":"SMITH"},{"floor":49,"key":"RECALL"},{"data":"Hologram","floor":53,"key":"SMITH"}],"neow_cost":"NONE","seed_source_timestamp":11283306772700,"circlet_count":0,"master_deck":["AscendersBane","Zap","Dualcast","Reinforced Body+1","Chill","Undo+1","White Noise","Loop+1","Echo Form","Chaos+1","Echo Form","Sunder+1","Hologram+1","Meteor Strike","Sweeping Beam","Force Field+1","Meteor Strike","Capacitor+1","Meteor Strike","Genetic Algorithm+1","Darkness+1","Hologram+1","Doom and Gloom","Defragment+1","Hologram+1","Fission+1","Tempest+1","Chaos+1","Coolheaded+1","Loop+1"],"relics":["Snecko Eye","Oddly Smooth Stone","Bottled Tornado","Blue Candle","Black Star","Enchiridion","Potion Belt","Centennial Puzzle","Boot","Toxic Egg 2","Ancient Tea Set","Prayer Wheel","Pandora\u0027s Box","Bronze Scales","Pen Nib","Incense Burner","Frozen Egg 2","Letter Opener","Ice Cream","Pantograph"],"potions_floor_usage":[6,20,20,25,27,29,33,42,48,55,55,56],"damage_taken":[{"damage":2,"enemies":"Small Slimes","floor":1,"turns":3},{"damage":2,"enemies":"2 Louse","floor":3,"turns":2},{"damage":0,"enemies":"Cultist","floor":5,"turns":6},{"damage":11,"enemies":"3 Sentries","floor":6,"turns":8},{"damage":0,"enemies":"Blue Slaver","floor":8,"turns":3},{"damage":5,"enemies":"Lagavulin","floor":11,"turns":6},{"damage":6,"enemies":"2 Fungi Beasts","floor":14,"turns":5},{"damage":20,"enemies":"The Guardian","floor":16,"turns":13},{"damage":21,"enemies":"Shell Parasite","floor":18,"turns":7},{"damage":0,"enemies":"2 Thieves","floor":20,"turns":4},{"damage":2,"enemies":"Snake Plant","floor":22,"turns":5},{"damage":0,"enemies":"Gremlin Leader","floor":25,"turns":5},{"damage":7,"enemies":"Book of Stabbing","floor":27,"turns":5},{"damage":11,"enemies":"Shelled Parasite and Fungi","floor":29,"turns":4},{"damage":10,"enemies":"Champ","floor":33,"turns":7},{"damage":0,"enemies":"3 Darklings","floor":35,"turns":4},{"damage":10,"enemies":"3 Shapes","floor":36,"turns":4},{"damage":0,"enemies":"Maw","floor":39,"turns":3},{"damage":0,"enemies":"Transient","floor":41,"turns":6},{"damage":0,"enemies":"Giant Head","floor":42,"turns":5},{"damage":21,"enemies":"Nemesis","floor":45,"turns":5},{"damage":2,"enemies":"4 Shapes","floor":48,"turns":5},{"damage":10,"enemies":"Time Eater","floor":50,"turns":6},{"damage":0,"enemies":"Donu and Deca","floor":51,"turns":5},{"damage":12,"enemies":"Shield and Spear","floor":55,"turns":6},{"damage":27,"enemies":"The Heart","floor":56,"turns":6}],"seed_played":"-6377357755537631025","potions_obtained":[{"floor":1,"key":"Explosive Potion"},{"floor":5,"key":"Ancient Potion"},{"floor":6,"key":"Explosive Potion"},{"floor":16,"key":"AttackPotion"},{"floor":18,"key":"Fire Potion"},{"floor":25,"key":"Energy Potion"},{"floor":27,"key":"Regen Potion"},{"floor":29,"key":"Poison Potion"},{"floor":31,"key":"Weak Potion"},{"floor":31,"key":"AttackPotion"},{"floor":31,"key":"Strength Potion"},{"floor":33,"key":"FocusPotion"},{"floor":39,"key":"Regen Potion"},{"floor":41,"key":"Block Potion"},{"floor":45,"key":"SneckoOil"},{"floor":48,"key":"AttackPotion"},{"floor":55,"key":"GamblersBrew"}],"is_trial":false,"path_per_floor":["M","?","M","?","M","E","R","M","T","R","E","R","?","M","R","B",null,"M","?","M","$","M","R","$","E","T","E","?","M","R","?","R","B",null,"M","M","$","T","M","R","M","E","T","?","E","$","R","M","R","B","B",null,"R","$","E","B",null],"character_chosen":"DEFECT","items_purchased":["Potion Belt","Sunder","AttackPotion","Defragment","Tempest+1","Coolheaded+1"],"campfire_rested":2,"item_purchase_floors":[21,24,24,37,46,54],"current_hp_per_floor":[62,62,60,65,65,54,54,54,54,54,49,49,42,36,36,16,61,40,19,19,19,17,39,39,39,39,32,32,33,33,33,55,45,68,68,58,58,58,58,58,58,72,72,72,51,51,51,49,49,39,39,64,64,64,52,45],"gold":67,"neow_bonus":"BOSS_RELIC","is_prod":false,"is_daily":false,"chose_seed":false,"campfire_upgraded":8,"win_rate":0,"timestamp":1552108122,"path_taken":["M","?","M","?","M","E","R","M","T","R","E","R","?","M","R","BOSS","M","?","M","$","M","R","$","E","T","E","?","M","R","?","R","BOSS","M","M","$","?","M","R","M","E","T","?","E","$","R","M","R","BOSS","BOSS","R","$","E","BOSS"],"build_version":"2019-01-23","purchased_purges":2,"victory":true,"max_hp_per_floor":[71,71,71,76,76,76,76,76,76,76,76,76,76,76,76,76,76,76,76,76,76,76,76,76,76,76,76,76,76,76,76,76,76,76,76,76,76,76,76,76,76,76,76,72,72,72,72,72,72,72,72,72,72,72,72,72],"card_choices":[{"not_picked":["Conserve Battery","Sweeping Beam"],"picked":"Reinforced Body","floor":1},{"not_picked":["Steam Power","Hologram"],"picked":"Undo","floor":3},{"not_picked":["Auto Shields","Ball Lightning"],"picked":"White Noise","floor":5},{"not_picked":["Hologram","Rebound"],"picked":"Loop","floor":6},{"not_picked":["Rip and Tear","Blizzard","Sweeping Beam"],"picked":"SKIP","floor":8},{"not_picked":["Skim","Coolheaded"],"picked":"Echo Form","floor":11},{"not_picked":["Hello World","Cold Snap","Chaos"],"picked":"SKIP","floor":14},{"not_picked":["Hello World","Cold Snap"],"picked":"Chaos","floor":14},{"not_picked":["Multi-Cast","All For One"],"picked":"Echo Form","floor":16},{"not_picked":["Turbo","Lockon","Cold Snap"],"picked":"SKIP","floor":18},{"not_picked":["Genetic Algorithm","Sweeping Beam","Undo"],"picked":"SKIP","floor":20},{"not_picked":["Conserve Battery","Auto Shields","Barrage"],"picked":"SKIP","floor":22},{"not_picked":["Fission","Sweeping Beam"],"picked":"Hologram","floor":25},{"not_picked":["Go for the Eyes","Barrage+1"],"picked":"Meteor Strike","floor":27},{"not_picked":["Redo+1","Heatsinks"],"picked":"Force Field+1","floor":29},{"not_picked":["Rebound","Sweeping Beam","Steam+1"],"picked":"SKIP","floor":29},{"not_picked":["Buffer","Multi-Cast+1"],"picked":"Meteor Strike","floor":33},{"not_picked":["Coolheaded+1","Hello World"],"picked":"Hologram+1","floor":35},{"not_picked":["Leap+1","Blizzard","Rebound"],"picked":"SKIP","floor":35},{"not_picked":["Leap+1","Blizzard","Rebound"],"picked":"SKIP","floor":35},{"not_picked":["Coolheaded+1","Barrage"],"picked":"Doom and Gloom","floor":36},{"not_picked":["Cold Snap+1","Sweeping Beam","Compile Driver+1"],"picked":"SKIP","floor":36},{"not_picked":["Compile Driver","Streamline+1"],"picked":"Hologram+1","floor":39},{"not_picked":["Stack+1","Redo+1","Rebound"],"picked":"SKIP","floor":39},{"not_picked":["Stack+1","Redo+1","Rebound"],"picked":"SKIP","floor":39},{"not_picked":["Stack+1","Streamline"],"picked":"Fission+1","floor":41},{"not_picked":["Steam+1","Turbo+1","Leap+1"],"picked":"SKIP","floor":41},{"not_picked":["Steam+1","Turbo+1","Leap+1"],"picked":"SKIP","floor":41},{"not_picked":["Aggregate+1","Leap+1","Hyperbeam"],"picked":"SKIP","floor":42},{"not_picked":["Blizzard","Sunder","Ball Lightning+1"],"picked":"SKIP","floor":45},{"not_picked":["Lockon","Cold Snap"],"picked":"Chaos+1","floor":48},{"not_picked":["Genetic Algorithm+1","Barrage","Fusion+1"],"picked":"SKIP","floor":48},{"not_picked":["Genetic Algorithm+1","Barrage","Fusion+1"],"picked":"SKIP","floor":48},{"not_picked":["Scrape+1","Aggregate+1"],"picked":"Loop+1","floor":55}],"player_experience":2085024,"relics_obtained":[{"floor":6,"key":"Oddly Smooth Stone"},{"floor":9,"key":"Bottled Tornado"},{"floor":11,"key":"Blue Candle"},{"floor":19,"key":"Enchiridion"},{"floor":25,"key":"Centennial Puzzle"},{"floor":25,"key":"Boot"},{"floor":26,"key":"Toxic Egg 2"},{"floor":27,"key":"Ancient Tea Set"},{"floor":27,"key":"Prayer Wheel"},{"floor":42,"key":"Bronze Scales"},{"floor":42,"key":"Pen Nib"},{"floor":43,"key":"Incense Burner"},{"floor":45,"key":"Frozen Egg 2"},{"floor":45,"key":"Letter Opener"},{"floor":55,"key":"Ice Cream"},{"floor":55,"key":"Pantograph"}],"event_choices":[{"damage_healed":0,"gold_gain":0,"cards_transformed":["Defend_B"],"player_choice":"Change","damage_taken":0,"max_hp_gain":0,"max_hp_loss":0,"event_name":"Living Wall","floor":2,"gold_loss":0,"cards_obtained":["Chill"]},{"damage_healed":0,"gold_gain":0,"player_choice":"Donut","damage_taken":0,"max_hp_gain":5,"max_hp_loss":0,"event_name":"Big Fish","floor":4,"gold_loss":0},{"damage_healed":0,"gold_gain":50,"player_choice":"Touch","damage_taken":7,"max_hp_gain":0,"max_hp_loss":0,"event_name":"FaceTrader","floor":13,"gold_loss":0},{"damage_healed":0,"gold_gain":0,"player_choice":"Obtained Book","damage_taken":21,"max_hp_gain":0,"max_hp_loss":0,"event_name":"Cursed Tome","floor":19,"gold_loss":0},{"damage_healed":0,"gold_gain":0,"cards_transformed":["Defend_B","Strike_B"],"player_choice":"Became Test Subject","damage_taken":0,"max_hp_gain":0,"max_hp_loss":0,"event_name":"Drug Dealer","floor":28,"gold_loss":0,"cards_obtained":["Redo","Sweeping Beam"]},{"damage_healed":0,"gold_gain":0,"player_choice":"Bought 3 Potions","damage_taken":0,"max_hp_gain":0,"max_hp_loss":0,"event_name":"The Woman in Blue","floor":31,"gold_loss":0},{"damage_healed":0,"gold_gain":0,"player_choice":"Max HP","damage_taken":0,"max_hp_gain":0,"max_hp_loss":4,"event_name":"Winding Halls","floor":44,"gold_loss":0}],"is_beta":false,"boss_relics":[{"not_picked":["Runic Pyramid","Velvet Choker"],"picked":"Black Star"},{"not_picked":["Fusion Hammer","Cursed Key"],"picked":"Pandora\u0027s Box"}],"items_purged_floors":[21,37],"is_endless":false,"potions_floor_spawned":[1,5,6,16,18,25,27,29,33,39,41,45,48,55],"ascension_level":20}