{"gold_per_floor":[116,116,77,77,102,114,151,24,77,77,87,87,98,128,128,199,199,218,238,49,49,49,49,49,49,75,108,108,126,126],"floor_reached":30,"playtime":1262,"items_purged":[],"score":530,"play_id":"15a1e7aa-1e91-4fd2-8a91-38c5febf88f5","local_time":"20190403174039","is_ascension_mode":true,"campfire_choices":[{"floor":6,"key":"REST"},{"data":"White Noise","floor":12,"key":"SMITH"},{"floor":15,"key":"REST"},{"floor":23,"key":"REST"},{"floor":25,"key":"REST"},{"floor":28,"key":"REST"}],"neow_cost":"NONE","seed_source_timestamp":1736477064024343,"circlet_count":0,"master_deck":["AscendersBane","Strike_B+1","Strike_B+1","Strike_B+1","Strike_B+1","Defend_B+1","Defend_B+1","Defend_B+1","Zap","Dualcast","Auto Shields","Static Discharge","Static Discharge","White Noise+1","Compile Driver","Hello World","Amplify","Chill","Static Discharge","Creative AI","Heatsinks","Chaos","Blizzard","Redo+1","White Noise","Discovery","Heatsinks"],"relics":["Cracked Core","NeowsBlessing","MawBank","Dodecahedron","Art of War","Bottled Lightning","Bottled Tornado","Orrery","Dream Catcher","Anchor"],"potions_floor_usage":[11,13,14,27],"damage_taken":[{"damage":0,"enemies":"Cultist","floor":1,"turns":1},{"damage":0,"enemies":"2 Louse","floor":5,"turns":1},{"damage":0,"enemies":"3 Sentries","floor":7,"turns":1},{"damage":0,"enemies":"Jaw Worm","floor":11,"turns":3},{"damage":6,"enemies":"Exordium Thugs","floor":13,"turns":4},{"damage":21,"enemies":"Lagavulin","floor":14,"turns":5},{"damage":30,"enemies":"Hexaghost","floor":16,"turns":7},{"damage":30,"enemies":"Shell Parasite","floor":18,"turns":4},{"damage":19,"enemies":"Chosen","floor":19,"turns":5},{"damage":62,"enemies":"Gremlin Leader","floor":27,"turns":4},{"damage":10,"enemies":"Snecko","floor":29,"turns":3},{"damage":41,"enemies":"Slavers","floor":30,"turns":3}],"seed_played":"-8704739744726324155","potions_obtained":[{"floor":1,"key":"SkillPotion"},{"floor":5,"key":"Strength Potion"},{"floor":11,"key":"Fire Potion"},{"floor":29,"key":"SteroidPotion"}],"is_trial":false,"path_per_floor":["M","?","$","?","M","R","E","$","T","T","M","R","M","E","R","B",null,"M","M","$","?","?","R","?","R","T","E","R","M","E"],"character_chosen":"DEFECT","items_purchased":["Static Discharge","Hello World","PowerPotion","Regen Potion","Discovery"],"campfire_rested":5,"item_purchase_floors":[3,8,8,20,20],"current_hp_per_floor":[64,64,64,46,46,67,67,67,67,67,67,67,61,40,61,31,61,31,12,12,12,26,47,47,68,68,18,39,29,0],"gold":126,"neow_bonus":"THREE_ENEMY_KILL","is_prod":false,"is_daily":false,"chose_seed":false,"campfire_upgraded":1,"win_rate":0,"timestamp":1554302439,"path_taken":["M","?","?","?","M","R","E","$","T","?","M","R","?","E","R","BOSS","M","M","$","?","?","R","?","R","T","E","R","M","E"],"build_version":"2019-01-23","purchased_purges":0,"victory":false,"max_hp_per_floor":[71,71,71,71,71,71,71,71,71,71,71,71,71,71,71,71,71,71,71,71,71,71,71,71,71,71,71,71,71,71],"card_choices":[{"not_picked":["Double Energy","Doom and Gloom"],"picked":"Auto Shields","floor":1},{"not_picked":["Ball Lightning","Scrape"],"picked":"White Noise","floor":5},{"not_picked":["Sweeping Beam","Tempest"],"picked":"Compile Driver","floor":7},{"not_picked":["Chill","Capacitor"],"picked":"Amplify","floor":11},{"not_picked":["Aggregate","Turbo"],"picked":"Chill","floor":13},{"not_picked":["Steam","Double Energy"],"picked":"Static Discharge","floor":14},{"not_picked":["Meteor Strike","Electrodynamics"],"picked":"Creative AI","floor":16},{"not_picked":["Doom and Gloom","Stack"],"picked":"Heatsinks","floor":17},{"not_picked":["Beam Cell","Gash"],"picked":"Chaos","floor":17},{"not_picked":["Steam","Genetic Algorithm"],"picked":"Blizzard","floor":17},{"not_picked":["Beam Cell+1","Reprogram"],"picked":"Redo+1","floor":18},{"not_picked":["Chaos","Sweeping Beam"],"picked":"White Noise","floor":19},{"not_picked":["Hologram","Aggregate","Compile Driver"],"picked":"SKIP","floor":27},{"not_picked":["Ball Lightning","Redo"],"picked":"Heatsinks","floor":29}],"player_experience":1158727,"relics_obtained":[{"floor":7,"key":"Dodecahedron"},{"floor":9,"key":"Art of War"},{"floor":10,"key":"Bottled Lightning"},{"floor":14,"key":"Bottled Tornado"},{"floor":26,"key":"Dream Catcher"},{"floor":27,"key":"Anchor"}],"event_choices":[{"damage_healed":0,"gold_gain":0,"cards_transformed":["Defend_B"],"player_choice":"Transformed","damage_taken":0,"max_hp_gain":0,"max_hp_loss":0,"event_name":"Transmorgrifier","floor":2,"gold_loss":0,"cards_obtained":["Static Discharge"]},{"damage_healed":0,"gold_gain":0,"player_choice":"Success","damage_taken":18,"relics_obtained":["MawBank"],"max_hp_gain":0,"max_hp_loss":0,"event_name":"Scrap Ooze","floor":4,"gold_loss":0},{"damage_healed":0,"gold_gain":0,"player_choice":"Ignored","damage_taken":0,"max_hp_gain":0,"max_hp_loss":0,"event_name":"Vampires","floor":21,"gold_loss":0},{"damage_healed":14,"gold_gain":0,"player_choice":"Heal","damage_taken":0,"max_hp_gain":0,"max_hp_loss":0,"event_name":"The Library","floor":22,"gold_loss":0},{"damage_healed":0,"gold_gain":0,"player_choice":"Simplicity","damage_taken":0,"max_hp_gain":0,"max_hp_loss":0,"event_name":"Back to Basics","floor":24,"gold_loss":0,"cards_upgraded":["Strike_B","Strike_B","Strike_B","Strike_B","Defend_B","Defend_B","Defend_B"]}],"is_beta":false,"boss_relics":[{"not_picked":["Empty Cage","FrozenCore"],"picked":"Orrery"}],"items_purged_floors":[],"is_endless":false,"potions_floor_spawned":[1,5,7,11,29],"killed_by":"Slavers","ascension_level":18}