{"gold_per_floor":[114,264,264,33,33,33,60,60,60,60,75,75,150,168,168,241,241,252,302,302,318,14,14,45,45,96,109,129,39,39,73,73,147,147,158,158,3,103,0,0,35,35,35,35,64,91,117,129,141,153,165,177,189,12,47,47],"floor_reached":56,"playtime":3637,"items_purged":["Defend_B","Defend_B"],"score":2091,"play_id":"5ed812f8-707d-47d5-81c9-86b354bfa3ed","local_time":"20190303194739","is_ascension_mode":true,"campfire_choices":[{"data":"Zap","floor":6,"key":"SMITH"},{"data":"Deep Breath","floor":8,"key":"SMITH"},{"floor":10,"key":"REST"},{"data":"Loop","floor":12,"key":"SMITH"},{"floor":15,"key":"REST"},{"data":"Loop","floor":25,"key":"SMITH"},{"data":"Biased Cognition","floor":30,"key":"SMITH"},{"data":"Purity","floor":32,"key":"SMITH"},{"data":"Fusion","floor":40,"key":"SMITH"},{"data":"Ghostly","floor":42,"key":"SMITH"},{"floor":49,"key":"RECALL"},{"data":"Ghostly","floor":53,"key":"SMITH"}],"neow_cost":"PERCENT_DAMAGE","seed_source_timestamp":154087660332700,"circlet_count":0,"master_deck":["AscendersBane","Strike_B","Zap+1","Dualcast","PanicButton","Purity+1","Gash","Deep Breath+1","Coolheaded","Cold Snap","Loop+1","Chill","Biased Cognition+1","Gash+1","Lockon","Fusion+1","Self Repair","Loop+1","Ghostly","Ghostly+1","Ghostly+1","Rip and Tear+1","Conserve Battery","Cold Snap+1","Self Repair","Chill","Echo Form","Capacitor+1","Capacitor+1","Buffer+1","Gash","Coolheaded","White Noise","Barrage+1","Discovery","Creative AI"],"relics":["Cracked Core","Shuriken","Boot","Gremlin Horn","Runic Pyramid","Potion Belt","PreservedInsect","Art of War","Ice Cream","Astrolabe","WingedGreaves","Red Mask","Mummified Hand","Unceasing Top","Lantern","MawBank","Happy Flower"],"potions_floor_usage":[7,16,24,31,33,33,51,55],"damage_taken":[{"damage":0,"enemies":"2 Louse","floor":1,"turns":3},{"damage":31,"enemies":"Lagavulin","floor":7,"turns":9},{"damage":5,"enemies":"Jaw Worm","floor":11,"turns":3},{"damage":4,"enemies":"Small Slimes","floor":14,"turns":3},{"damage":23,"enemies":"The Guardian","floor":16,"turns":13},{"damage":1,"enemies":"Spheric Guardian","floor":18,"turns":3},{"damage":29,"enemies":"2 Thieves","floor":21,"turns":4},{"damage":18,"enemies":"Book of Stabbing","floor":24,"turns":8},{"damage":12,"enemies":"Snake Plant","floor":27,"turns":5},{"damage":0,"enemies":"3 Cultists","floor":28,"turns":7},{"damage":6,"enemies":"Slavers","floor":31,"turns":6},{"damage":11,"enemies":"Champ","floor":33,"turns":12},{"damage":0,"enemies":"Orb Walker","floor":35,"turns":5},{"damage":8,"enemies":"Mind Bloom Boss Battle","floor":38,"turns":9},{"damage":0,"enemies":"Giant Head","floor":41,"turns":10},{"damage":11,"enemies":"Nemesis","floor":45,"turns":10},{"damage":8,"enemies":"3 Shapes","floor":47,"turns":6},{"damage":0,"enemies":"Donu and Deca","floor":50,"turns":10},{"damage":4,"enemies":"Awakened One","floor":51,"turns":8},{"damage":12,"enemies":"Shield and Spear","floor":55,"turns":6},{"damage":19,"enemies":"The Heart","floor":56,"turns":2}],"seed_played":"-1823461906575061156","potions_obtained":[{"floor":7,"key":"Fruit Juice"},{"floor":14,"key":"GamblersBrew"},{"floor":16,"key":"SneckoOil"},{"floor":28,"key":"AttackPotion"},{"floor":31,"key":"GamblersBrew"},{"floor":45,"key":"Explosive Potion"}],"is_trial":false,"path_per_floor":["M","?","?","$","?","R","E","R","T","R","M","R","?","M","R","B",null,"M","?","?","M","$","?","E","R","T","M","M","$","R","E","R","B",null,"M","?","$","?","?","R","E","R","T","T","E","T","M","$","R","B","B",null,"R","$","E","B"],"character_chosen":"DEFECT","items_purchased":["Deep Breath","Coolheaded","Potion Belt","Loop","Block Potion","Self Repair","Gash","Discovery","GamblersBrew"],"campfire_rested":2,"item_purchase_floors":[4,4,22,22,22,29,37,54,54],"current_hp_per_floor":[46,46,46,46,41,41,15,15,15,37,32,32,21,17,39,16,61,60,60,60,31,31,31,20,20,20,8,15,15,15,16,16,19,33,38,38,38,38,38,38,38,38,38,38,38,38,38,38,38,38,38,38,38,38,38,19],"gold":47,"neow_bonus":"RANDOM_COLORLESS_2","is_prod":false,"is_daily":false,"chose_seed":false,"campfire_upgraded":9,"win_rate":0,"timestamp":1551610059,"path_taken":["M","?","?","$","?","R","E","R","T","R","M","R","?","M","R","BOSS","M","?","?","M","$","?","E","R","T","?","M","?","R","E","R","BOSS","M","?","$","?","?","R","E","R","T","?","E","?","?","$","R","BOSS","BOSS","R","$","E","BOSS"],"build_version":"2019-01-23","purchased_purges":2,"victory":false,"max_hp_per_floor":[71,71,71,71,71,71,76,76,76,76,76,76,76,76,76,76,76,76,76,76,76,76,38,38,38,38,38,38,38,38,38,38,38,38,38,38,38,38,38,38,38,38,38,38,38,38,38,38,38,38,38,38,38,38,38,38],"card_choices":[{"not_picked":["Genetic Algorithm","Barrage"],"picked":"Gash","floor":1},{"not_picked":["Amplify","Static Discharge"],"picked":"Cold Snap","floor":7},{"not_picked":["Conserve Battery","Barrage"],"picked":"Loop","floor":11},{"not_picked":["Doom and Gloom","Beam Cell"],"picked":"Chill","floor":14},{"not_picked":["All For One","Core Surge"],"picked":"Biased Cognition","floor":16},{"not_picked":["Compile Driver","Sweeping Beam"],"picked":"Gash+1","floor":18},{"not_picked":["Turbo","Compile Driver"],"picked":"Self Repair","floor":21},{"not_picked":["Sweeping Beam+1","Compile Driver"],"picked":"Rip and Tear+1","floor":24},{"not_picked":["Undo","Amplify"],"picked":"Conserve Battery","floor":27},{"not_picked":["Barrage","Streamline"],"picked":"Cold Snap+1","floor":28},{"not_picked":["Steam Power","Turbo"],"picked":"Chill","floor":31},{"not_picked":["Machine Learning","Rainbow"],"picked":"Echo Form","floor":33},{"not_picked":["Conserve Battery","Stack","Ball Lightning+1"],"picked":"SKIP","floor":35},{"not_picked":["Darkness","Redo"],"picked":"Coolheaded","floor":38},{"not_picked":["Chaos","Streamline","Self Repair"],"picked":"SKIP","floor":41},{"not_picked":["Chill+1","Undo"],"picked":"White Noise","floor":45},{"not_picked":["BootSequence","Sweeping Beam"],"picked":"Barrage+1","floor":47},{"not_picked":["Reprogram","Beam Cell+1"],"picked":"Creative AI","floor":55}],"player_experience":1970228,"relics_obtained":[{"floor":7,"key":"Boot"},{"floor":9,"key":"Gremlin Horn"},{"floor":24,"key":"PreservedInsect"},{"floor":26,"key":"Art of War"},{"floor":31,"key":"Ice Cream"},{"floor":38,"key":"WingedGreaves"},{"floor":41,"key":"Mummified Hand"},{"floor":44,"key":"Unceasing Top"},{"floor":45,"key":"Lantern"},{"floor":46,"key":"MawBank"},{"floor":55,"key":"Happy Flower"}],"event_choices":[{"damage_healed":0,"gold_gain":150,"player_choice":"AGREE","damage_taken":0,"max_hp_gain":0,"max_hp_loss":0,"event_name":"Liars Game","floor":2,"gold_loss":0,"cards_obtained":["Doubt"]},{"cards_removed":["Doubt"],"damage_healed":0,"gold_gain":0,"player_choice":"Forget","damage_taken":0,"max_hp_gain":0,"max_hp_loss":0,"event_name":"Living Wall","floor":3,"gold_loss":0},{"damage_healed":0,"gold_gain":0,"player_choice":"Success","damage_taken":5,"relics_obtained":["Shuriken"],"max_hp_gain":0,"max_hp_loss":0,"event_name":"Scrap Ooze","floor":5,"gold_loss":0},{"damage_healed":0,"gold_gain":75,"player_choice":"Gather Gold","damage_taken":11,"max_hp_gain":0,"max_hp_loss":0,"event_name":"World of Goop","floor":13,"gold_loss":0},{"damage_healed":0,"gold_gain":50,"player_choice":"Stole From Cult","damage_taken":0,"max_hp_gain":0,"max_hp_loss":0,"event_name":"Nest","floor":19,"gold_loss":0},{"damage_healed":0,"gold_gain":0,"cards_transformed":["Defend_B","Defend_B"],"player_choice":"Became Test Subject","damage_taken":0,"max_hp_gain":0,"max_hp_loss":0,"event_name":"Drug Dealer","floor":20,"gold_loss":0,"cards_obtained":["Lockon","Fusion"]},{"damage_healed":0,"gold_gain":0,"player_choice":"Became a Ghost","damage_taken":0,"max_hp_gain":0,"max_hp_loss":38,"event_name":"Ghosts","floor":23,"gold_loss":0,"cards_obtained":["Ghostly","Ghostly","Ghostly"]},{"damage_healed":0,"gold_gain":0,"player_choice":"Ignored","damage_taken":0,"max_hp_gain":0,"max_hp_loss":0,"event_name":"Mysterious Sphere","floor":36,"gold_loss":0},{"damage_healed":0,"gold_gain":0,"player_choice":"Fight","damage_taken":0,"max_hp_gain":0,"max_hp_loss":0,"event_name":"MindBloom","floor":38,"gold_loss":0},{"damage_healed":0,"gold_gain":0,"player_choice":"Paid","damage_taken":0,"relics_obtained":["Red Mask"],"max_hp_gain":0,"max_hp_loss":0,"event_name":"Tomb of Lord Red Mask","floor":39,"gold_loss":103}],"is_beta":false,"boss_relics":[{"not_picked":["Lizard Tail","Eternal Feather"],"picked":"Runic Pyramid"},{"not_picked":["Cursed Key","Busted Crown"],"picked":"Astrolabe"}],"items_purged_floors":[4,37],"is_endless":false,"potions_floor_spawned":[7,14,16,28,31,45],"killed_by":"The Heart","ascension_level":20}