{"path_per_floor":["M","?","M","$","M","R","M","R","T","?","R","M","E","M","R","B",null,"M","M","?","?"],"character_chosen":"DEFECT","items_purchased":["Oddly Smooth Stone"],"gold_per_floor":[119,294,314,85,102,102,115,115,140,140,140,154,184,203,203,298,298,312,237,237,271,271],"floor_reached":22,"campfire_rested":0,"playtime":1789,"current_hp_per_floor":[75,75,70,70,69,69,64,64,64,64,64,64,40,40,40,25,75,62,56,56,38,0],"items_purged":["Doubt"],"gold":271,"score":193,"play_id":"cefd022d-c562-4611-ad27-1eb2246c86a0","local_time":"20180503150742","is_prod":false,"is_daily":false,"chose_seed":false,"is_ascension_mode":true,"campfire_upgraded":4,"timestamp":1525331262,"path_taken":["M","?","M","$","M","R","?","R","T","?","R","M","E","M","R","BOSS","M","M","?","?","?"],"build_version":"2018-05-01v2","seed_source_timestamp":537208777010655,"purchased_purges":1,"victory":false,"master_deck":["Strike_B","Strike_B","Strike_B","Strike_B","Defend_B","Defend_B","Defend_B","Defend_B","Zap+1","Dualcast","Reinforced Body+1","Chaos+1","Reinforced Body","Reprieve+1","Genetic Algorithm+1","Machine Learning","Redo","Hologram+1","Defragment","Leap+1"],"max_hp_per_floor":[75,75,75,75,75,75,75,75,75,75,75,75,75,75,75,75,75,75,75,75,75,75],"relics":["Cracked Core","Oddly Smooth Stone","Vajra","Bag of Preparation","Sozu","Red Mask"],"card_choices":[{"not_picked":["Aggregate","Sweeping Beam"],"picked":"Reinforced Body","floor":1},{"not_picked":["Coolheaded","Barrage"],"picked":"Chaos","floor":3},{"not_picked":["Leap","Cold Snap"],"picked":"Reinforced Body","floor":5},{"not_picked":["Steam Power","Chaos"],"picked":"Reprieve","floor":7},{"not_picked":["Coolheaded","Static Discharge"],"picked":"Genetic Algorithm","floor":13},{"not_picked":["Turbo","Genetic Algorithm"],"picked":"Machine Learning","floor":14},{"not_picked":["All For One","Biased Cognition"],"picked":"Redo","floor":16},{"not_picked":["Streamline","White Noise"],"picked":"Hologram","floor":18},{"not_picked":["Barrage","Axe Kick"],"picked":"Leap","floor":21}],"player_experience":325513,"potions_floor_usage":[7,13,16,16,16,21],"damage_taken":[{"damage":0,"enemies":"2 Louse","floor":1,"turns":3},{"damage":5,"enemies":"Small Slimes","floor":3,"turns":3},{"damage":1,"enemies":"Jaw Worm","floor":5,"turns":3},{"damage":5,"enemies":"Lots of Slimes","floor":7,"turns":4},{"damage":0,"enemies":"2 Fungi Beasts","floor":12,"turns":3},{"damage":24,"enemies":"Gremlin Nob","floor":13,"turns":4},{"damage":0,"enemies":"Looter","floor":14,"turns":4},{"damage":15,"enemies":"The Guardian","floor":16,"turns":11},{"damage":13,"enemies":"3 Byrds","floor":18,"turns":7},{"damage":6,"enemies":"2 Thieves","floor":19,"turns":5},{"damage":33,"enemies":"Masked Bandits","floor":21,"turns":6},{"damage":44,"enemies":"Cultist and Chosen","floor":22,"turns":8}],"event_choices":[{"event_name":"Liars Game","player_choice":"agreed","floor":2,"damage_taken":0},{"event_name":"The Lab","player_choice":"Got Potions","floor":10,"damage_taken":0},{"event_name":"The Library","player_choice":"Read","floor":20,"damage_taken":0},{"event_name":"Masked Bandits","player_choice":"Fought over 237 gold","floor":21,"damage_taken":0}],"boss_relics":[{"not_picked":["Pandora\u0027s Box","Cursed Key"],"picked":"Sozu"}],"potions_floor_spawned":[1,3,14,16,21],"seed_played":"2989430846043745621","killed_by":"Cultist and Chosen","ascension_level":1,"is_trial":false}