{"gold_per_floor":[111,111,36,36,47,47,5,36,63,63,96,108,128,103,103,176,176,193,193],"floor_reached":19,"playtime":543,"items_purged":["Regret"],"score":400,"play_id":"813f515a-deed-45c7-9c7b-1ae183f4363c","local_time":"20190315211659","is_ascension_mode":true,"campfire_choices":[{"data":"Bash","floor":6,"key":"SMITH"},{"data":"Feed","floor":10,"key":"SMITH"},{"data":"Armaments","floor":15,"key":"SMITH"}],"neow_cost":"NONE","seed_source_timestamp":126501707851900,"circlet_count":0,"master_deck":["AscendersBane","Strike_R","Strike_R","Strike_R","Strike_R","Defend_R","Defend_R","Defend_R","Defend_R","Bash+1","Evolve","Battle Trance","Feed+1","Armaments+1","True Grit","Disarm","Body Slam","Barricade"],"relics":["Burning Blood","NeowsBlessing","Question Card","Strawberry","Bag of Marbles","Lantern","Sozu"],"potions_floor_usage":[11,11,16],"damage_taken":[{"damage":0,"enemies":"Jaw Worm","floor":1,"turns":1},{"damage":0,"enemies":"2 Louse","floor":5,"turns":2},{"damage":0,"enemies":"Gremlin Nob","floor":8,"turns":1},{"damage":10,"enemies":"3 Sentries","floor":11,"turns":10},{"damage":2,"enemies":"Cultist","floor":12,"turns":4},{"damage":9,"enemies":"Lots of Slimes","floor":13,"turns":4},{"damage":22,"enemies":"The Guardian","floor":16,"turns":16},{"damage":20,"enemies":"3 Byrds","floor":18,"turns":9},{"damage":76,"enemies":"Masked Bandits","floor":19,"turns":4}],"seed_played":"-3443238091385336641","potions_obtained":[{"floor":1,"key":"FearPotion"},{"floor":5,"key":"SteroidPotion"},{"floor":13,"key":"SteroidPotion"}],"is_trial":false,"path_per_floor":["M","?","$","?","M","R","$","E","T","R","E","M","M","$","R","B",null,"M","?"],"character_chosen":"IRONCLAD","items_purchased":["Battle Trance","Body Slam"],"campfire_rested":0,"item_purchase_floors":[7,14],"current_hp_per_floor":[74,74,74,74,75,75,75,82,82,82,82,90,91,91,91,75,89,75,0],"gold":193,"neow_bonus":"THREE_ENEMY_KILL","is_prod":false,"is_daily":false,"chose_seed":false,"campfire_upgraded":3,"win_rate":0,"timestamp":1552652219,"path_taken":["M","?","$","?","M","R","$","E","T","R","E","?","M","?","R","BOSS","M","?"],"build_version":"2019-01-23","purchased_purges":1,"victory":false,"max_hp_per_floor":[75,75,75,75,75,75,75,82,82,82,86,90,94,94,94,94,94,94,94],"card_choices":[{"not_picked":["Entrench","Infernal Blade"],"picked":"Evolve","floor":1},{"not_picked":["Thunderclap","Corruption","Flex","Reckless Charge"],"picked":"SKIP","floor":5},{"not_picked":["Cleave","Warcry","Sword Boomerang"],"picked":"Feed","floor":8},{"not_picked":["Corruption","Flex","Battle Trance"],"picked":"Armaments","floor":11},{"not_picked":["Pommel Strike","Second Wind","Rage"],"picked":"True Grit","floor":12},{"not_picked":["True Grit","Headbutt","Combust"],"picked":"Disarm","floor":13},{"not_picked":["Juggernaut","Dark Embrace","Exhume"],"picked":"Barricade","floor":16},{"not_picked":["Intimidate","Rupture","Sentinel","Iron Wave"],"picked":"SKIP","floor":18}],"player_experience":2299251,"relics_obtained":[{"floor":8,"key":"Strawberry"},{"floor":9,"key":"Bag of Marbles"},{"floor":11,"key":"Lantern"}],"event_choices":[{"damage_healed":0,"gold_gain":0,"player_choice":"Box","damage_taken":0,"relics_obtained":["Question Card"],"max_hp_gain":0,"max_hp_loss":0,"event_name":"Big Fish","floor":2,"gold_loss":0,"cards_obtained":["Regret"]},{"cards_removed":["Strike_R"],"damage_healed":0,"gold_gain":0,"player_choice":"Offered Basic","damage_taken":0,"max_hp_gain":0,"max_hp_loss":0,"event_name":"Bonfire Elementals","floor":4,"gold_loss":0},{"damage_healed":0,"gold_gain":0,"player_choice":"Fought Bandits","damage_taken":0,"max_hp_gain":0,"max_hp_loss":0,"event_name":"Masked Bandits","floor":19,"gold_loss":0}],"is_beta":false,"boss_relics":[{"not_picked":["Runic Pyramid","White Beast Statue"],"picked":"Sozu"}],"items_purged_floors":[3],"is_endless":false,"potions_floor_spawned":[1,5,8,13],"killed_by":"Masked Bandits","ascension_level":20}