{"gold_per_floor":[111,36,36,52,1,1,17,17,17,17,17,40,40,64,64,193,193,216,66,66,66,16,0,0,13,59,59,59,78,99,119,119,242,242,255,1254,1254,180,193,193,206,206,206,0,0,18,42,65,65,65],"floor_reached":50,"playtime":7589,"items_purged":["Strike_R","Strike_R","Normality"],"score":557,"play_id":"d80897ca-e876-484b-a432-c8dc3907b147","local_time":"20190114182727","is_ascension_mode":false,"campfire_choices":[{"data":"Warcry","floor":6,"key":"SMITH"},{"data":"Shockwave","floor":13,"key":"SMITH"},{"data":"Demon Form","floor":15,"key":"SMITH"},{"data":"True Grit","floor":24,"key":"SMITH"},{"floor":32,"key":"REST"},{"data":"1","floor":40,"key":"LIFT"},{"data":"2","floor":42,"key":"LIFT"},{"floor":49,"key":"REST"}],"neow_cost":"NONE","seed_source_timestamp":317889439019839,"circlet_count":0,"master_deck":["Defend_R","Defend_R","Defend_R","Defend_R","Bash","Warcry+1","Ghostly Armor","Shrug It Off","Headbutt","Shockwave+1","Burning Pact","Demon Form+1","Barricade","True Grit","True Grit+1","Metallicize","Warcry","Whirlwind","Shame","Whirlwind+1","Headbutt","Reaper","Doubt","Rampage","Normality","Rampage","Apotheosis","Entrench","Whirlwind","Bandage Up+1","Dagger Throw+1","Metamorphosis","Trip","PanicButton","Go for the Eyes+1","Expertise","Setup"],"relics":["Burning Blood","Golden Idol","Darkstone Periapt","Anchor","Mark of Pain","Regal Pillow","Omamori","Gremlin Horn","Calling Bell","Oddly Smooth Stone","Mercury Hourglass","Girya","Bag of Marbles","Pantograph","PrismaticShard","Dodecahedron","Red Mask"],"potions_floor_usage":[16,33],"damage_taken":[{"damage":5,"enemies":"Jaw Worm","floor":1,"turns":5},{"damage":14,"enemies":"Small Slimes","floor":4,"turns":5},{"damage":0,"enemies":"2 Louse","floor":7,"turns":4},{"damage":1,"enemies":"Looter","floor":12,"turns":4},{"damage":1,"enemies":"Exordium Wildlife","floor":14,"turns":4},{"damage":46,"enemies":"The Guardian","floor":16,"turns":10},{"damage":14,"enemies":"Spheric Guardian","floor":18,"turns":9},{"damage":8,"enemies":"2 Thieves","floor":23,"turns":5},{"damage":62,"enemies":"3 Cultists","floor":25,"turns":11},{"damage":11,"enemies":"Snecko","floor":29,"turns":6},{"damage":8,"enemies":"Centurion and Healer","floor":30,"turns":6},{"damage":16,"enemies":"Snake Plant","floor":31,"turns":5},{"damage":35,"enemies":"Automaton","floor":33,"turns":12},{"damage":9,"enemies":"3 Shapes","floor":35,"turns":3},{"damage":37,"enemies":"Orb Walker","floor":39,"turns":7},{"damage":14,"enemies":"4 Shapes","floor":41,"turns":1},{"damage":0,"enemies":"Jaw Worm Horde","floor":46,"turns":1},{"damage":14,"enemies":"Transient","floor":47,"turns":5},{"damage":4,"enemies":"3 Darklings","floor":48,"turns":2},{"damage":124,"enemies":"Donu and Deca","floor":50,"turns":9}],"seed_played":"-4417623836992330003","potions_obtained":[{"floor":4,"key":"Ancient Potion"},{"floor":12,"key":"PowerPotion"},{"floor":25,"key":"Poison Potion"},{"floor":29,"key":"Swift Potion"},{"floor":33,"key":"Regen Potion"},{"floor":35,"key":"PowerPotion"},{"floor":47,"key":"AttackPotion"}],"is_trial":false,"path_per_floor":["M","$","?","M","$","R","M","?","T","?","T","M","R","M","R","B",null,"M","$","?","?","?","M","R","M","T","?","?","M","M","M","R","B",null,"M","?","?","$","M","R","M","R","T","?","?","M","M","M","R","B"],"character_chosen":"IRONCLAD","items_purchased":["Shrug It Off","True Grit","Apotheosis","Entrench","Whirlwind","Bag of Marbles","Pantograph","PrismaticShard"],"campfire_rested":2,"item_purchase_floors":[5,19,38,38,38,38,38,38],"current_hp_per_floor":[88,88,66,58,58,58,64,64,64,64,64,69,69,74,74,34,88,80,80,80,80,80,78,78,22,22,28,28,23,21,11,54,25,100,97,109,109,109,85,85,83,83,83,83,73,85,83,85,112,0],"gold":65,"neow_bonus":"TEN_PERCENT_HP_BONUS","is_prod":false,"is_daily":false,"chose_seed":false,"campfire_upgraded":4,"win_rate":0,"timestamp":1547458047,"path_taken":["M","$","?","M","$","R","M","?","T","?","?","M","R","M","R","BOSS","M","$","?","?","?","?","R","M","T","?","?","M","?","M","R","BOSS","M","?","?","$","M","R","?","R","T","?","?","M","M","M","R","BOSS"],"build_version":"2019-01-10","purchased_purges":3,"victory":false,"max_hp_per_floor":[88,88,88,88,88,88,88,88,88,88,88,88,88,88,88,88,88,88,88,88,88,88,88,88,88,88,94,94,94,94,94,94,94,100,100,112,112,112,112,112,112,112,112,112,112,112,112,112,112,112],"card_choices":[{"not_picked":["Anger","Cleave"],"picked":"Warcry","floor":1},{"not_picked":["Perfected Strike","Fire Breathing"],"picked":"Ghostly Armor","floor":4},{"not_picked":["Body Slam","Clothesline"],"picked":"Headbutt","floor":7},{"not_picked":["Anger","Clash"],"picked":"Burning Pact","floor":12},{"not_picked":["Blood for Blood","Cleave"],"picked":"Demon Form","floor":14},{"not_picked":["Demon Form","Offering"],"picked":"Barricade","floor":16},{"not_picked":["Reckless Charge+1","Clash"],"picked":"True Grit","floor":18},{"not_picked":["Perfected Strike","Combust"],"picked":"Warcry","floor":23},{"not_picked":["True Grit","Body Slam"],"picked":"Whirlwind","floor":25},{"not_picked":["Warcry+1","Hemokinesis+1"],"picked":"Whirlwind+1","floor":29},{"not_picked":["Armaments","Clothesline+1"],"picked":"Headbutt","floor":30},{"not_picked":["Warcry","Pommel Strike","Fire Breathing"],"picked":"SKIP","floor":31},{"not_picked":["Offering","Fiend Fire"],"picked":"Reaper","floor":33},{"not_picked":["Thunderclap","Twin Strike"],"picked":"Rampage","floor":35},{"not_picked":["Cold Snap+1","Capacitor+1"],"picked":"Bandage Up+1","floor":39},{"not_picked":["Recycle","Good Instincts+1"],"picked":"Dagger Throw+1","floor":41},{"not_picked":["Purity","Panacea"],"picked":"Metamorphosis","floor":45},{"not_picked":["Impatience","HandOfGreed"],"picked":"Trip","floor":45},{"not_picked":["Panache","Madness"],"picked":"PanicButton","floor":45},{"not_picked":["Flying Knee","Leap"],"picked":"Go for the Eyes+1","floor":46},{"not_picked":["Iron Wave","Deadly Poison"],"picked":"Expertise","floor":47},{"not_picked":["Redo","Ball Lightning+1"],"picked":"Setup","floor":48}],"player_experience":23199,"relics_obtained":[{"floor":9,"key":"Darkstone Periapt"},{"floor":11,"key":"Anchor"},{"floor":26,"key":"Regal Pillow"},{"floor":34,"key":"Oddly Smooth Stone"},{"floor":34,"key":"Mercury Hourglass"},{"floor":34,"key":"Girya"},{"floor":43,"key":"Dodecahedron"}],"event_choices":[{"damage_healed":0,"gold_gain":0,"player_choice":"Take Damage","damage_taken":22,"relics_obtained":["Golden Idol"],"max_hp_gain":0,"max_hp_loss":0,"event_name":"Golden Idol","floor":3,"gold_loss":0},{"damage_healed":0,"gold_gain":0,"player_choice":"Ignored","damage_taken":0,"max_hp_gain":0,"max_hp_loss":0,"event_name":"Shining Light","floor":8,"gold_loss":0},{"damage_healed":0,"gold_gain":0,"cards_transformed":["Strike_R"],"player_choice":"Change","damage_taken":0,"max_hp_gain":0,"max_hp_loss":0,"event_name":"Living Wall","floor":10,"gold_loss":0,"cards_obtained":["Shockwave"]},{"damage_healed":0,"gold_gain":0,"cards_transformed":["Strike_R","Strike_R"],"player_choice":"Became Test Subject","damage_taken":0,"max_hp_gain":0,"max_hp_loss":0,"event_name":"Drug Dealer","floor":20,"gold_loss":0,"cards_obtained":["Clash","Metallicize"]},{"damage_healed":0,"gold_gain":0,"player_choice":"Ignored","damage_taken":0,"max_hp_gain":0,"max_hp_loss":0,"event_name":"Vampires","floor":21,"gold_loss":0},{"damage_healed":0,"gold_gain":0,"player_choice":"Bet on Owner","damage_taken":0,"max_hp_gain":0,"max_hp_loss":0,"event_name":"The Joust","floor":22,"gold_loss":50},{"damage_healed":0,"gold_gain":0,"player_choice":"Stole Relic","damage_taken":0,"relics_obtained":["Omamori"],"max_hp_gain":0,"max_hp_loss":0,"event_name":"Addict","floor":27,"gold_loss":0,"cards_obtained":["Shame"]},{"damage_healed":0,"gold_gain":0,"player_choice":"Gave Potion","damage_taken":0,"relics_obtained":["Gremlin Horn"],"max_hp_gain":0,"max_hp_loss":0,"event_name":"WeMeetAgain","floor":28,"gold_loss":0},{"damage_healed":0,"gold_gain":999,"player_choice":"Gold","damage_taken":0,"max_hp_gain":0,"max_hp_loss":0,"event_name":"MindBloom","floor":36,"gold_loss":0,"cards_obtained":["Normality","Normality"]},{"damage_healed":0,"gold_gain":0,"cards_transformed":["Clash"],"player_choice":"Transformed","damage_taken":0,"max_hp_gain":0,"max_hp_loss":0,"event_name":"Transmorgrifier","floor":37,"gold_loss":0,"cards_obtained":["Rampage"]},{"damage_healed":0,"gold_gain":0,"player_choice":"Paid","damage_taken":0,"relics_obtained":["Red Mask"],"max_hp_gain":0,"max_hp_loss":0,"event_name":"Tomb of Lord Red Mask","floor":44,"gold_loss":206},{"damage_healed":0,"gold_gain":0,"player_choice":"Memory 3","damage_taken":10,"max_hp_gain":0,"max_hp_loss":0,"event_name":"SensoryStone","floor":45,"gold_loss":0}],"is_beta":false,"boss_relics":[{"not_picked":["Snecko Eye","Busted Crown"],"picked":"Mark of Pain"},{"not_picked":["Runic Cube","Empty Cage"],"picked":"Calling Bell"}],"items_purged_floors":[2,19,38],"is_endless":false,"potions_floor_spawned":[4,12,25,29,33,35,47],"killed_by":"Donu and Deca","ascension_level":0}