{"gold_per_floor":[115,80,80,95,95,95,121,121,121,137,151,3,3,3,3,124,124,147,147],"floor_reached":19,"playtime":755,"items_purged":["Regret"],"score":295,"play_id":"00089514-7127-4df1-9d46-671b405b8b3d","local_time":"20180901184930","is_ascension_mode":true,"campfire_choices":[{"data":"Ball Lightning","floor":6,"key":"SMITH"},{"data":"Hello World","floor":8,"key":"SMITH"},{"floor":15,"key":"REST"}],"neow_cost":"NONE","seed_source_timestamp":1470796287531065,"circlet_count":0,"master_deck":["Strike_B","Strike_B","Strike_B","Strike_B","Defend_B","Defend_B","Defend_B","Defend_B","Zap+1","Dualcast","AscendersBane","Ball Lightning+1","Hello World+1","Ball Lightning","Double Energy","Heatsinks","Redo","Buffer","Chaos+1"],"relics":["Cracked Core","NeowsBlessing","Dream Catcher","Incense Burner","Art of War","Golden Idol","Eternal Feather"],"potions_floor_usage":[19,19],"damage_taken":[{"damage":0,"enemies":"2 Louse","floor":1,"turns":1},{"damage":0,"enemies":"Jaw Worm","floor":4,"turns":1},{"damage":0,"enemies":"Gremlin Nob","floor":7,"turns":1},{"damage":3,"enemies":"Small Slimes","floor":10,"turns":3},{"damage":6,"enemies":"Gremlin Gang","floor":11,"turns":5},{"damage":5,"enemies":"Slime Boss","floor":16,"turns":8},{"damage":11,"enemies":"Spheric Guardian","floor":18,"turns":4},{"damage":34,"enemies":"Colosseum Slavers","floor":19,"turns":4},{"damage":30,"enemies":"Colosseum Nobs","floor":19,"turns":3}],"seed_played":"8198749299333559611","potions_obtained":[{"floor":7,"key":"Dexterity Potion"},{"floor":10,"key":"Ancient Potion"},{"floor":16,"key":"AttackPotion"}],"is_trial":false,"path_per_floor":["M","?","?","M","?","R","E","R","T","M","M","$","?","?","R","B",null,"M"],"character_chosen":"DEFECT","items_purchased":["Heatsinks"],"campfire_rested":1,"item_purchase_floors":[12],"current_hp_per_floor":[68,75,75,75,75,75,75,75,75,72,66,66,48,48,70,65,73,62,0],"gold":147,"neow_bonus":"THREE_ENEMY_KILL","is_prod":false,"is_daily":false,"chose_seed":false,"campfire_upgraded":2,"win_rate":0,"timestamp":1535816970,"path_taken":["M","?","?","M","?","R","E","R","T","M","?","$","?","?","R","BOSS","M","?"],"build_version":"2018-08-30","purchased_purges":1,"victory":false,"max_hp_per_floor":[75,75,75,75,75,75,75,75,75,75,75,75,75,75,75,75,75,75,75],"card_choices":[{"not_picked":["Go for the Eyes","Skim","Compile Driver"],"picked":"SKIP","floor":1},{"not_picked":["Double Energy","Reprogram"],"picked":"Ball Lightning","floor":4},{"not_picked":["Redo","Sunder"],"picked":"Hello World","floor":7},{"not_picked":["Tempest","Turbo"],"picked":"Ball Lightning","floor":10},{"not_picked":["Go for the Eyes","Compile Driver"],"picked":"Double Energy","floor":11},{"not_picked":["Beam Cell","Chill"],"picked":"Redo","floor":15},{"not_picked":["All For One","Reboot"],"picked":"Buffer","floor":16},{"not_picked":["Turbo","Gash+1"],"picked":"Chaos+1","floor":18}],"player_experience":666868,"relics_obtained":[{"floor":7,"key":"Incense Burner"},{"floor":9,"key":"Art of War"}],"event_choices":[{"event_name":"The Cleric","player_choice":"Healed","floor":2,"damage_taken":0},{"event_name":"Big Fish","player_choice":"Box","floor":3,"damage_taken":0},{"event_name":"Upgrade Shrine","player_choice":"Upgraded","floor":5,"damage_taken":0},{"event_name":"Golden Idol","player_choice":"Take Damage","floor":13,"damage_taken":0},{"event_name":"Shining Light","player_choice":"Ignored","floor":14,"damage_taken":0},{"event_name":"Colosseum","player_choice":"Fight","floor":19,"damage_taken":0},{"event_name":"Colosseum","player_choice":"Fought Nobs","floor":19,"damage_taken":0}],"is_beta":false,"boss_relics":[{"not_picked":["Ectoplasm","FrozenCore"],"picked":"Eternal Feather"}],"items_purged_floors":[12],"is_endless":false,"potions_floor_spawned":[7,10,11,16,19],"killed_by":"Colosseum Nobs","ascension_level":11}