{"gold_per_floor":[116,41,58,58,58,92,103,103,103,103,118,118,132,162,162,241,241,255,305,305,305,305,305,305,322,373,9,26,42,42,57,57,136,136,154,154,154,168,168,168,168,199,199,299,317,331,331,12,12,12],"floor_reached":50,"playtime":2182,"items_purged":["Pain"],"score":1061,"play_id":"e097904e-a9ab-4244-ac21-0c779f9ef0e9","local_time":"20190425135827","is_ascension_mode":true,"campfire_choices":[{"data":"Doom and Gloom","floor":8,"key":"SMITH"},{"data":"Zap","floor":10,"key":"SMITH"},{"data":"Dualcast","floor":12,"key":"SMITH"},{"data":"Streamline","floor":15,"key":"SMITH"},{"data":"Hyperbeam","floor":23,"key":"SMITH"},{"data":"Defragment","floor":30,"key":"SMITH"},{"data":"Darkness","floor":32,"key":"SMITH"},{"data":"Seek","floor":40,"key":"SMITH"},{"floor":49,"key":"RECALL"}],"neow_cost":"NONE","seed_source_timestamp":265239297197900,"circlet_count":0,"master_deck":["AscendersBane","Zap+1","Dualcast+1","Cold Snap","Doom and Gloom+1","Turbo","Conserve Battery","Undo","Creative AI+1","Sweeping Beam","Chill","Seek+1","Skim","Compile Driver","Hyperbeam+1","Lockon","Defragment+1","Ghostly","Ghostly","Ghostly","Darkness+1","Conserve Battery","Loop+1","Cold Snap","Echo Form","Turbo","Master of Strategy","Madness","Chill","Hologram","Redo+1"],"relics":["Cracked Core","NeowsBlessing","WarpedTongs","Pear","Blood Vial","Juzu Bracelet","Pandora\u0027s Box","Matryoshka","Mercury Hourglass","Omamori","Cables","Lizard Tail","Anchor","Bronze Scales","Shovel","Calipers"],"potions_floor_usage":[16,16,46,46],"damage_taken":[{"damage":0,"enemies":"Small Slimes","floor":1,"turns":1},{"damage":0,"enemies":"2 Louse","floor":3,"turns":1},{"damage":0,"enemies":"3 Sentries","floor":6,"turns":1},{"damage":2,"enemies":"Cultist","floor":7,"turns":3},{"damage":0,"enemies":"2 Fungi Beasts","floor":11,"turns":2},{"damage":6,"enemies":"Blue Slaver","floor":13,"turns":4},{"damage":25,"enemies":"The Guardian","floor":16,"turns":9},{"damage":12,"enemies":"Spheric Guardian","floor":18,"turns":3},{"damage":16,"enemies":"3 Byrds","floor":25,"turns":4},{"damage":4,"enemies":"Sentry and Sphere","floor":28,"turns":5},{"damage":0,"enemies":"Centurion and Healer","floor":29,"turns":4},{"damage":0,"enemies":"Cultist and Chosen","floor":31,"turns":5},{"damage":3,"enemies":"Champ","floor":33,"turns":10},{"damage":12,"enemies":"Orb Walker","floor":35,"turns":4},{"damage":2,"enemies":"3 Darklings","floor":38,"turns":3},{"damage":13,"enemies":"Giant Head","floor":42,"turns":8},{"damage":0,"enemies":"Mind Bloom Boss Battle","floor":44,"turns":9},{"damage":0,"enemies":"4 Shapes","floor":45,"turns":5},{"damage":21,"enemies":"Sphere and 2 Shapes","floor":46,"turns":4},{"damage":22,"enemies":"Time Eater","floor":50,"turns":2}],"seed_played":"8132111537279458795","potions_obtained":[{"floor":3,"key":"FearPotion"},{"floor":6,"key":"Weak Potion"},{"floor":25,"key":"EssenceOfSteel"},{"floor":29,"key":"FocusPotion"},{"floor":46,"key":"Poison Potion"}],"is_trial":false,"path_per_floor":["M","?","M","?","?","E","M","R","T","R","M","R","M","?","R","B",null,"M","?","?","?","?","R","T","M","T","$","M","M","R","M","R","B",null,"M","?","?","M","?","R","?","E","T","?","M","M","$","$","R","B"],"character_chosen":"DEFECT","items_purchased":["Conserve Battery","Cables","Calipers"],"campfire_rested":0,"item_purchase_floors":[27,27,48],"current_hp_per_floor":[64,64,64,64,64,74,72,72,72,72,74,74,70,70,70,47,73,63,63,40,40,40,40,40,24,24,24,22,24,24,26,26,25,36,26,26,34,34,34,34,24,13,13,15,17,20,20,20,20,0],"gold":12,"neow_bonus":"THREE_ENEMY_KILL","is_prod":false,"is_daily":false,"chose_seed":false,"campfire_upgraded":8,"win_rate":0,"timestamp":1556168307,"path_taken":["M","?","M","?","?","E","M","R","T","R","?","R","M","?","R","BOSS","M","?","?","?","?","R","?","M","T","$","M","M","R","M","R","BOSS","M","?","?","M","?","R","?","E","T","?","M","M","?","$","R","BOSS"],"build_version":"2019-01-23","purchased_purges":1,"victory":false,"max_hp_per_floor":[71,71,71,71,71,81,81,81,81,81,81,81,81,81,81,81,81,81,81,40,40,40,40,40,40,40,40,40,40,40,40,40,40,40,40,40,40,40,40,40,40,40,40,40,40,40,40,40,40,40],"card_choices":[{"not_picked":["Lockon","Undo"],"picked":"Cold Snap","floor":1},{"not_picked":["Go for the Eyes","Steam Power"],"picked":"Doom and Gloom","floor":3},{"not_picked":["Compile Driver","Rebound"],"picked":"Turbo","floor":6},{"not_picked":["Go for the Eyes","Turbo"],"picked":"Conserve Battery","floor":7},{"not_picked":["Streamline","Barrage"],"picked":"Undo","floor":11},{"not_picked":["Redo","Sunder"],"picked":"Streamline","floor":13},{"not_picked":["Rainbow","Reboot"],"picked":"Creative AI","floor":16},{"not_picked":["Cold Snap","Ball Lightning"],"picked":"Defragment","floor":18},{"not_picked":["Steam","Barrage"],"picked":"Darkness","floor":25},{"not_picked":["Steam","Leap"],"picked":"Loop+1","floor":28},{"not_picked":["Streamline","Turbo","Skim"],"picked":"SKIP","floor":29},{"not_picked":["Tempest","Skim"],"picked":"Cold Snap","floor":31},{"not_picked":["Fission","Biased Cognition"],"picked":"Echo Form","floor":33},{"not_picked":["Cold Snap","Steam Power"],"picked":"Turbo","floor":35},{"not_picked":["Tempest","Reprogram","Doom and Gloom+1"],"picked":"SKIP","floor":38},{"not_picked":["PanicButton","Mind Blast"],"picked":"Master of Strategy","floor":41},{"not_picked":["Mind Blast","Purity"],"picked":"Madness","floor":41},{"not_picked":["Steam Power","Steam","Go for the Eyes+1"],"picked":"SKIP","floor":42},{"not_picked":["Auto Shields","Coolheaded"],"picked":"Chill","floor":44},{"not_picked":["Static Discharge","Leap+1"],"picked":"Hologram","floor":45},{"not_picked":["Turbo+1","Cold Snap"],"picked":"Redo+1","floor":46}],"player_experience":3363579,"relics_obtained":[{"floor":6,"key":"Pear"},{"floor":9,"key":"Blood Vial"},{"floor":24,"key":"Matryoshka"},{"floor":26,"key":"Mercury Hourglass"},{"floor":26,"key":"Omamori"},{"floor":42,"key":"Anchor"},{"floor":43,"key":"Bronze Scales"},{"floor":44,"key":"Shovel"}],"event_choices":[{"cards_removed":["Defend_B"],"damage_healed":0,"gold_gain":0,"player_choice":"Card Removal","damage_taken":0,"max_hp_gain":0,"max_hp_loss":0,"event_name":"The Cleric","floor":2,"gold_loss":75},{"damage_healed":0,"gold_gain":0,"player_choice":"Ignored","damage_taken":0,"max_hp_gain":0,"max_hp_loss":0,"event_name":"Liars Game","floor":4,"gold_loss":0},{"damage_healed":0,"gold_gain":0,"player_choice":"Rummage","damage_taken":0,"relics_obtained":["WarpedTongs"],"max_hp_gain":0,"max_hp_loss":0,"event_name":"Accursed Blacksmith","floor":5,"gold_loss":0,"cards_obtained":["Pain"]},{"damage_healed":0,"gold_gain":30,"player_choice":"Searched \u00273\u0027 times","damage_taken":0,"relics_obtained":["Juzu Bracelet"],"max_hp_gain":0,"max_hp_loss":0,"event_name":"Dead Adventurer","floor":14,"gold_loss":0},{"damage_healed":0,"gold_gain":50,"player_choice":"Stole From Cult","damage_taken":0,"max_hp_gain":0,"max_hp_loss":0,"event_name":"Nest","floor":19,"gold_loss":0},{"damage_healed":0,"gold_gain":0,"player_choice":"Became a Ghost","damage_taken":0,"max_hp_gain":0,"max_hp_loss":41,"event_name":"Ghosts","floor":20,"gold_loss":0,"cards_obtained":["Ghostly","Ghostly","Ghostly"]},{"damage_healed":0,"gold_gain":0,"player_choice":"Upgraded","damage_taken":0,"max_hp_gain":0,"max_hp_loss":0,"event_name":"Upgrade Shrine","floor":21,"gold_loss":0,"cards_upgraded":["Creative AI"]},{"damage_healed":0,"gold_gain":0,"player_choice":"Ignored","damage_taken":0,"max_hp_gain":0,"max_hp_loss":0,"event_name":"The Mausoleum","floor":22,"gold_loss":0},{"damage_healed":0,"gold_gain":0,"player_choice":"Ignored","damage_taken":0,"max_hp_gain":0,"max_hp_loss":0,"event_name":"Mysterious Sphere","floor":36,"gold_loss":0},{"damage_healed":8,"gold_gain":0,"player_choice":"Writhe","damage_taken":0,"max_hp_gain":0,"max_hp_loss":0,"event_name":"Winding Halls","floor":37,"gold_loss":0,"cards_obtained":["Writhe"]},{"cards_removed":["Streamline"],"damage_healed":0,"gold_gain":0,"player_choice":"Card Removal","damage_taken":0,"max_hp_gain":0,"max_hp_loss":0,"event_name":"Wheel of Change","floor":39,"gold_loss":0},{"damage_healed":0,"gold_gain":0,"player_choice":"Memory 3","damage_taken":10,"max_hp_gain":0,"max_hp_loss":0,"event_name":"SensoryStone","floor":41,"gold_loss":0},{"damage_healed":0,"gold_gain":0,"player_choice":"Fight","damage_taken":0,"max_hp_gain":0,"max_hp_loss":0,"event_name":"MindBloom","floor":44,"gold_loss":0}],"is_beta":false,"boss_relics":[{"not_picked":["Ectoplasm","Busted Crown"],"picked":"Pandora\u0027s Box"},{"not_picked":["Tiny House","Black Star"],"picked":"Lizard Tail"}],"items_purged_floors":[27],"is_endless":false,"potions_floor_spawned":[3,6,7,25,29,42,46],"killed_by":"Time Eater","ascension_level":20}