{"gold_per_floor":[118,118,118,118,18,56,56,91,91,112,136,136,149,49,49,145,145,158,182,182,182],"floor_reached":21,"playtime":481,"items_purged":["Regret","Defend_B"],"score":474,"play_id":"9ac468c2-ef6a-43a6-978a-96a194b96b10","local_time":"20190316132943","is_ascension_mode":true,"campfire_choices":[{"data":"Zap","floor":7,"key":"SMITH"},{"data":"Loop","floor":12,"key":"SMITH"},{"floor":15,"key":"REST"}],"neow_cost":"NONE","seed_source_timestamp":184930235885700,"circlet_count":0,"master_deck":["AscendersBane","Strike_B","Strike_B","Strike_B","Strike_B","Defend_B","Defend_B","Defend_B","Zap+1","Dualcast","Ball Lightning","Turbo","Core Surge","Hologram","Loop+1","Electrodynamics","Coolheaded"],"relics":["Cracked Core","NeowsBlessing","StoneCalendar","Golden Idol","Omamori","Boot","Bottled Flame","Philosopher\u0027s Stone"],"potions_floor_usage":[16,16],"damage_taken":[{"damage":0,"enemies":"2 Louse","floor":1,"turns":1},{"damage":0,"enemies":"3 Sentries","floor":6,"turns":1},{"damage":0,"enemies":"Gremlin Nob","floor":8,"turns":1},{"damage":12,"enemies":"Small Slimes","floor":10,"turns":3},{"damage":0,"enemies":"Cultist","floor":11,"turns":3},{"damage":10,"enemies":"Exordium Thugs","floor":13,"turns":5},{"damage":26,"enemies":"Slime Boss","floor":16,"turns":7},{"damage":24,"enemies":"3 Byrds","floor":18,"turns":2},{"damage":24,"enemies":"2 Thieves","floor":19,"turns":2},{"damage":8,"enemies":"Cultist and Chosen","floor":21,"turns":3}],"seed_played":"-8245960621036140885","potions_obtained":[{"floor":1,"key":"Energy Potion"},{"floor":11,"key":"Fire Potion"},{"floor":20,"key":"Strength Potion"},{"floor":20,"key":"GamblersBrew"}],"is_trial":false,"path_per_floor":["M","?","?","?","$","E","R","E","T","M","M","R","M","$","R","B",null,"M","M","?","M"],"character_chosen":"DEFECT","items_purchased":["Turbo"],"campfire_rested":1,"item_purchase_floors":[5],"current_hp_per_floor":[64,64,40,40,40,40,40,40,40,28,28,28,18,18,39,13,57,33,9,9,1],"gold":182,"neow_bonus":"THREE_ENEMY_KILL","is_prod":false,"is_daily":false,"chose_seed":false,"campfire_upgraded":2,"win_rate":0,"timestamp":1552710583,"path_taken":["M","?","?","?","$","E","R","E","T","?","M","R","M","?","R","BOSS","M","M","?","?"],"build_version":"2019-01-23","purchased_purges":2,"victory":false,"max_hp_per_floor":[71,71,71,71,71,71,71,71,71,71,71,71,71,71,71,71,71,71,71,71,71],"card_choices":[{"not_picked":["Static Discharge","Leap"],"picked":"Ball Lightning","floor":1},{"not_picked":["Tempest","Redo"],"picked":"Core Surge","floor":6},{"not_picked":["Fusion","Conserve Battery"],"picked":"Hologram","floor":8},{"not_picked":["Gash","Chaos"],"picked":"Loop","floor":10},{"not_picked":["Hello World","Gash","Storm"],"picked":"SKIP","floor":11},{"not_picked":["Go for the Eyes","Redo","Barrage"],"picked":"SKIP","floor":13},{"not_picked":["Multi-Cast","Amplify"],"picked":"Electrodynamics","floor":16},{"not_picked":["Melter","Beam Cell+1","Gash"],"picked":"SKIP","floor":18},{"not_picked":["Leap+1","Reprogram"],"picked":"Coolheaded","floor":19}],"player_experience":2303793,"relics_obtained":[{"floor":6,"key":"Omamori"},{"floor":8,"key":"Boot"},{"floor":9,"key":"Bottled Flame"}],"event_choices":[{"damage_healed":0,"gold_gain":0,"player_choice":"Box","damage_taken":0,"relics_obtained":["StoneCalendar"],"max_hp_gain":0,"max_hp_loss":0,"event_name":"Big Fish","floor":2,"gold_loss":0,"cards_obtained":["Regret"]},{"damage_healed":0,"gold_gain":0,"player_choice":"Take Damage","damage_taken":24,"relics_obtained":["Golden Idol"],"max_hp_gain":0,"max_hp_loss":0,"event_name":"Golden Idol","floor":3,"gold_loss":0},{"damage_healed":0,"gold_gain":0,"player_choice":"0 cards matched","damage_taken":0,"max_hp_gain":0,"max_hp_loss":0,"event_name":"Match and Keep!","floor":4,"gold_loss":0,"cards_obtained":[]},{"damage_healed":0,"gold_gain":0,"player_choice":"Got Potions","damage_taken":0,"max_hp_gain":0,"max_hp_loss":0,"event_name":"Lab","floor":20,"gold_loss":0}],"is_beta":false,"boss_relics":[{"not_picked":["White Beast Statue","FrozenCore"],"picked":"Philosopher\u0027s Stone"}],"items_purged_floors":[5,14],"is_endless":false,"potions_floor_spawned":[1,11,13],"killed_by":"Cultist and Chosen","ascension_level":20}