{"gold_per_floor":[116,116,128,53,153,188,188,217,217,236,252,269,269,289,289,366,366,384,402,327,327,175,175,175],"floor_reached":24,"playtime":558,"items_purged":["Pain","Strike_R"],"score":462,"play_id":"8e024157-274c-4e4f-83d5-e2759e77c44f","local_time":"20190407211408","is_ascension_mode":true,"campfire_choices":[{"data":"Fiend Fire","floor":7,"key":"SMITH"},{"data":"Demon Form","floor":13,"key":"SMITH"},{"data":"Armaments","floor":15,"key":"SMITH"},{"floor":23,"key":"REST"}],"neow_cost":"NONE","seed_source_timestamp":69219159250600,"circlet_count":0,"master_deck":["AscendersBane","Strike_R","Strike_R","Strike_R","Defend_R","Defend_R","Defend_R","Defend_R","Bash","Armaments+1","Fiend Fire+1","Demon Form+1","True Grit","Entrench","Barricade","Burning Pact+1","Shrug It Off"],"relics":["Burning Blood","NeowsBlessing","WarpedTongs","Ornamental Fan","Nunchaku","Pantograph","Sozu"],"potions_floor_usage":[8,16],"damage_taken":[{"damage":0,"enemies":"Small Slimes","floor":1,"turns":1},{"damage":1,"enemies":"Cultist","floor":3,"turns":1},{"damage":0,"enemies":"3 Sentries","floor":6,"turns":1},{"damage":40,"enemies":"Lagavulin","floor":8,"turns":8},{"damage":0,"enemies":"2 Louse","floor":10,"turns":2},{"damage":31,"enemies":"Lots of Slimes","floor":11,"turns":5},{"damage":12,"enemies":"3 Louse","floor":12,"turns":4},{"damage":6,"enemies":"Looter","floor":14,"turns":3},{"damage":27,"enemies":"Hexaghost","floor":16,"turns":6},{"damage":44,"enemies":"Shell Parasite","floor":18,"turns":6},{"damage":10,"enemies":"Chosen","floor":19,"turns":5},{"damage":57,"enemies":"3 Cultists","floor":24,"turns":5}],"seed_played":"-7796645416187900680","potions_obtained":[{"floor":6,"key":"FearPotion"},{"floor":12,"key":"Swift Potion"},{"floor":16,"key":"Strength Potion"}],"is_trial":false,"path_per_floor":["M","?","M","$","?","E","R","E","T","M","M","M","R","M","R","B",null,"M","M","?","?","$","R","M"],"character_chosen":"IRONCLAD","items_purchased":["Shrug It Off"],"campfire_rested":1,"item_purchase_floors":[22],"current_hp_per_floor":[74,74,75,75,75,75,75,41,41,47,22,16,16,16,16,20,61,23,19,19,19,19,41,0],"gold":175,"neow_bonus":"THREE_ENEMY_KILL","is_prod":false,"is_daily":false,"chose_seed":false,"campfire_upgraded":3,"win_rate":0,"timestamp":1554639248,"path_taken":["M","?","M","?","?","E","R","E","T","M","M","M","R","M","R","BOSS","M","?","?","?","$","R","?"],"build_version":"2019-01-23","purchased_purges":2,"victory":false,"max_hp_per_floor":[75,75,75,75,75,75,75,75,75,75,75,75,75,75,75,75,75,75,75,75,75,75,75,75],"card_choices":[{"not_picked":["Flex","Body Slam"],"picked":"Armaments","floor":1},{"not_picked":["Sever Soul","Hemokinesis","Headbutt"],"picked":"SKIP","floor":3},{"not_picked":["Heavy Blade","Clash"],"picked":"Fiend Fire","floor":6},{"not_picked":["Feel No Pain","Headbutt"],"picked":"Demon Form","floor":8},{"not_picked":["Heavy Blade","Havoc","Clothesline"],"picked":"SKIP","floor":10},{"not_picked":["Anger","Power Through"],"picked":"True Grit","floor":11},{"not_picked":["True Grit","Perfected Strike"],"picked":"Entrench","floor":12},{"not_picked":["Armaments","Berserk","Reckless Charge"],"picked":"SKIP","floor":14},{"not_picked":["Immolate","Fiend Fire"],"picked":"Barricade","floor":16},{"not_picked":["Wild Strike","Perfected Strike","Sword Boomerang"],"picked":"SKIP","floor":18},{"not_picked":["Pommel Strike","Clash"],"picked":"Burning Pact+1","floor":19}],"player_experience":2957916,"relics_obtained":[{"floor":6,"key":"Ornamental Fan"},{"floor":8,"key":"Nunchaku"},{"floor":9,"key":"Pantograph"}],"event_choices":[{"damage_healed":0,"gold_gain":0,"player_choice":"Rummage","damage_taken":0,"relics_obtained":["WarpedTongs"],"max_hp_gain":0,"max_hp_loss":0,"event_name":"Accursed Blacksmith","floor":2,"gold_loss":0,"cards_obtained":["Pain"]},{"damage_healed":0,"gold_gain":100,"player_choice":"Gold","damage_taken":0,"max_hp_gain":0,"max_hp_loss":0,"event_name":"Wheel of Change","floor":5,"gold_loss":0},{"cards_removed":["Strike_R"],"damage_healed":0,"gold_gain":0,"player_choice":"Gave Gold","damage_taken":0,"max_hp_gain":0,"max_hp_loss":0,"event_name":"Beggar","floor":20,"gold_loss":75},{"damage_healed":0,"gold_gain":0,"player_choice":"Got Potions","damage_taken":0,"max_hp_gain":0,"max_hp_loss":0,"event_name":"Lab","floor":21,"gold_loss":0}],"is_beta":false,"boss_relics":[{"not_picked":["Cursed Key","Mark of Pain"],"picked":"Sozu"}],"items_purged_floors":[4,22],"is_endless":false,"potions_floor_spawned":[6,12,16,18,19],"killed_by":"3 Cultists","ascension_level":20}