{"gold_per_floor":[116,132,132,132,149,149,165,197,223,223,223,22,41,70,70,149,149,159,159,10,24,38,38],"floor_reached":23,"playtime":785,"items_purged":["Defend_B"],"score":402,"play_id":"d86d4d40-b87b-4d1b-9044-512888d5d410","local_time":"20190221230736","is_ascension_mode":true,"campfire_choices":[{"data":"Sunder","floor":6,"key":"SMITH"},{"floor":11,"key":"REST"},{"data":"Zap","floor":15,"key":"SMITH"}],"neow_cost":"NONE","seed_source_timestamp":126664106791200,"circlet_count":0,"master_deck":["AscendersBane","Strike_B","Strike_B","Strike_B","Strike_B","Defend_B","Defend_B","Zap+1","Dualcast","Sunder+1","Cold Snap","Sweeping Beam","Chill","Gash","Core Surge","Coolheaded","Consume","Defragment"],"relics":["Cracked Core","NeowsBlessing","Art of War","Happy Flower","Strawberry","Bronze Scales","Singing Bowl","Runic Dome"],"potions_floor_usage":[14,16,16,23,23],"damage_taken":[{"damage":0,"enemies":"Jaw Worm","floor":1,"turns":1},{"damage":0,"enemies":"2 Louse","floor":2,"turns":1},{"damage":0,"enemies":"Cultist","floor":5,"turns":1},{"damage":12,"enemies":"Looter","floor":7,"turns":3},{"damage":22,"enemies":"Lagavulin","floor":8,"turns":6},{"damage":12,"enemies":"Exordium Thugs","floor":13,"turns":2},{"damage":8,"enemies":"Gremlin Nob","floor":14,"turns":3},{"damage":20,"enemies":"Hexaghost","floor":16,"turns":7},{"damage":9,"enemies":"Chosen","floor":18,"turns":4},{"damage":14,"enemies":"2 Thieves","floor":21,"turns":4},{"damage":4,"enemies":"3 Cultists","floor":22,"turns":5},{"damage":47,"enemies":"Gremlin Leader","floor":23,"turns":8}],"seed_played":"-9026961619120852005","potions_obtained":[{"floor":1,"key":"LiquidBronze"},{"floor":4,"key":"Ancient Potion"},{"floor":7,"key":"Explosive Potion"},{"floor":14,"key":"FearPotion"},{"floor":16,"key":"SteroidPotion"},{"floor":18,"key":"Weak Potion"}],"is_trial":false,"path_per_floor":["M","M","?","?","M","R","M","E","T","?","R","$","M","E","R","B",null,"M","?","$","M","M","E"],"character_chosen":"DEFECT","items_purchased":["Bronze Scales","Chill","Defragment"],"campfire_rested":1,"item_purchase_floors":[12,12,20],"current_hp_per_floor":[64,64,53,53,53,53,41,19,26,26,49,49,37,29,29,9,61,52,52,52,40,38,0],"gold":38,"neow_bonus":"THREE_ENEMY_KILL","is_prod":false,"is_daily":false,"chose_seed":false,"campfire_upgraded":2,"win_rate":0,"timestamp":1550758056,"path_taken":["M","M","?","?","?","R","M","E","T","?","R","?","M","E","R","BOSS","M","?","$","M","M","E"],"build_version":"2019-01-23","purchased_purges":1,"victory":false,"max_hp_per_floor":[71,71,71,71,71,71,71,71,78,78,78,78,78,78,78,78,78,78,78,78,80,82,82],"card_choices":[{"not_picked":["Redo","FTL"],"picked":"Sunder","floor":1},{"not_picked":["Force Field","Stack","Redo"],"picked":"SKIP","floor":2},{"not_picked":["Force Field","Sweeping Beam","Compile Driver"],"picked":"SKIP","floor":5},{"not_picked":["Stack","Fusion"],"picked":"Cold Snap","floor":7},{"not_picked":["Rainbow","Turbo","Rebound"],"picked":"SKIP","floor":8},{"not_picked":["Stack","Scrape","Go for the Eyes"],"picked":"SKIP","floor":13},{"not_picked":["Stack","Scrape","Go for the Eyes"],"picked":"SKIP","floor":13},{"not_picked":["Go for the Eyes","Reboot"],"picked":"Gash","floor":14},{"not_picked":["Echo Form","Reboot"],"picked":"Core Surge","floor":16},{"not_picked":["Leap","Compile Driver"],"picked":"Coolheaded","floor":18},{"not_picked":["Compile Driver","Heatsinks","Rebound"],"picked":"Singing Bowl","floor":21},{"not_picked":["Hologram","Rebound","Streamline"],"picked":"Singing Bowl","floor":22}],"player_experience":1713631,"relics_obtained":[{"floor":8,"key":"Happy Flower"},{"floor":9,"key":"Strawberry"},{"floor":14,"key":"Singing Bowl"}],"event_choices":[{"damage_healed":0,"gold_gain":0,"player_choice":"Success","damage_taken":11,"relics_obtained":["Art of War"],"max_hp_gain":0,"max_hp_loss":0,"event_name":"Scrap Ooze","floor":3,"gold_loss":0},{"damage_healed":0,"gold_gain":0,"player_choice":"Got Potions","damage_taken":0,"max_hp_gain":0,"max_hp_loss":0,"event_name":"Lab","floor":4,"gold_loss":0},{"damage_healed":0,"gold_gain":0,"cards_transformed":["Defend_B"],"player_choice":"Transformed","damage_taken":0,"max_hp_gain":0,"max_hp_loss":0,"event_name":"Transmorgrifier","floor":10,"gold_loss":0,"cards_obtained":["Sweeping Beam"]},{"damage_healed":0,"gold_gain":0,"player_choice":"Read","damage_taken":0,"max_hp_gain":0,"max_hp_loss":0,"event_name":"The Library","floor":19,"gold_loss":0,"cards_obtained":["Consume"]}],"is_beta":false,"boss_relics":[{"not_picked":["Ectoplasm","Snecko Eye"],"picked":"Runic Dome"}],"items_purged_floors":[20],"is_endless":false,"potions_floor_spawned":[1,7,14,16,18,21],"killed_by":"Gremlin Leader","ascension_level":20}