{"gold_per_floor":[119,134,134,59,134,167,187,187,241,271,271,304,321,321,321,398,398,412,412,422,99,99,99,118,118,190,217,217,228,256,0,0,74,74,92,0,13,26,42,75,75,106,133,133,133,83,110,129,129,129,129,129,129,29,56,56],"floor_reached":56,"playtime":3548,"items_purged":["Decay","Compile Driver"],"score":2207,"play_id":"f80690d6-6938-449a-b25d-896165795d90","local_time":"20190208111845","is_ascension_mode":true,"campfire_choices":[{"data":"Consume","floor":8.0,"key":"SMITH"},{"data":"Coolheaded","floor":11.0,"key":"SMITH"},{"data":"Blizzard","floor":15.0,"key":"SMITH"},{"floor":23.0,"key":"REST"},{"data":"Sunder","floor":25.0,"key":"SMITH"},{"data":"Capacitor","floor":28.0,"key":"SMITH"},{"floor":32.0,"key":"REST"},{"data":"Loop","floor":41.0,"key":"SMITH"},{"data":"Loop","floor":45.0,"key":"SMITH"},{"floor":49.0,"key":"RECALL"},{"data":"Blizzard","floor":53.0,"key":"SMITH"}],"neow_cost":"NONE","seed_source_timestamp":230658611719500,"circlet_count":0,"master_deck":["AscendersBane","Zap","Dualcast+1","Consume+1","Coolheaded+1","Blizzard+1","Self Repair","Reboot","Loop+1","Buffer","Compile Driver+1","Loop+1","Sunder+1","Necronomicurse","Gash","Capacitor+1","Coolheaded","Chill","Echo Form","Cold Snap","Coolheaded","Capacitor","Panacea","Echo Form","Coolheaded","Blizzard","Blizzard+1","Chill","Capacitor+1","Core Surge","Hologram","Coolheaded+1"],"special_seed":0,"relics":["Cracked Core","NeowsBlessing","Anchor","Juzu Bracelet","Strawberry","Oddly Smooth Stone","Pandora\u0027s Box","Necronomicon","Regal Pillow","Darkstone Periapt","Art of War","Mercury Hourglass","Velvet Choker","Red Mask","Bird Faced Urn","Pen Nib","Ancient Tea Set","FossilizedHelix"],"potions_floor_usage":[56],"damage_taken":[{"damage":0.0,"enemies":"2 Louse","floor":1.0,"turns":1.0},{"damage":0.0,"enemies":"Small Slimes","floor":2.0,"turns":1.0},{"damage":0.0,"enemies":"Lagavulin","floor":6.0,"turns":1.0},{"damage":2.0,"enemies":"Jaw Worm","floor":7.0,"turns":3.0},{"damage":0.0,"enemies":"3 Sentries","floor":10.0,"turns":2.0},{"damage":6.0,"enemies":"Lagavulin","floor":12.0,"turns":8.0},{"damage":0.0,"enemies":"2 Fungi Beasts","floor":13.0,"turns":4.0},{"damage":48.0,"enemies":"Slime Boss","floor":16.0,"turns":10.0},{"damage":20.0,"enemies":"Spheric Guardian","floor":18.0,"turns":7.0},{"damage":23.0,"enemies":"Chosen","floor":20.0,"turns":8.0},{"damage":9.0,"enemies":"Snecko","floor":24.0,"turns":8.0},{"damage":19.0,"enemies":"Slavers","floor":27.0,"turns":10.0},{"damage":2.0,"enemies":"Centurion and Healer","floor":29.0,"turns":7.0},{"damage":43.0,"enemies":"Gremlin Leader","floor":30.0,"turns":8.0},{"damage":19.0,"enemies":"Champ","floor":33.0,"turns":10.0},{"damage":8.0,"enemies":"3 Shapes","floor":35.0,"turns":5.0},{"damage":0.0,"enemies":"Orb Walker","floor":37.0,"turns":2.0},{"damage":17.0,"enemies":"Writhing Mass","floor":38.0,"turns":8.0},{"damage":12.0,"enemies":"3 Darklings","floor":39.0,"turns":6.0},{"damage":0.0,"enemies":"Nemesis","floor":40.0,"turns":9.0},{"damage":37.0,"enemies":"Reptomancer","floor":42.0,"turns":7.0},{"damage":0.0,"enemies":"Nemesis","floor":47.0,"turns":7.0},{"damage":53.0,"enemies":"Transient","floor":48.0,"turns":6.0},{"damage":39.0,"enemies":"Awakened One","floor":50.0,"turns":14.0},{"damage":41.0,"enemies":"Time Eater","floor":51.0,"turns":16.0},{"damage":52.0,"enemies":"Shield and Spear","floor":55.0,"turns":11.0},{"damage":46,"enemies":"The Heart","floor":56,"turns":3}],"seed_played":"3094708166953148572","potions_obtained":[{"floor":1.0,"key":"PowerPotion"},{"floor":7.0,"key":"PowerPotion"},{"floor":10.0,"key":"Poison Potion"},{"floor":13.0,"key":"Regen Potion"},{"floor":24.0,"key":"Regen Potion"},{"floor":30.0,"key":"AttackPotion"},{"floor":38.0,"key":"Fire Potion"},{"floor":39.0,"key":"Regen Potion"},{"floor":42.0,"key":"Fire Potion"},{"floor":55.0,"key":"GamblersBrew"}],"is_trial":false,"path_per_floor":["M","M","?","?","?","E","M","R","T","E","R","E","M","?","R","B",null,"M","?","M","$","?","R","M","R","T","E","R","M","E","$","R","B",null,"M","?","M","M","M","E","R","E","T","?","R","?","E","M","R","B","B",null,"R","$","E","B"],"character_chosen":"DEFECT","items_purchased":["Capacitor","Regal Pillow","Coolheaded","PowerPotion","Capacitor","Panacea"],"campfire_rested":2,"item_purchase_floors":[21,21,21,21,31,31],"current_hp_per_floor":[64,64,64,64,53,53,51,51,51,58,58,52,52,52,52,20,64,51,30,14,14,14,52,50,50,50,46,46,51,15,15,53,48,71,70,70,70,67,69,76,76,51,51,51,51,51,78,37,37,36,31,66,66,66,50,12],"gold":56,"neow_bonus":"THREE_ENEMY_KILL","is_prod":false,"is_daily":false,"chose_seed":false,"campfire_upgraded":8,"win_rate":0,"timestamp":1549592325,"path_taken":["M","M","?","?","?","E","M","R","T","E","R","E","M","?","R","BOSS","M","?","M","$","?","R","M","R","T","E","R","M","E","$","R","BOSS","M","?","M","M","M","E","R","E","T","?","R","?","E","M","R","BOSS","BOSS","R","$","E","BOSS"],"build_version":"2019-01-23","purchased_purges":2,"victory":false,"max_hp_per_floor":[71,71,71,71,71,71,71,71,71,78,78,78,78,78,78,78,78,78,78,78,78,78,78,78,78,78,78,78,78,78,78,78,78,78,78,78,78,78,78,78,78,78,78,78,78,78,78,78,78,78,78,78,78,78,78,78],"card_choices":[{"not_picked":["Chaos","Sweeping Beam","Turbo"],"picked":"SKIP","floor":1.0},{"not_picked":["Turbo","Sweeping Beam","Steam"],"picked":"SKIP","floor":2.0},{"not_picked":["Gash","Compile Driver"],"picked":"Consume","floor":6.0},{"not_picked":["Beam Cell","Undo"],"picked":"Coolheaded","floor":7.0},{"not_picked":["Conserve Battery","Leap"],"picked":"Blizzard","floor":10.0},{"not_picked":["Beam Cell","Double Energy","Steam Power"],"picked":"SKIP","floor":12.0},{"not_picked":["Tempest","Leap"],"picked":"Self Repair","floor":13.0},{"not_picked":["Sweeping Beam","Rip and Tear","Recycle"],"picked":"SKIP","floor":18.0},{"not_picked":["Consume","Turbo"],"picked":"Gash","floor":20.0},{"not_picked":["Turbo","Gash"],"picked":"Chill","floor":24.0},{"not_picked":["Undo","Seek"],"picked":"Echo Form","floor":27.0},{"not_picked":["Ball Lightning","Leap"],"picked":"Cold Snap","floor":29.0},{"not_picked":["Hologram","Redo"],"picked":"Coolheaded","floor":30.0},{"not_picked":["Machine Learning","Reboot"],"picked":"Echo Form","floor":33.0},{"not_picked":["Sweeping Beam","Reinforced Body","Stack"],"picked":"SKIP","floor":35.0},{"not_picked":["Conserve Battery","Rebound"],"picked":"Coolheaded","floor":37.0},{"not_picked":["Steam","Stack"],"picked":"Blizzard","floor":38.0},{"not_picked":["Leap+1","Steam Power","Steam"],"picked":"SKIP","floor":39.0},{"not_picked":["Go for the Eyes","Storm"],"picked":"Blizzard","floor":40.0},{"not_picked":["Gash","Doom and Gloom"],"picked":"Chill","floor":42.0},{"not_picked":["Steam Power+1","Coolheaded"],"picked":"Core Surge","floor":47.0},{"not_picked":["Barrage","Leap"],"picked":"Hologram","floor":48.0},{"not_picked":["Go for the Eyes+1","Rainbow"],"picked":"Coolheaded+1","floor":55.0}],"player_experience":1448991,"relics_obtained":[{"floor":6.0,"key":"Anchor"},{"floor":9.0,"key":"Juzu Bracelet"},{"floor":10.0,"key":"Strawberry"},{"floor":12.0,"key":"Oddly Smooth Stone"},{"floor":19.0,"key":"Necronomicon"},{"floor":26.0,"key":"Darkstone Periapt"},{"floor":27.0,"key":"Art of War"},{"floor":30.0,"key":"Mercury Hourglass"},{"floor":40.0,"key":"Bird Faced Urn"},{"floor":42.0,"key":"Pen Nib"},{"floor":47.0,"key":"Ancient Tea Set"},{"floor":55.0,"key":"FossilizedHelix"}],"event_choices":[{"damage_healed":0.0,"max_hp_gain":0.0,"max_hp_loss":0.0,"gold_gain":0.0,"event_name":"Liars Game","player_choice":"Ignored","floor":3.0,"gold_loss":0.0,"damage_taken":0.0},{"cards_removed":["Defend_B"],"damage_healed":0.0,"max_hp_gain":0.0,"max_hp_loss":0.0,"gold_gain":0.0,"event_name":"The Cleric","player_choice":"Card Removal","floor":4.0,"gold_loss":75.0,"damage_taken":0.0},{"damage_healed":0.0,"max_hp_gain":0.0,"max_hp_loss":0.0,"gold_gain":75.0,"event_name":"World of Goop","player_choice":"Gather Gold","floor":5.0,"gold_loss":0.0,"damage_taken":11.0},{"damage_healed":0.0,"max_hp_gain":0.0,"max_hp_loss":0.0,"gold_gain":0.0,"cards_transformed":["Defend_B"],"event_name":"Living Wall","player_choice":"Change","floor":14.0,"gold_loss":0.0,"damage_taken":0.0,"cards_obtained":["Reboot"]},{"damage_healed":0.0,"max_hp_gain":0.0,"max_hp_loss":0.0,"gold_gain":0.0,"event_name":"Cursed Tome","player_choice":"Obtained Book","floor":19.0,"gold_loss":0.0,"damage_taken":21.0},{"damage_healed":0.0,"max_hp_gain":0.0,"max_hp_loss":0.0,"gold_gain":0.0,"event_name":"Forgotten Altar","player_choice":"Smashed Altar","floor":22.0,"gold_loss":0.0,"damage_taken":0.0,"cards_obtained":["Decay"]},{"damage_healed":0.0,"max_hp_gain":0.0,"max_hp_loss":0.0,"gold_gain":0.0,"event_name":"Tomb of Lord Red Mask","player_choice":"Paid","floor":36.0,"gold_loss":92.0,"damage_taken":0.0,"relics_obtained":["Red Mask"]},{"damage_healed":0.0,"max_hp_gain":0.0,"max_hp_loss":0.0,"gold_gain":0.0,"event_name":"Duplicator","player_choice":"Copied","floor":44.0,"gold_loss":0.0,"damage_taken":0.0,"cards_obtained":["Capacitor"]},{"damage_healed":0.0,"max_hp_gain":0.0,"max_hp_loss":0.0,"gold_gain":0.0,"event_name":"Designer","player_choice":"Upgraded Two","floor":46.0,"gold_loss":50.0,"damage_taken":0.0,"cards_upgraded":["Dualcast","Compile Driver"]}],"is_beta":false,"boss_relics":[{"not_picked":["Runic Pyramid","Empty Cage"],"picked":"Pandora\u0027s Box"},{"not_picked":["Lizard Tail","White Beast Statue"],"picked":"Velvet Choker"}],"items_purged_floors":[31,54],"is_endless":false,"potions_floor_spawned":[1,7,10,13,24,30,38,39,40,42,55],"killed_by":"The Heart","ascension_level":20}