{"gold_per_floor":[119,119,42,56,69,69,86,86,86,98,133,30,55,5,5,5],"floor_reached":16,"playtime":380,"items_purged":["Strike_R","Defend_R"],"score":220,"play_id":"121a35c4-ab07-44f7-b117-46ed1d5e7cb8","local_time":"20190420143223","is_ascension_mode":true,"campfire_choices":[{"data":"Bash","floor":6,"key":"SMITH"},{"data":"Carnage","floor":8,"key":"SMITH"},{"data":"True Grit","floor":15,"key":"SMITH"}],"neow_cost":"NONE","seed_source_timestamp":383786279280800,"circlet_count":0,"master_deck":["AscendersBane","Strike_R","Strike_R","Strike_R","Defend_R","Defend_R","Defend_R","Bash+1","Intimidate","Evolve","Shrug It Off","Carnage+1","Whirlwind","Seeing Red","True Grit+1","Shrug It Off"],"relics":["Burning Blood","Bag of Marbles","Question Card","Smiling Mask","Anchor"],"potions_floor_usage":[11,16,16],"damage_taken":[{"damage":12,"enemies":"Jaw Worm","floor":1,"turns":3},{"damage":13,"enemies":"Cultist","floor":4,"turns":5},{"damage":5,"enemies":"Small Slimes","floor":5,"turns":4},{"damage":19,"enemies":"Blue Slaver","floor":7,"turns":6},{"damage":10,"enemies":"Exordium Thugs","floor":10,"turns":3},{"damage":8,"enemies":"Gremlin Nob","floor":11,"turns":3},{"damage":23,"enemies":"Lagavulin","floor":13,"turns":5},{"damage":19,"enemies":"The Guardian","floor":16,"turns":10}],"seed_played":"7992607355942362958","potions_obtained":[{"floor":4,"key":"Dexterity Potion"},{"floor":10,"key":"Fire Potion"},{"floor":11,"key":"Strength Potion"}],"is_trial":false,"path_per_floor":["M","?","$","M","M","R","M","R","T","M","E","$","E","$","R","B"],"character_chosen":"IRONCLAD","items_purchased":["Evolve","True Grit"],"campfire_rested":0,"item_purchase_floors":[3,12],"current_hp_per_floor":[62,62,62,55,56,56,43,43,43,39,37,37,20,20,20,1],"gold":5,"neow_bonus":"RANDOM_COMMON_RELIC","is_prod":false,"is_daily":false,"chose_seed":false,"campfire_upgraded":3,"win_rate":0,"timestamp":1555738343,"path_taken":["M","?","?","?","M","R","?","R","T","M","E","$","E","?","R","BOSS"],"build_version":"2019-01-23","purchased_purges":2,"victory":false,"max_hp_per_floor":[75,75,75,75,75,75,75,75,75,75,75,75,75,75,75,75],"card_choices":[{"not_picked":["Cleave","Clash","Clothesline"],"picked":"SKIP","floor":1},{"not_picked":["Blood for Blood","Iron Wave","Searing Blow"],"picked":"SKIP","floor":4},{"not_picked":["Burning Pact","Flex"],"picked":"Shrug It Off","floor":5},{"not_picked":["Flex","Heavy Blade"],"picked":"Carnage","floor":7},{"not_picked":["Pommel Strike","Warcry","Flex"],"picked":"Whirlwind","floor":10},{"not_picked":["Heavy Blade","Exhume","Uppercut"],"picked":"Seeing Red","floor":11},{"not_picked":["Pommel Strike","Flex","Anger"],"picked":"Shrug It Off","floor":13}],"player_experience":3249357,"relics_obtained":[{"floor":9,"key":"Question Card"},{"floor":11,"key":"Smiling Mask"},{"floor":13,"key":"Anchor"}],"event_choices":[{"damage_healed":0,"gold_gain":0,"cards_transformed":["Strike_R"],"player_choice":"Transformed","damage_taken":0,"max_hp_gain":0,"max_hp_loss":0,"event_name":"Transmorgrifier","floor":2,"gold_loss":0,"cards_obtained":["Intimidate"]}],"is_beta":false,"boss_relics":[],"items_purged_floors":[12,14],"is_endless":false,"potions_floor_spawned":[4,10,11],"killed_by":"The Guardian","ascension_level":20}