{"gold_per_floor":[17,17,17,32,42,42,42,42,91,104,435,360,360,387,387,463,463,474,399,399,369,369],"floor_reached":22,"playtime":597,"items_purged":[],"score":380,"play_id":"e072f809-6bfb-4092-b815-91da61ab089e","local_time":"20190426124515","is_ascension_mode":true,"campfire_choices":[{"data":"Whirlwind","floor":6,"key":"SMITH"},{"floor":13,"key":"REST"},{"data":"Juggernaut","floor":15,"key":"SMITH"}],"neow_cost":"NO_GOLD","seed_source_timestamp":348834044819400,"circlet_count":0,"master_deck":["AscendersBane","Strike_R","Strike_R","Defend_R","Defend_R","Defend_R","Defend_R","Bash","Juggernaut+1","Whirlwind+1","Twin Strike","Shrug It Off","Feed","Body Slam+1"],"relics":["Burning Blood","Orichalcum","Old Coin","Blood Vial","Runic Dome"],"potions_floor_usage":[16,22],"damage_taken":[{"damage":4,"enemies":"Small Slimes","floor":1,"turns":4},{"damage":2,"enemies":"2 Louse","floor":4,"turns":2},{"damage":7,"enemies":"Jaw Worm","floor":5,"turns":3},{"damage":14,"enemies":"Exordium Wildlife","floor":10,"turns":5},{"damage":26,"enemies":"3 Sentries","floor":11,"turns":6},{"damage":20,"enemies":"Gremlin Nob","floor":14,"turns":4},{"damage":48,"enemies":"Slime Boss","floor":16,"turns":11},{"damage":21,"enemies":"2 Thieves","floor":18,"turns":3},{"damage":31,"enemies":"Chosen","floor":22,"turns":3}],"seed_played":"-4070656236403098450","potions_obtained":[{"floor":5,"key":"Dexterity Potion"},{"floor":10,"key":"SmokeBomb"},{"floor":16,"key":"FearPotion"},{"floor":21,"key":"SkillPotion"}],"is_trial":false,"path_per_floor":["M","?","?","M","M","R","?","?","T","M","E","?","R","E","R","B",null,"M","?","?","?","M"],"character_chosen":"IRONCLAD","items_purchased":[],"campfire_rested":1,"item_purchase_floors":[],"current_hp_per_floor":[70,52,75,75,74,74,67,67,67,59,39,39,61,47,47,7,58,48,48,26,26,0],"gold":369,"neow_bonus":"THREE_RARE_CARDS","is_prod":false,"is_daily":false,"chose_seed":false,"campfire_upgraded":2,"win_rate":0,"timestamp":1556250315,"path_taken":["M","?","?","M","M","R","?","?","T","M","E","?","R","E","R","BOSS","M","?","?","?","M"],"build_version":"2019-01-23","purchased_purges":0,"victory":false,"max_hp_per_floor":[75,75,75,75,75,75,75,75,75,75,75,75,75,75,75,75,75,78,78,83,83,83],"card_choices":[{"not_picked":["Exhume","Fiend Fire"],"picked":"Juggernaut","floor":0},{"not_picked":["Anger","Blood for Blood"],"picked":"Whirlwind","floor":1},{"not_picked":["Ghostly Armor","Flex"],"picked":"Twin Strike","floor":4},{"not_picked":["Pummel","Berserk","Searing Blow"],"picked":"SKIP","floor":5},{"not_picked":["Whirlwind","Anger","Warcry"],"picked":"SKIP","floor":10},{"not_picked":["Twin Strike","Clash","Pummel"],"picked":"SKIP","floor":11},{"not_picked":["True Grit","Thunderclap"],"picked":"Shrug It Off","floor":14},{"not_picked":["Exhume","Fiend Fire"],"picked":"Feed","floor":16},{"not_picked":["Thunderclap","Entrench"],"picked":"Body Slam+1","floor":18}],"player_experience":3382432,"relics_obtained":[{"floor":11,"key":"Old Coin"},{"floor":14,"key":"Blood Vial"}],"event_choices":[{"damage_healed":0,"gold_gain":0,"player_choice":"Success","damage_taken":18,"relics_obtained":["Orichalcum"],"max_hp_gain":0,"max_hp_loss":0,"event_name":"Scrap Ooze","floor":2,"gold_loss":0},{"damage_healed":25,"gold_gain":0,"player_choice":"Banana","damage_taken":0,"max_hp_gain":0,"max_hp_loss":0,"event_name":"Big Fish","floor":3,"gold_loss":0},{"cards_removed":["Strike_R"],"damage_healed":0,"gold_gain":0,"player_choice":"Card Removal","damage_taken":7,"max_hp_gain":0,"max_hp_loss":0,"event_name":"Golden Wing","floor":7,"gold_loss":0},{"damage_healed":0,"gold_gain":0,"player_choice":"Ignored","damage_taken":0,"max_hp_gain":0,"max_hp_loss":0,"event_name":"Liars Game","floor":8,"gold_loss":0},{"cards_removed":["Strike_R"],"damage_healed":0,"gold_gain":0,"player_choice":"Card Removal","damage_taken":0,"max_hp_gain":0,"max_hp_loss":0,"event_name":"The Cleric","floor":12,"gold_loss":75},{"cards_removed":["Strike_R"],"damage_healed":0,"gold_gain":0,"player_choice":"Gave Gold","damage_taken":0,"max_hp_gain":0,"max_hp_loss":0,"event_name":"Beggar","floor":19,"gold_loss":75},{"damage_healed":0,"gold_gain":0,"player_choice":"Shed Blood","damage_taken":27,"max_hp_gain":5,"max_hp_loss":0,"event_name":"Forgotten Altar","floor":20,"gold_loss":0},{"damage_healed":0,"gold_gain":0,"player_choice":"Bought 2 Potions","damage_taken":0,"max_hp_gain":0,"max_hp_loss":0,"event_name":"The Woman in Blue","floor":21,"gold_loss":0}],"is_beta":false,"boss_relics":[{"not_picked":["Coffee Dripper","Snecko Eye"],"picked":"Runic Dome"}],"items_purged_floors":[],"is_endless":false,"potions_floor_spawned":[5,10,16,18],"killed_by":"Chosen","ascension_level":20}