{"gold_per_floor":[111,111,111,129,146,178,178,208,208,226,226,301,16,16,16,90,90,100,110,124,153,24,24,82,82,82,101,128,128,128,139,139,211,211,229,229,246,258,47,81,93,93,118,118,118,145,12,25,25,25,25,25,25,25,55,55],"floor_reached":57,"playtime":2636,"items_purged":["Strike_B"],"score":2776,"play_id":"2bc33eb1-57c6-45eb-8e4a-b5b02eac6364","local_time":"20190327145703","is_ascension_mode":true,"campfire_choices":[{"data":"Multi-Cast","floor":7,"key":"SMITH"},{"data":"Turbo","floor":11,"key":"SMITH"},{"data":"Conserve Battery","floor":15,"key":"SMITH"},{"floor":23,"key":"REST"},{"data":"Rainbow","floor":25,"key":"SMITH"},{"floor":32,"key":"REST"},{"data":"Defragment","floor":42,"key":"SMITH"},{"data":"Capacitor","floor":44,"key":"SMITH"},{"floor":49,"key":"RECALL"},{"data":"Loop","floor":53,"key":"SMITH"}],"neow_cost":"NONE","seed_source_timestamp":42651301293500,"circlet_count":0,"master_deck":["AscendersBane","Strike_B+1","Strike_B+1","Defend_B+1","Defend_B+1","Defend_B+1","Defend_B+1","Zap","Dualcast","Melter+1","Multi-Cast+1","Turbo+1","White Noise","Core Surge","Conserve Battery+1","Rainbow+1","Glacier","Echo Form","Hologram","Sunder","Electrodynamics","Self Repair","Force Field","Cold Snap+1","Capacitor+1","Amplify","Defragment+1","Undo","Coolheaded+1","Loop+1","Glacier","Defragment","Defragment","White Noise+1"],"relics":["Cracked Core","NeowsBlessing","Pocketwatch","Pantograph","Strawberry","The Courier","Membership Card","DataDisk","Snecko Eye","Red Mask","Ancient Tea Set","Tiny Chest","Sundial","Lantern","Orrery","Bottled Tornado","Letter Opener","Bronze Scales","Anchor","PreservedInsect","Mercury Hourglass","Dodecahedron"],"potions_floor_usage":[6,8,16,31,40,40,56,56],"damage_taken":[{"damage":0,"enemies":"Small Slimes","floor":1,"turns":1},{"damage":0,"enemies":"Jaw Worm","floor":4,"turns":1},{"damage":0,"enemies":"Cultist","floor":5,"turns":1},{"damage":20,"enemies":"Lagavulin","floor":6,"turns":6},{"damage":20,"enemies":"3 Sentries","floor":8,"turns":5},{"damage":7,"enemies":"2 Fungi Beasts","floor":10,"turns":3},{"damage":26,"enemies":"Hexaghost","floor":16,"turns":7},{"damage":18,"enemies":"Chosen","floor":18,"turns":5},{"damage":0,"enemies":"Spheric Guardian","floor":19,"turns":1},{"damage":0,"enemies":"Snecko","floor":20,"turns":6},{"damage":7,"enemies":"Masked Bandits","floor":21,"turns":2},{"damage":22,"enemies":"Book of Stabbing","floor":24,"turns":6},{"damage":5,"enemies":"Centurion and Healer","floor":27,"turns":6},{"damage":4,"enemies":"Cultist and Chosen","floor":31,"turns":7},{"damage":41,"enemies":"Automaton","floor":33,"turns":13},{"damage":12,"enemies":"Orb Walker","floor":35,"turns":4},{"damage":29,"enemies":"3 Darklings","floor":37,"turns":5},{"damage":35,"enemies":"Transient","floor":38,"turns":6},{"damage":12,"enemies":"Nemesis","floor":40,"turns":7},{"damage":0,"enemies":"4 Shapes","floor":41,"turns":4},{"damage":0,"enemies":"Reptomancer","floor":46,"turns":5},{"damage":0,"enemies":"Writhing Mass","floor":48,"turns":5},{"damage":0,"enemies":"Donu and Deca","floor":50,"turns":8},{"damage":5,"enemies":"Time Eater","floor":51,"turns":12},{"damage":24,"enemies":"Shield and Spear","floor":55,"turns":7},{"damage":42,"enemies":"The Heart","floor":56,"turns":9}],"seed_played":"-193792362187291332","potions_obtained":[{"floor":1,"key":"Fire Potion"},{"floor":5,"key":"Regen Potion"},{"floor":6,"key":"FocusPotion"},{"floor":20,"key":"Explosive Potion"},{"floor":24,"key":"Ancient Potion"},{"floor":33,"key":"SpeedPotion"},{"floor":41,"key":"Poison Potion"}],"is_trial":false,"path_per_floor":["M","?","?","M","M","E","R","E","T","M","R","?","$","?","R","B",null,"M","M","M","?","$","R","E","R","T","M","T","?","?","M","R","B",null,"M","T","M","M","$","E","M","R","T","R","?","E","$","M","R","B","B",null,"R","$","E","B",null],"character_chosen":"DEFECT","items_purchased":["Membership Card","DataDisk","Echo Form","Ancient Tea Set","Defragment","Letter Opener","Bronze Scales","Glacier","Defragment","PowerPotion","PowerPotion","Defragment"],"campfire_rested":2,"item_purchase_floors":[13,13,22,22,39,39,39,47,47,47,47,47],"current_hp_per_floor":[64,59,59,59,59,53,53,40,40,33,33,22,22,22,22,21,64,46,46,46,39,39,62,40,40,40,35,35,35,35,31,54,37,68,63,63,41,20,20,22,22,22,22,22,22,36,36,50,50,75,78,78,78,78,54,36],"gold":55,"neow_bonus":"THREE_ENEMY_KILL","is_prod":false,"is_daily":false,"chose_seed":false,"campfire_upgraded":7,"win_rate":0,"timestamp":1553666223,"path_taken":["M","?","?","M","?","E","R","E","T","M","R","?","$","?","R","BOSS","M","?","M","?","$","R","E","R","T","M","?","?","?","M","R","BOSS","M","?","M","M","$","E","M","R","T","R","?","E","?","?","R","BOSS","BOSS","R","$","E","BOSS"],"build_version":"2019-01-23","purchased_purges":1,"victory":true,"max_hp_per_floor":[71,71,71,71,71,71,71,78,78,78,78,78,78,78,78,78,78,78,78,78,78,78,78,78,78,78,78,78,78,78,78,78,78,78,78,78,78,78,78,78,78,78,78,78,78,78,78,78,78,78,78,78,78,78,78,78],"card_choices":[{"not_picked":["Storm","Scrape"],"picked":"Melter","floor":1},{"not_picked":["Conserve Battery","Tempest"],"picked":"Turbo","floor":4},{"not_picked":["Barrage","Static Discharge"],"picked":"White Noise","floor":5},{"not_picked":["Coolheaded","Thunder Strike"],"picked":"Core Surge","floor":6},{"not_picked":["Conserve Battery","Force Field","Redo"],"picked":"SKIP","floor":8},{"not_picked":["Conserve Battery","Gash","Sweeping Beam"],"picked":"SKIP","floor":10},{"not_picked":["Gash","Sweeping Beam"],"picked":"Conserve Battery","floor":10},{"not_picked":["Multi-Cast","Hyperbeam"],"picked":"Rainbow","floor":16},{"not_picked":["Coolheaded","Chill"],"picked":"Glacier","floor":18},{"not_picked":["Turbo","Gash","Steam Power"],"picked":"SKIP","floor":19},{"not_picked":["Reprogram","Leap","FTL"],"picked":"SKIP","floor":20},{"not_picked":["Melter","Streamline"],"picked":"Leap+1","floor":21},{"not_picked":["Fission","Go for the Eyes"],"picked":"Hologram","floor":24},{"not_picked":["Conserve Battery","Steam","Force Field"],"picked":"SKIP","floor":27},{"not_picked":["Conserve Battery","Steam","Force Field"],"picked":"SKIP","floor":27},{"not_picked":["Heatsinks","Hyperbeam"],"picked":"Sunder","floor":31},{"not_picked":["Core Surge","Rainbow"],"picked":"Electrodynamics","floor":33},{"not_picked":["Redo","Cold Snap"],"picked":"Self Repair","floor":34},{"not_picked":["Leap","Conserve Battery"],"picked":"Force Field","floor":34},{"not_picked":["Sweeping Beam+1","Reinforced Body"],"picked":"Cold Snap+1","floor":35},{"not_picked":["Self Repair","Barrage"],"picked":"Capacitor","floor":37},{"not_picked":["Melter","Beam Cell"],"picked":"Amplify","floor":38},{"not_picked":["Compile Driver","Hologram+1"],"picked":"Undo","floor":40},{"not_picked":["Steam","Lockon"],"picked":"Coolheaded+1","floor":41},{"not_picked":["Storm+1","Capacitor"],"picked":"Loop","floor":46},{"not_picked":["Go for the Eyes","Conserve Battery+1"],"picked":"White Noise+1","floor":48},{"not_picked":["Ball Lightning+1","Gash","Stack+1"],"picked":"SKIP","floor":55}],"player_experience":2630801,"relics_obtained":[{"floor":6,"key":"Pantograph"},{"floor":8,"key":"Strawberry"},{"floor":9,"key":"The Courier"},{"floor":21,"key":"Red Mask"},{"floor":24,"key":"Tiny Chest"},{"floor":26,"key":"Sundial"},{"floor":36,"key":"Bottled Tornado"},{"floor":40,"key":"Anchor"},{"floor":43,"key":"PreservedInsect"},{"floor":46,"key":"Mercury Hourglass"},{"floor":55,"key":"Dodecahedron"}],"event_choices":[{"damage_healed":0,"gold_gain":0,"player_choice":"Success","damage_taken":5,"relics_obtained":["Pocketwatch"],"max_hp_gain":0,"max_hp_loss":0,"event_name":"Scrap Ooze","floor":2,"gold_loss":0},{"damage_healed":0,"gold_gain":0,"player_choice":"1 cards matched","damage_taken":0,"max_hp_gain":0,"max_hp_loss":0,"event_name":"Match and Keep!","floor":3,"gold_loss":0,"cards_obtained":["Multi-Cast"]},{"damage_healed":0,"gold_gain":75,"player_choice":"Gather Gold","damage_taken":11,"max_hp_gain":0,"max_hp_loss":0,"event_name":"World of Goop","floor":12,"gold_loss":0},{"damage_healed":0,"gold_gain":0,"player_choice":"Upgraded","damage_taken":0,"max_hp_gain":0,"max_hp_loss":0,"event_name":"Upgrade Shrine","floor":14,"gold_loss":0,"cards_upgraded":["Melter"]},{"damage_healed":0,"gold_gain":0,"player_choice":"Fought Bandits","damage_taken":0,"max_hp_gain":0,"max_hp_loss":0,"event_name":"Masked Bandits","floor":21,"gold_loss":0},{"damage_healed":0,"gold_gain":0,"player_choice":"Simplicity","damage_taken":0,"max_hp_gain":0,"max_hp_loss":0,"event_name":"Back to Basics","floor":29,"gold_loss":0,"cards_upgraded":["Strike_B","Strike_B","Strike_B","Defend_B","Defend_B","Defend_B","Defend_B"]},{"cards_removed":["Leap"],"damage_healed":0,"gold_gain":0,"player_choice":"Gave Card","damage_taken":0,"relics_obtained":["Lantern"],"max_hp_gain":0,"max_hp_loss":0,"event_name":"WeMeetAgain","floor":30,"gold_loss":0},{"cards_removed":["Strike_B"],"damage_healed":0,"gold_gain":0,"player_choice":"Removed Attack","damage_taken":0,"max_hp_gain":0,"max_hp_loss":0,"event_name":"Falling","floor":45,"gold_loss":0}],"is_beta":false,"boss_relics":[{"not_picked":["White Beast Statue","Eternal Feather"],"picked":"Snecko Eye"},{"not_picked":["Black Star","Philosopher\u0027s Stone"],"picked":"Orrery"}],"items_purged_floors":[13],"is_endless":false,"potions_floor_spawned":[1,5,6,20,24,33,37,38,41,48,55],"ascension_level":20}