{"gold_per_floor":[119,119,119,52,66,92,92,92,92,120,139,139,149,164,164,238,238,238,41,41,7,7,7,7,7,7,7,7,7,7,7,7,7],"floor_reached":33,"playtime":1959,"items_purged":[],"score":483,"play_id":"572e6869-bbcb-4311-8c65-ebd1a4d9b441","local_time":"20181122082117","is_ascension_mode":true,"campfire_choices":[{"data":"Noxious Fumes","floor":7.0,"key":"SMITH"},{"floor":12.0,"key":"REST"},{"data":"Cloak And Dagger","floor":15.0,"key":"SMITH"},{"data":"Distraction","floor":23,"key":"SMITH"},{"floor":25,"key":"REST"},{"data":"Adrenaline","floor":32,"key":"SMITH"}],"neow_cost":"NONE","seed_source_timestamp":1036324568945948,"circlet_count":0,"master_deck":["AscendersBane","Defend_G","Defend_G","Defend_G","Defend_G+1","Strike_G","Strike_G","Strike_G","Strike_G","Strike_G","Survivor","Neutralize+1","Cloak And Dagger+1","Noxious Fumes+1","Deadly Poison","Caltrops","Predator","Noxious Fumes","Corpse Explosion","Blade Dance","Burst","Distraction+1","Cloak And Dagger","Calculated Gamble","Leg Sweep","Calculated Gamble","Catalyst","Leg Sweep","Adrenaline+1"],"special_seed":0,"relics":["Ring of the Snake","Dream Catcher","Question Card","Dead Branch","Ectoplasm","Snake Skull","Enchiridion","Ancient Tea Set","Smiling Mask","Bottled Tornado","Oddly Smooth Stone"],"potions_floor_usage":[28,30,33],"damage_taken":[{"damage":5.0,"enemies":"Jaw Worm","floor":1.0,"turns":7.0},{"damage":0.0,"enemies":"Small Slimes","floor":5.0,"turns":5.0},{"damage":16.0,"enemies":"3 Sentries","floor":6.0,"turns":10.0},{"damage":15.0,"enemies":"Lagavulin","floor":10.0,"turns":6.0},{"damage":2.0,"enemies":"2 Louse","floor":11.0,"turns":3.0},{"damage":2.0,"enemies":"Gremlin Gang","floor":13.0,"turns":4.0},{"damage":0.0,"enemies":"2 Fungi Beasts","floor":14.0,"turns":2.0},{"damage":8.0,"enemies":"Hexaghost","floor":16.0,"turns":8.0},{"damage":20.0,"enemies":"Shell Parasite","floor":18.0,"turns":5.0},{"damage":0,"enemies":"Spheric Guardian","floor":22,"turns":3},{"damage":12,"enemies":"Slavers","floor":24,"turns":4},{"damage":0,"enemies":"Snake Plant","floor":27,"turns":3},{"damage":3,"enemies":"Colosseum Slavers","floor":28,"turns":4},{"damage":8,"enemies":"Book of Stabbing","floor":30,"turns":3},{"damage":11,"enemies":"3 Cultists","floor":31,"turns":4},{"damage":26,"enemies":"Collector","floor":33,"turns":2}],"seed_played":"-2918244604955423469","potions_obtained":[{"floor":1.0,"key":"Block Potion"},{"floor":10.0,"key":"SkillPotion"},{"floor":11.0,"key":"Poison Potion"},{"floor":22,"key":"Fire Potion"},{"floor":27,"key":"SteroidPotion"},{"floor":30,"key":"AttackPotion"}],"is_trial":false,"path_per_floor":["M","$","?","$","M","E","R","?","T","E","M","R","M","M","R","B",null,"M","$","?","$","M","R","E","R","T","M","?","T","E","M","R","B"],"character_chosen":"THE_SILENT","items_purchased":["Noxious Fumes","Snake Skull","Cloak And Dagger","Calculated Gamble"],"campfire_rested":2,"item_purchase_floors":[4,19,19,21],"current_hp_per_floor":[65,65,50,50,50,34,34,27,27,12,10,33,31,31,31,23,64,44,44,28,28,28,28,16,39,39,39,36,36,28,17,17,0],"gold":7,"neow_bonus":"TEN_PERCENT_HP_BONUS","is_prod":false,"is_daily":false,"chose_seed":false,"campfire_upgraded":4,"win_rate":0,"timestamp":1542846077,"path_taken":["M","$","?","$","M","E","R","?","T","E","M","R","M","M","R","BOSS","M","$","?","$","M","R","E","R","T","M","?","?","E","M","R","BOSS"],"build_version":"2018-11-15","purchased_purges":0,"victory":false,"max_hp_per_floor":[77,77,77,77,77,77,77,77,77,77,77,77,77,77,77,77,77,77,77,77,77,77,77,77,77,77,77,77,77,77,77,77,77],"card_choices":[{"not_picked":["Expertise","Sucker Punch"],"picked":"Cloak And Dagger","floor":1.0},{"not_picked":["Flying Knee","PiercingWail"],"picked":"Deadly Poison","floor":5.0},{"not_picked":["Expertise","Cloak And Dagger"],"picked":"Caltrops","floor":6.0},{"not_picked":["Slice","Concentrate","PiercingWail"],"picked":"Predator","floor":10.0},{"not_picked":["Calculated Gamble","Deflect","Finisher"],"picked":"Noxious Fumes","floor":11.0},{"not_picked":["Slice","PiercingWail","Quick Slash"],"picked":"Corpse Explosion","floor":13.0},{"not_picked":["Quick Slash","Endless Agony","Bane"],"picked":"Blade Dance","floor":14.0},{"not_picked":["Doppelganger","Night Terror","Corpse Explosion"],"picked":"Burst","floor":16.0},{"not_picked":["Quick Slash","Sucker Punch","Flying Knee"],"picked":"Distraction","floor":18.0},{"not_picked":["Deadly Poison","Underhanded Strike","Slice+1","Flying Knee"],"picked":"SKIP","floor":22},{"not_picked":["Setup","Storm of Steel","Accuracy"],"picked":"Leg Sweep","floor":24},{"not_picked":["Acrobatics","Poisoned Stab","Tactician"],"picked":"Calculated Gamble","floor":25},{"not_picked":["Dagger Throw","Underhanded Strike","Deflect"],"picked":"Catalyst","floor":27},{"not_picked":["Flechettes","Endless Agony","Slice"],"picked":"Leg Sweep","floor":30},{"not_picked":["Bane","Dagger Spray","Deadly Poison+1"],"picked":"Adrenaline","floor":31}],"player_experience":530859,"relics_obtained":[{"floor":6.0,"key":"Dream Catcher"},{"floor":9.0,"key":"Question Card"},{"floor":10.0,"key":"Dead Branch"},{"floor":20.0,"key":"Enchiridion"},{"floor":24,"key":"Ancient Tea Set"},{"floor":26,"key":"Smiling Mask"},{"floor":29,"key":"Bottled Tornado"},{"floor":30,"key":"Oddly Smooth Stone"}],"event_choices":[{"damage_healed":0.0,"max_hp_gain":0.0,"max_hp_loss":0.0,"gold_gain":0.0,"event_name":"Shining Light","player_choice":"Entered Light","floor":3.0,"gold_loss":0.0,"damage_taken":15.0,"cards_upgraded":["Neutralize","Defend_G"]},{"cards_removed":["Defend_G"],"damage_healed":0.0,"max_hp_gain":0.0,"max_hp_loss":0.0,"gold_gain":0.0,"event_name":"Golden Wing","player_choice":"Card Removal","floor":8.0,"gold_loss":0.0,"damage_taken":7.0},{"damage_healed":0.0,"max_hp_gain":0.0,"max_hp_loss":0.0,"gold_gain":0.0,"event_name":"Cursed Tome","player_choice":"Obtained Book","floor":20.0,"gold_loss":0.0,"damage_taken":16.0},{"damage_healed":0,"gold_gain":0,"player_choice":"Fight","damage_taken":0,"max_hp_gain":0,"max_hp_loss":0,"event_name":"Colosseum","floor":28,"gold_loss":0},{"damage_healed":0,"gold_gain":0,"player_choice":"Fled From Nobs","damage_taken":0,"max_hp_gain":0,"max_hp_loss":0,"event_name":"Colosseum","floor":28,"gold_loss":0}],"is_beta":true,"boss_relics":[{"not_picked":["Velvet Choker","Tiny House"],"picked":"Ectoplasm"}],"items_purged_floors":[],"is_endless":false,"potions_floor_spawned":[1,10,11,22,27,30],"killed_by":"Collector","ascension_level":13}