{"gold_per_floor":[212,212,225,24,43,43,71,171,198,198,198,229,241,251,251,354,354,366,153,166,181,181],"floor_reached":22,"playtime":1727,"items_purged":["Regret"],"score":394,"play_id":"91d7c9ca-2c62-4179-b39e-2de20e87360a","local_time":"20180906130222","is_ascension_mode":true,"campfire_choices":[{"floor":6,"key":"REST"},{"floor":15,"key":"REST"}],"neow_cost":"NONE","seed_source_timestamp":1880988101420933,"circlet_count":0,"master_deck":["Strike_B","Strike_B+1","Strike_B","Strike_B+1","Defend_B","Defend_B","Defend_B+1","Defend_B","Zap","Dualcast+1","AscendersBane","Genetic Algorithm","Darkness","Static Discharge","Chaos+1","Compile Driver","Darkness","Blizzard","Conserve Battery","Sunder","Melter","Creative AI","Parasite","Shame","Ball Lightning","Defragment","Lockon","Conserve Battery","Steam"],"relics":["Cracked Core","Boot","War Paint","Ice Cream","Calling Bell","Dream Catcher","Blue Candle","Shovel"],"potions_floor_usage":[7,13,16,21,22],"damage_taken":[{"damage":3,"enemies":"Jaw Worm","floor":1,"turns":4},{"damage":4,"enemies":"2 Louse","floor":3,"turns":2},{"damage":10,"enemies":"Cultist","floor":5,"turns":3},{"damage":40,"enemies":"3 Sentries","floor":7,"turns":7},{"damage":3,"enemies":"Lagavulin","floor":12,"turns":7},{"damage":0,"enemies":"Large Slime","floor":13,"turns":5},{"damage":0,"enemies":"Exordium Thugs","floor":14,"turns":3},{"damage":0,"enemies":"Slime Boss","floor":16,"turns":5},{"damage":24,"enemies":"2 Thieves","floor":18,"turns":5},{"damage":23,"enemies":"Shell Parasite","floor":20,"turns":7},{"damage":12,"enemies":"Chosen and Byrds","floor":21,"turns":5},{"damage":11,"enemies":"Masked Bandits","floor":22,"turns":2}],"seed_played":"-5424306855478331047","potions_obtained":[{"floor":12,"key":"Block Potion"},{"floor":13,"key":"PowerPotion"},{"floor":14,"key":"Weak Potion"},{"floor":18,"key":"AttackPotion"}],"is_trial":false,"path_per_floor":["M","?","M","$","M","R","E","?","T","?","?","E","M","M","R","B",null,"M","$","M","M"],"character_chosen":"DEFECT","items_purchased":["Static Discharge","Chaos","Compile Driver","SkillPotion","Defragment","Lockon"],"campfire_rested":2,"item_purchase_floors":[4,4,4,4,19,19],"current_hp_per_floor":[65,50,46,46,36,58,18,18,18,18,18,15,15,15,37,37,66,42,42,19,7,0],"gold":181,"neow_bonus":"HUNDRED_GOLD","is_prod":false,"is_daily":false,"chose_seed":false,"campfire_upgraded":0,"win_rate":0,"timestamp":1536228142,"path_taken":["M","?","M","$","M","R","E","?","T","?","?","E","M","M","R","BOSS","M","$","M","M","?"],"build_version":"2018-08-30","purchased_purges":1,"victory":false,"max_hp_per_floor":[75,75,75,75,75,75,75,75,75,75,75,75,75,75,75,75,75,75,75,75,75,75],"card_choices":[{"not_picked":["Hologram","Turbo"],"picked":"Genetic Algorithm","floor":1},{"not_picked":["Cold Snap","Hologram"],"picked":"Darkness","floor":3},{"not_picked":["Sweeping Beam","Fusion"],"picked":"Darkness","floor":5},{"not_picked":["Auto Shields","Conserve Battery"],"picked":"Blizzard","floor":7},{"not_picked":["Recycle","Go for the Eyes"],"picked":"Conserve Battery","floor":12},{"not_picked":["Go for the Eyes","Recycle"],"picked":"Sunder","floor":13},{"not_picked":["Go for the Eyes","Steam Power"],"picked":"Melter","floor":14},{"not_picked":["Multi-Cast","Amplify"],"picked":"Creative AI","floor":16},{"not_picked":["Hologram","Sweeping Beam"],"picked":"Ball Lightning","floor":18},{"not_picked":["Streamline","Redo"],"picked":"Conserve Battery","floor":20},{"not_picked":["Rebound","Sweeping Beam"],"picked":"Steam","floor":21}],"player_experience":682828,"relics_obtained":[{"floor":7,"key":"Boot"},{"floor":9,"key":"War Paint"},{"floor":12,"key":"Ice Cream"},{"floor":17,"key":"Dream Catcher"},{"floor":17,"key":"Blue Candle"},{"floor":17,"key":"Shovel"}],"event_choices":[{"event_name":"Shining Light","player_choice":"Entered Light","floor":2,"damage_taken":0},{"event_name":"Golden Shrine","player_choice":"Pray","floor":8,"damage_taken":0},{"event_name":"Liars Game","player_choice":"disagreed","floor":10,"damage_taken":0},{"event_name":"Upgrade Shrine","player_choice":"Upgraded","floor":11,"damage_taken":0},{"event_name":"Masked Bandits","player_choice":"Fought Bandits","floor":22,"damage_taken":0}],"is_beta":false,"boss_relics":[{"not_picked":["Velvet Choker","Snecko Eye"],"picked":"Calling Bell"}],"items_purged_floors":[19],"is_endless":false,"potions_floor_spawned":[12,13,14,18],"killed_by":"Masked Bandits","ascension_level":12}