{"gold_per_floor":[119,69,81,101,119,119,152,152,152,152,168,181,54,54],"floor_reached":14,"playtime":621,"items_purged":["Strike_R"],"score":147,"play_id":"d22c52c1-c403-4f46-8dbe-f9559f9867bb","local_time":"20181014133341","is_ascension_mode":true,"campfire_choices":[{"data":"Juggernaut","floor":6,"key":"SMITH"},{"data":"Berserk","floor":8,"key":"SMITH"},{"floor":10,"key":"REST"}],"neow_cost":"NONE","seed_source_timestamp":1628853032297481,"circlet_count":0,"master_deck":["Strike_R","Strike_R","Strike_R","Strike_R","Defend_R","Defend_R","Defend_R","Defend_R","AscendersBane","Juggernaut+1","Thunderclap","Berserk+1","Intimidate","Pommel Strike","True Grit","Iron Wave"],"relics":["Burning Blood","Self Forming Clay","Turnip"],"potions_floor_usage":[7],"damage_taken":[{"damage":14,"enemies":"2 Louse","floor":1,"turns":3},{"damage":18,"enemies":"Jaw Worm","floor":3,"turns":4},{"damage":5,"enemies":"Cultist","floor":4,"turns":4},{"damage":17,"enemies":"Looter","floor":5,"turns":3},{"damage":26,"enemies":"Gremlin Nob","floor":7,"turns":5},{"damage":18,"enemies":"Exordium Thugs","floor":11,"turns":5},{"damage":9,"enemies":"3 Louse","floor":12,"turns":3},{"damage":32,"enemies":"3 Sentries","floor":14,"turns":2}],"seed_played":"6511398437290997667","potions_obtained":[{"floor":5,"key":"Weak Potion"},{"floor":12,"key":"Energy Potion"}],"is_trial":false,"path_per_floor":["M","?","M","M","M","R","E","R","T","R","M","M","$"],"character_chosen":"IRONCLAD","items_purchased":["Iron Wave"],"campfire_rested":1,"item_purchase_floors":[13],"current_hp_per_floor":[64,64,52,53,42,42,22,22,22,46,34,31,31,0],"gold":54,"neow_bonus":"ONE_RANDOM_RARE_CARD","is_prod":false,"is_daily":false,"chose_seed":false,"campfire_upgraded":2,"win_rate":0,"timestamp":1539495221,"path_taken":["M","?","M","M","M","R","E","R","T","R","M","?","$","E"],"build_version":"2018-10-11","purchased_purges":1,"victory":false,"max_hp_per_floor":[80,80,80,80,80,80,80,80,80,80,80,80,80,80],"card_choices":[{"not_picked":["Havoc","Sword Boomerang"],"picked":"Thunderclap","floor":1},{"not_picked":["Evolve","Wild Strike"],"picked":"Berserk","floor":3},{"not_picked":["Perfected Strike","Warcry"],"picked":"Intimidate","floor":4},{"not_picked":["Infernal Blade","Warcry"],"picked":"Pommel Strike","floor":5},{"not_picked":["Combust","Anger","Perfected Strike"],"picked":"SKIP","floor":7},{"not_picked":["Reckless Charge","Iron Wave"],"picked":"True Grit","floor":11},{"not_picked":["Flex","Clash","Anger"],"picked":"SKIP","floor":12}],"player_experience":496846,"relics_obtained":[{"floor":7,"key":"Self Forming Clay"},{"floor":9,"key":"Turnip"}],"event_choices":[{"event_name":"The Cleric","player_choice":"Card Removal","floor":2,"damage_taken":0}],"is_beta":true,"boss_relics":[],"items_purged_floors":[13],"is_endless":false,"potions_floor_spawned":[5,12],"killed_by":"3 Sentries","ascension_level":12}