{"gold_per_floor":[110,110,130,55,55,90,90,105,105,119,147,147,147,147],"floor_reached":14,"playtime":215,"items_purged":["Decay"],"score":246,"play_id":"197ffca7-6bc6-4326-8651-1f43f1597759","local_time":"20190316155721","is_ascension_mode":true,"campfire_choices":[{"data":"Bash","floor":7,"key":"SMITH"}],"neow_cost":"NONE","seed_source_timestamp":194054867614900,"circlet_count":0,"master_deck":["AscendersBane","Strike_R","Strike_R","Strike_R","Strike_R","Defend_R","Defend_R","Defend_R","Defend_R","Bash+1","Feel No Pain","Battle Trance","True Grit"],"relics":["Burning Blood","NeowsBlessing","CultistMask","Question Card","Ornamental Fan","Anchor","Gremlin Horn"],"potions_floor_usage":[10,11],"damage_taken":[{"damage":0,"enemies":"Small Slimes","floor":1,"turns":1},{"damage":0,"enemies":"Cultist","floor":3,"turns":1},{"damage":0,"enemies":"3 Sentries","floor":6,"turns":2},{"damage":7,"enemies":"Jaw Worm","floor":8,"turns":4},{"damage":20,"enemies":"Exordium Thugs","floor":10,"turns":4},{"damage":56,"enemies":"Gremlin Nob","floor":11,"turns":5},{"damage":1,"enemies":"Large Slime","floor":14,"turns":4}],"seed_played":"-3556670534756030084","potions_obtained":[{"floor":1,"key":"PowerPotion"},{"floor":6,"key":"Energy Potion"},{"floor":11,"key":"GamblersBrew"}],"is_trial":false,"path_per_floor":["M","?","M","$","?","E","R","M","T","M","E","?","T","M"],"character_chosen":"IRONCLAD","items_purchased":[],"campfire_rested":0,"item_purchase_floors":[],"current_hp_per_floor":[74,74,75,75,75,75,75,74,74,60,10,3,3,2],"gold":147,"neow_bonus":"THREE_ENEMY_KILL","is_prod":false,"is_daily":false,"chose_seed":false,"campfire_upgraded":1,"win_rate":0,"timestamp":1552719441,"path_taken":["M","?","M","?","?","E","R","M","T","?","E","?","?","M"],"build_version":"2019-01-23","purchased_purges":1,"victory":false,"max_hp_per_floor":[75,75,75,75,75,75,75,75,75,75,75,75,75,75],"card_choices":[{"not_picked":["Cleave","Anger","Thunderclap"],"picked":"SKIP","floor":1},{"not_picked":["Perfected Strike","Seeing Red","Iron Wave"],"picked":"SKIP","floor":3},{"not_picked":["Clash","Dropkick"],"picked":"Feel No Pain","floor":6},{"not_picked":["Spot Weakness","Cleave","Power Through"],"picked":"Battle Trance","floor":8},{"not_picked":["Power Through","Headbutt","Combust"],"picked":"True Grit","floor":10},{"not_picked":["Twin Strike","Double Tap","Armaments","Flex"],"picked":"SKIP","floor":11}],"player_experience":2309899,"relics_obtained":[{"floor":6,"key":"Question Card"},{"floor":9,"key":"Ornamental Fan"},{"floor":11,"key":"Anchor"},{"floor":13,"key":"Gremlin Horn"}],"event_choices":[{"damage_healed":0,"gold_gain":0,"player_choice":"Cursed","damage_taken":0,"max_hp_gain":0,"max_hp_loss":0,"event_name":"Wheel of Change","floor":2,"gold_loss":0,"cards_obtained":["Decay"]},{"damage_healed":0,"gold_gain":0,"player_choice":"Trade","damage_taken":0,"relics_obtained":["CultistMask"],"max_hp_gain":0,"max_hp_loss":0,"event_name":"FaceTrader","floor":5,"gold_loss":0},{"cards_removed":["Strike_R"],"damage_healed":0,"gold_gain":0,"player_choice":"Card Removal","damage_taken":7,"max_hp_gain":0,"max_hp_loss":0,"event_name":"Golden Wing","floor":12,"gold_loss":0}],"is_beta":false,"boss_relics":[],"items_purged_floors":[4],"is_endless":false,"potions_floor_spawned":[1,6,11],"killed_by":"Large Slime","ascension_level":20}