{"gold_per_floor":[112,54,129,147,147,178,178,178,204,216,254,139,139,150,185,185,262,262,277,293,65,115,115,115,444,444,471,471,490,524,544,554,554,554,633,633,653,753,771,153,163,163,196,214,214,214,246,246,260,260,289,289,289,289,289,289,12,44,44],"floor_reached":60,"playtime":3781,"items_purged":["Parasite"],"score":3022,"play_id":"f23ec29c-7ddf-49ee-8ba3-c330fd8d01f3","local_time":"20190304001218","is_ascension_mode":true,"campfire_choices":[{"data":"Consume","floor":8.0,"key":"SMITH"},{"data":"Defragment","floor":13.0,"key":"SMITH"},{"data":"Loop","floor":16.0,"key":"SMITH"},{"floor":24.0,"key":"REST"},{"data":"Creative AI","floor":26.0,"key":"SMITH"},{"floor":34.0,"key":"REST"},{"floor":42.0,"key":"REST"},{"floor":48.0,"key":"REST"},{"floor":50.0,"key":"RECALL"},{"data":"Capacitor","floor":52.0,"key":"SMITH"},{"data":"Coolheaded","floor":56.0,"key":"SMITH"}],"neow_cost":"NONE","seed_source_timestamp":169118797891300,"circlet_count":0,"master_deck":["White Noise","Scrape","Beam Cell","Loop+1","Gash","Gash","Gash","Creative AI+1","Cold Snap","Consume+1","Leap","Coolheaded+1","Scrape","Gash","Cold Snap","Defragment+1","Cold Snap","Chill+1","Multi-Cast+1","Gash","FTL","Hologram+1","Seek+1","Gash","Echo Form","Recycle+1","Reboot+1","Coolheaded+1","Capacitor+1","Fission+1","Aggregate+1"],"special_seed":0,"relics":["Cracked Core","NeowsBlessing","Happy Flower","Toxic Egg 2","MawBank","Juzu Bracelet","Bronze Scales","Cursed Key","PreservedInsect","Old Coin","Strawberry","Busted Crown","Prayer Wheel","OrangePellets","Shuriken","Lantern","Boot","Kunai","Blood Vial"],"potions_floor_usage":[59,59],"damage_taken":[{"damage":0.0,"enemies":"Jaw Worm","floor":1.0,"turns":1.0},{"damage":0.0,"enemies":"2 Louse","floor":4.0,"turns":1.0},{"damage":0.0,"enemies":"Lagavulin","floor":6.0,"turns":1.0},{"damage":19.0,"enemies":"Gremlin Nob","floor":11.0,"turns":4.0},{"damage":6.0,"enemies":"Small Slimes","floor":14.0,"turns":3.0},{"damage":8.0,"enemies":"Lagavulin","floor":15.0,"turns":3.0},{"damage":6.0,"enemies":"Hexaghost","floor":17.0,"turns":8.0},{"damage":15.0,"enemies":"2 Thieves","floor":19.0,"turns":4.0},{"damage":8.0,"enemies":"Shell Parasite","floor":20.0,"turns":4.0},{"damage":0.0,"enemies":"Gremlin Leader","floor":25.0,"turns":4.0},{"damage":38.0,"enemies":"Snake Plant","floor":29.0,"turns":4.0},{"damage":13.0,"enemies":"Book of Stabbing","floor":30.0,"turns":2.0},{"damage":0.0,"enemies":"Sentry and Sphere","floor":31.0,"turns":3.0},{"damage":6.0,"enemies":"Snecko","floor":32.0,"turns":4.0},{"damage":24.0,"enemies":"Champ","floor":35.0,"turns":7.0},{"damage":7.0,"enemies":"Orb Walker","floor":37.0,"turns":2.0},{"damage":0.0,"enemies":"Mind Bloom Boss Battle","floor":38.0,"turns":3.0},{"damage":26.0,"enemies":"3 Shapes","floor":39.0,"turns":5.0},{"damage":12.0,"enemies":"Writhing Mass","floor":41.0,"turns":5.0},{"damage":0.0,"enemies":"Giant Head","floor":43.0,"turns":5.0},{"damage":0.0,"enemies":"Jaw Worm Horde","floor":44.0,"turns":3.0},{"damage":0.0,"enemies":"Reptomancer","floor":47.0,"turns":4.0},{"damage":0.0,"enemies":"4 Shapes","floor":49.0,"turns":3.0},{"damage":0.0,"enemies":"Giant Head","floor":51.0,"turns":3.0},{"damage":7.0,"enemies":"Donu and Deca","floor":53.0,"turns":8.0},{"damage":14.0,"enemies":"Time Eater","floor":54.0,"turns":11.0},{"damage":20.0,"enemies":"Shield and Spear","floor":58.0,"turns":5.0},{"damage":27,"enemies":"The Heart","floor":59,"turns":12}],"seed_played":"3738575986308011022","potions_obtained":[{"floor":4.0,"key":"Weak Potion"},{"floor":6.0,"key":"SteroidPotion"},{"floor":11.0,"key":"AttackPotion"},{"floor":19.0,"key":"Energy Potion"},{"floor":30.0,"key":"Explosive Potion"},{"floor":39.0,"key":"Strength Potion"},{"floor":47.0,"key":"PowerPotion"}],"is_trial":false,"path_per_floor":["M","$","?","M","?","E","?","R","T","T","E","$","R","M","E","R","B",null,"M","M","$","?","?","R","E","R","T","T","M","E","M","M","?","R","B",null,"M","?","M","$","M","R","E","M","T","T","E","R","M","R","E","R","B","B",null,"R","$","E","B",null],"character_chosen":"DEFECT","items_purchased":["Coolheaded","Cold Snap","Defragment","PreservedInsect","Hologram+1","OrangePellets","Capacitor","Fission+1","PowerPotion","SpeedPotion","Kunai"],"campfire_rested":4,"item_purchase_floors":[2,12,12,21,21,40,40,40,40,40,57],"current_hp_per_floor":[64,64,53,53,53,53,53,53,53,53,34,34,34,28,20,20,14,57,42,34,34,34,34,55,55,55,55,55,17,11,11,5,5,28,4,60,53,53,27,27,15,37,37,37,37,37,37,59,59,59,59,59,52,38,66,66,66,46,21],"gold":44,"neow_bonus":"THREE_ENEMY_KILL","is_prod":false,"is_daily":false,"chose_seed":false,"campfire_upgraded":6,"win_rate":0,"timestamp":1551625938,"path_taken":["M","$","?","M","?","E","?","R","T","E","$","R","M","E","R","BOSS","M","M","?","?","?","R","E","R","T","M","E","M","M","?","R","BOSS","M","?","M","$","M","R","E","M","T","E","R","M","R","E","R","BOSS","BOSS","R","$","E","BOSS"],"build_version":"2019-01-23","purchased_purges":1,"victory":true,"max_hp_per_floor":[71,71,71,71,71,71,71,71,71,71,71,71,71,71,71,71,71,71,71,71,71,71,71,71,71,71,71,71,71,78,78,78,78,78,78,78,78,78,78,75,75,75,75,75,75,75,75,75,75,75,75,75,75,75,75,75,75,75,75],"card_choices":[{"not_picked":["Compile Driver","Rebound"],"picked":"Leap","floor":1.0},{"not_picked":["Leap","Heatsinks"],"picked":"Scrape","floor":6.0},{"not_picked":["Stack+1","Steam+1"],"picked":"Gash","floor":11.0},{"not_picked":["Ball Lightning","Genetic Algorithm+1"],"picked":"Cold Snap","floor":14.0},{"not_picked":["Sunder","Undo+1"],"picked":"Chill+1","floor":15.0},{"not_picked":["Biased Cognition","Electrodynamics"],"picked":"Multi-Cast+1","floor":17.0},{"not_picked":["Barrage","Steam+1"],"picked":"Gash","floor":19.0},{"not_picked":["Genetic Algorithm+1","Sweeping Beam"],"picked":"FTL","floor":20.0},{"not_picked":["Conserve Battery+1","Beam Cell"],"picked":"Gash","floor":25.0},{"not_picked":["Compile Driver","Redo+1","Streamline"],"picked":"SKIP","floor":29.0},{"not_picked":["Hello World+1","Reprogram+1"],"picked":"Echo Form","floor":30.0},{"not_picked":["Stack+1","Rebound"],"picked":"Recycle+1","floor":32.0},{"not_picked":["Buffer","Multi-Cast+1"],"picked":"Reboot+1","floor":35.0},{"not_picked":[],"picked":"Coolheaded+1","floor":37.0},{"not_picked":["Redo+1"],"picked":"SKIP","floor":39.0},{"not_picked":[],"picked":"Aggregate+1","floor":41.0},{"not_picked":["Beam Cell"],"picked":"SKIP","floor":41.0},{"not_picked":["Steam+1"],"picked":"SKIP","floor":43.0},{"not_picked":["Turbo+1"],"picked":"SKIP","floor":44.0},{"not_picked":["Steam+1"],"picked":"SKIP","floor":51.0}],"player_experience":1984389,"relics_obtained":[{"floor":6.0,"key":"Happy Flower"},{"floor":7.0,"key":"Toxic Egg 2"},{"floor":9.0,"key":"MawBank"},{"floor":11.0,"key":"Juzu Bracelet"},{"floor":15.0,"key":"Bronze Scales"},{"floor":25.0,"key":"Old Coin"},{"floor":30.0,"key":"Strawberry"},{"floor":38.0,"key":"Prayer Wheel"},{"floor":43.0,"key":"Shuriken"},{"floor":47.0,"key":"Lantern"},{"floor":51.0,"key":"Boot"},{"floor":58.0,"key":"Blood Vial"}],"event_choices":[{"damage_healed":0.0,"max_hp_gain":0.0,"max_hp_loss":0.0,"gold_gain":75.0,"event_name":"World of Goop","player_choice":"Gather Gold","floor":3.0,"gold_loss":0.0,"damage_taken":11.0},{"damage_healed":0.0,"max_hp_gain":0.0,"max_hp_loss":0.0,"gold_gain":0.0,"event_name":"Liars Game","player_choice":"Ignored","floor":5.0,"gold_loss":0.0,"damage_taken":0.0},{"damage_healed":0.0,"max_hp_gain":0.0,"max_hp_loss":0.0,"gold_gain":0.0,"event_name":"Wheel of Change","player_choice":"Relic","floor":7.0,"gold_loss":0.0,"damage_taken":0.0},{"damage_healed":0.0,"max_hp_gain":0.0,"max_hp_loss":0.0,"gold_gain":50.0,"event_name":"Nest","player_choice":"Stole From Cult","floor":22.0,"gold_loss":0.0,"damage_taken":0.0},{"damage_healed":0.0,"max_hp_gain":0.0,"max_hp_loss":0.0,"gold_gain":0.0,"event_name":"The Library","player_choice":"Read","floor":23.0,"gold_loss":0.0,"damage_taken":0.0,"cards_obtained":["Seek"]},{"damage_healed":0.0,"max_hp_gain":0.0,"max_hp_loss":0.0,"gold_gain":0.0,"event_name":"Vampires","player_choice":"Ignored","floor":33.0,"gold_loss":0.0,"damage_taken":0.0},{"damage_healed":0.0,"max_hp_gain":0.0,"max_hp_loss":0.0,"gold_gain":0.0,"event_name":"MindBloom","player_choice":"Fight","floor":38.0,"gold_loss":0.0,"damage_taken":0.0}],"is_beta":false,"boss_relics":[{"not_picked":["Orrery","Snecko Eye"],"picked":"Cursed Key"},{"not_picked":["Runic Dome","Tiny House"],"picked":"Busted Crown"}],"items_purged_floors":[40],"is_endless":false,"potions_floor_spawned":[4,6,11,19,30,31,39,47,49,51,58],"ascension_level":20}