{"gold_per_floor":[117,192,207,34,34,34,68,13,67,67,67,84,110,129,129,129],"floor_reached":16,"playtime":206,"items_purged":[],"score":266,"play_id":"aae68f34-b338-4220-b72f-875192725d37","local_time":"20190321205850","is_ascension_mode":true,"campfire_choices":[{"data":"Defragment","floor":6,"key":"SMITH"},{"data":"Consume","floor":10,"key":"SMITH"},{"floor":15,"key":"REST"}],"neow_cost":"NONE","seed_source_timestamp":181479018860000,"circlet_count":0,"master_deck":["AscendersBane","Strike_B","Strike_B","Strike_B","Strike_B","Defend_B","Defend_B","Defend_B","Defend_B","Zap","Dualcast","Defragment+1","Consume+1","Conserve Battery"],"relics":["Cracked Core","NeowsBlessing","Art of War","Mercury Hourglass","Tiny Chest","Letter Opener","Bag of Marbles"],"potions_floor_usage":[12,13,13],"damage_taken":[{"damage":0,"enemies":"Jaw Worm","floor":1,"turns":1},{"damage":0,"enemies":"Small Slimes","floor":3,"turns":1},{"damage":0,"enemies":"Lagavulin","floor":7,"turns":1},{"damage":7,"enemies":"Cultist","floor":12,"turns":4},{"damage":7,"enemies":"Gremlin Nob","floor":13,"turns":3},{"damage":7,"enemies":"Lots of Slimes","floor":14,"turns":3},{"damage":26,"enemies":"Slime Boss","floor":16,"turns":5}],"seed_played":"9084261010561249052","potions_obtained":[{"floor":7,"key":"Regen Potion"},{"floor":12,"key":"FocusPotion"}],"is_trial":false,"path_per_floor":["M","?","M","$","?","R","E","$","T","R","?","M","E","M","R","B"],"character_chosen":"DEFECT","items_purchased":["Art of War","Fire Potion"],"campfire_rested":1,"item_purchase_floors":[4,8],"current_hp_per_floor":[64,53,53,53,53,53,53,53,53,53,18,23,16,9,30,4],"gold":129,"neow_bonus":"THREE_ENEMY_KILL","is_prod":false,"is_daily":false,"chose_seed":false,"campfire_upgraded":2,"win_rate":0,"timestamp":1553169530,"path_taken":["M","?","M","$","?","R","E","?","T","R","?","M","E","M","R","BOSS"],"build_version":"2019-01-23","purchased_purges":0,"victory":false,"max_hp_per_floor":[71,71,71,71,71,71,71,71,71,71,71,71,71,71,71,71],"card_choices":[{"not_picked":["Compile Driver","Streamline"],"picked":"Defragment","floor":1},{"not_picked":["Stack","Turbo","Conserve Battery"],"picked":"SKIP","floor":3},{"not_picked":["Stack","Streamline"],"picked":"Consume","floor":7},{"not_picked":["Streamline","Skim"],"picked":"Conserve Battery","floor":12},{"not_picked":["Streamline","Conserve Battery","Fission"],"picked":"SKIP","floor":13},{"not_picked":["Go for the Eyes","Fusion","Conserve Battery"],"picked":"SKIP","floor":14}],"player_experience":2453358,"relics_obtained":[{"floor":7,"key":"Mercury Hourglass"},{"floor":9,"key":"Tiny Chest"},{"floor":13,"key":"Bag of Marbles"}],"event_choices":[{"damage_healed":0,"gold_gain":75,"player_choice":"Gather Gold","damage_taken":11,"max_hp_gain":0,"max_hp_loss":0,"event_name":"World of Goop","floor":2,"gold_loss":0},{"damage_healed":0,"gold_gain":0,"player_choice":"Ignored","damage_taken":0,"max_hp_gain":0,"max_hp_loss":0,"event_name":"Liars Game","floor":5,"gold_loss":0},{"damage_healed":0,"gold_gain":0,"player_choice":"Success","damage_taken":35,"relics_obtained":["Letter Opener"],"max_hp_gain":0,"max_hp_loss":0,"event_name":"Scrap Ooze","floor":11,"gold_loss":0}],"is_beta":false,"boss_relics":[],"items_purged_floors":[],"is_endless":false,"potions_floor_spawned":[7,12],"killed_by":"Slime Boss","ascension_level":20}