{"path_per_floor":["M","$","M","?","?","R","E","?","T","R","M","R","M","M","R","B",null,"M","M","M","M","$","R","M","R","T","M","E","M","M","E","R"],"character_chosen":"IRONCLAD","items_purchased":["Toolbox","Finesse","Apotheosis","Block Potion"],"gold_per_floor":[362,8,28,28,28,28,57,78,78,78,89,89,102,115,115,214,214,227,238,249,268,28,28,38,38,38,56,83,98,108,139,139,139],"floor_reached":33,"campfire_rested":3,"playtime":2369,"current_hp_per_floor":[70,70,71,57,57,72,72,71,71,71,72,72,72,72,72,48,66,61,60,48,37,37,58,72,72,72,71,54,46,38,35,57,0],"items_purged":[],"gold":139,"score":419,"play_id":"d77b8fea-1063-407c-91be-b17951166874","local_time":"20180331194227","is_prod":false,"is_daily":false,"is_ascension_mode":true,"campfire_upgraded":4,"timestamp":1522514547,"path_taken":["M","$","M","?","?","R","E","?","T","R","M","R","M","M","R","BOSS","M","M","M","M","$","R","M","R","T","M","E","M","M","E","R","BOSS"],"build_version":"2018-03-29v2","purchased_purges":0,"victory":false,"master_deck":["Strike_R","Strike_R","Strike_R+1","Strike_R","Strike_R","Defend_R","Defend_R","Defend_R","Defend_R","Bash+1","Feel No Pain","Finesse","Rampage+1","Impervious","Iron Wave","Spot Weakness+1","Armaments+1","Anger","Headbutt","Havoc","Reaper","Infernal Blade","Body Slam+1","Spot Weakness","Anger+1","Apotheosis+1","Feed","Combust","Anger","Anger+1","Combust"],"max_hp_per_floor":[72,72,72,72,72,72,72,72,72,72,72,72,72,72,72,72,72,72,72,72,72,72,72,72,72,72,72,72,72,75,75,75,75],"relics":["Burning Blood","Toolbox","Mercury Hourglass","Odd Mushroom","Champion Belt","Mark of Pain","Lantern","Thread and Needle","Self Forming Clay"],"card_choices":[{"not_picked":["Pommel Strike","Ghostly Armor"],"picked":"Feel No Pain","floor":1},{"not_picked":["Thunderclap","Uppercut"],"picked":"Rampage","floor":3},{"not_picked":["Reckless Charge","Brutality"],"picked":"Spot Weakness","floor":7},{"not_picked":["Flame Barrier","Metallicize"],"picked":"Armaments","floor":8},{"not_picked":["Cleave","Pommel Strike"],"picked":"Anger","floor":11},{"not_picked":["Havoc","Hemokinesis"],"picked":"Headbutt","floor":13},{"not_picked":["Wild Strike","Burning Pact"],"picked":"Havoc","floor":14},{"not_picked":["Limit Break","Immolate"],"picked":"Reaper","floor":16},{"not_picked":["Pommel Strike","Sword Boomerang"],"picked":"Infernal Blade","floor":18},{"not_picked":["Headbutt","Thunderclap"],"picked":"Body Slam","floor":19},{"not_picked":["Whirlwind","Anger"],"picked":"Spot Weakness","floor":20},{"not_picked":["Cleave","Wild Strike"],"picked":"Anger","floor":21},{"not_picked":["Clash","Body Slam"],"picked":"Feed","floor":24},{"not_picked":["Perfected Strike","Sword Boomerang"],"picked":"Combust","floor":27},{"not_picked":["Immolate","Feel No Pain"],"picked":"Anger","floor":28},{"not_picked":["Uppercut","Dual Wield"],"picked":"Anger","floor":30},{"not_picked":["Feel No Pain","Immolate"],"picked":"Combust","floor":31}],"player_experience":337440,"potions_floor_usage":[7,16,18,19,19,21,24,28,29],"damage_taken":[{"damage":8,"enemies":"2 Louse","floor":1,"turns":3},{"damage":5,"enemies":"Small Slimes","floor":3,"turns":3},{"damage":5,"enemies":"3 Sentries","floor":7,"turns":9},{"damage":7,"enemies":"The Mushroom Lair","floor":8,"turns":3},{"damage":0,"enemies":"Cultist","floor":11,"turns":2},{"damage":0,"enemies":"3 Louse","floor":13,"turns":3},{"damage":0,"enemies":"Large Slime","floor":14,"turns":4},{"damage":30,"enemies":"Slime Boss","floor":16,"turns":8},{"damage":15,"enemies":"3 Byrds","floor":18,"turns":6},{"damage":7,"enemies":"Shell Parasite","floor":19,"turns":5},{"damage":34,"enemies":"Centurion and Healer","floor":20,"turns":6},{"damage":17,"enemies":"Snake Plant","floor":21,"turns":4},{"damage":6,"enemies":"3 Cultists","floor":24,"turns":5},{"damage":7,"enemies":"Snecko","floor":27,"turns":3},{"damage":24,"enemies":"Gremlin Leader","floor":28,"turns":5},{"damage":14,"enemies":"Slaver and Parasite","floor":29,"turns":3},{"damage":17,"enemies":"Chosen and Byrds","floor":30,"turns":6},{"damage":15,"enemies":"Book of Stabbing","floor":31,"turns":4},{"damage":66,"enemies":"Champ","floor":33,"turns":10}],"event_choices":[{"event_name":"Shining Light","player_choice":"Entered Light","floor":4,"damage_taken":0},{"event_name":"Match and Keep!","player_choice":"2 cards matched","floor":5,"damage_taken":0},{"event_name":"Mushrooms","player_choice":"Fought Mushrooms","floor":8,"damage_taken":0}],"boss_relics":[{"not_picked":["White Beast Statue","Black Blood"],"picked":"Mark of Pain"}],"potions_floor_spawned":[3,11,13,16,18,20,27,28],"seed_played":"-6059166770012177515","killed_by":"Champ","ascension_level":7,"is_trial":false}