{"gold_per_floor":[215,234,246,55,55,55,68,102,156,156,156,6,17,35,35,131,131,118,67,87,12,12,12,30,30,101,101],"floor_reached":27,"playtime":1631,"items_purged":[],"score":266,"play_id":"3029b2de-4b84-4b20-b411-9dc12a39dd66","local_time":"20190421000359","is_ascension_mode":true,"campfire_choices":[{"data":"Magnetism","floor":6.0,"key":"SMITH"},{"floor":10.0,"key":"REST"},{"floor":15.0,"key":"REST"},{"floor":23.0,"key":"REST"},{"floor":25.0,"key":"REST"}],"neow_cost":"NONE","seed_source_timestamp":13216684661600,"circlet_count":0,"master_deck":["Defend_G","Defend_G","Defend_G","Defend_G","Defend_G","Strike_G","Strike_G","Strike_G","Strike_G","Survivor+1","Neutralize","Deadly Poison","Deadly Poison","Bane","Magnetism+1","Deflect","Terror","Night Terror","Neutralize","Trip","Slice","Backflip","Night Terror","Normality","Backflip","PiercingWail","Terror+1","Noxious Fumes"],"special_seed":0,"relics":["Ring of the Snake","Bottled Lightning","Juzu Bracelet","Omamori","Calling Bell","Anchor","Blue Candle","Bird Faced Urn","War Paint","Gremlin Horn"],"potions_floor_usage":[27],"damage_taken":[{"damage":0.0,"enemies":"Cultist","floor":1.0,"turns":4.0},{"damage":8.0,"enemies":"Small Slimes","floor":2.0,"turns":4.0},{"damage":0.0,"enemies":"2 Louse","floor":3.0,"turns":2.0},{"damage":7.0,"enemies":"2 Fungi Beasts","floor":7.0,"turns":4.0},{"damage":30.0,"enemies":"Lagavulin","floor":8.0,"turns":9.0},{"damage":4.0,"enemies":"Large Slime","floor":13.0,"turns":5.0},{"damage":40.0,"enemies":"Lots of Slimes","floor":14.0,"turns":6.0},{"damage":8.0,"enemies":"Slime Boss","floor":16.0,"turns":9.0},{"damage":1.0,"enemies":"2 Thieves","floor":18.0,"turns":4.0},{"damage":25.0,"enemies":"Shell Parasite","floor":20.0,"turns":7.0},{"damage":40.0,"enemies":"Sentry and Sphere","floor":24.0,"turns":6.0},{"damage":52,"enemies":"3 Cultists","floor":27,"turns":4}],"seed_played":"-4345894326180479895","potions_obtained":[{"floor":1.0,"key":"Strength Potion"},{"floor":2.0,"key":"Swift Potion"},{"floor":13.0,"key":"SpeedPotion"},{"floor":14.0,"key":"Block Potion"},{"floor":18.0,"key":"FearPotion"},{"floor":24.0,"key":"FearPotion"}],"is_trial":false,"path_per_floor":["M","M","M","$","?","R","M","E","T","R","?","$","M","M","R","B",null,"M","$","M","?","?","R","M","R","T","M"],"character_chosen":"THE_SILENT","items_purchased":["Magnetism","Omamori","PiercingWail"],"campfire_rested":4,"item_purchase_floors":[4,12,19],"current_hp_per_floor":[70,62,62,62,62,62,55,25,25,46,46,46,42,2,23,15,56,55,55,34,34,34,55,19,40,40,0],"gold":101,"neow_bonus":"HUNDRED_GOLD","is_prod":false,"is_daily":false,"chose_seed":false,"campfire_upgraded":1,"win_rate":0,"timestamp":1555772639,"path_taken":["M","M","M","$","?","R","M","E","T","R","?","$","M","M","R","BOSS","M","$","M","?","?","R","M","R","T","M"],"build_version":"2019-01-23","purchased_purges":0,"victory":false,"max_hp_per_floor":[70,70,70,70,70,70,70,70,70,70,70,70,70,70,70,70,70,70,70,70,70,70,70,70,70,70,70],"card_choices":[{"not_picked":["Backflip","Flechettes"],"picked":"Deadly Poison","floor":1.0},{"not_picked":["Dagger Throw","Slice"],"picked":"Deadly Poison","floor":2.0},{"not_picked":["PiercingWail","Underhanded Strike"],"picked":"Bane","floor":3.0},{"not_picked":["Underhanded Strike","Heel Hook"],"picked":"Deflect","floor":7.0},{"not_picked":["Glass Knife","Poisoned Stab"],"picked":"Terror","floor":8.0},{"not_picked":["Endless Agony","Tactician","Infinite Blades"],"picked":"SKIP","floor":13.0},{"not_picked":["Sucker Punch","Acrobatics"],"picked":"Backflip","floor":14.0},{"not_picked":["Unload","Storm of Steel"],"picked":"Night Terror","floor":16.0},{"not_picked":["Slice","Blade Dance"],"picked":"Backflip","floor":18.0},{"not_picked":["Masterful Stab+1","Dagger Spray+1"],"picked":"Terror","floor":20.0},{"not_picked":["Eviscerate","Flechettes+1"],"picked":"Noxious Fumes","floor":24.0}],"player_experience":319716,"relics_obtained":[{"floor":8.0,"key":"Bottled Lightning"},{"floor":9.0,"key":"Juzu Bracelet"},{"floor":17.0,"key":"Anchor"},{"floor":17.0,"key":"Blue Candle"},{"floor":17.0,"key":"Bird Faced Urn"},{"floor":26.0,"key":"Gremlin Horn"}],"event_choices":[{"damage_healed":0.0,"max_hp_gain":0.0,"max_hp_loss":0.0,"gold_gain":0.0,"event_name":"Shining Light","player_choice":"Ignored","floor":5.0,"gold_loss":0.0,"damage_taken":0.0},{"damage_healed":0.0,"max_hp_gain":0.0,"max_hp_loss":0.0,"gold_gain":0.0,"event_name":"Match and Keep!","player_choice":"4 cards matched","floor":11.0,"gold_loss":0.0,"damage_taken":0.0,"cards_obtained":["Night Terror","Neutralize","Trip","Slice"]},{"cards_removed":["Strike_G"],"damage_healed":0.0,"max_hp_gain":0.0,"max_hp_loss":0.0,"gold_gain":0.0,"event_name":"Beggar","player_choice":"Gave Gold","floor":21.0,"gold_loss":75.0,"damage_taken":0.0},{"damage_healed":0.0,"max_hp_gain":0.0,"max_hp_loss":0.0,"gold_gain":0.0,"event_name":"WeMeetAgain","player_choice":"Gave Potion","floor":22.0,"gold_loss":0.0,"damage_taken":0.0,"relics_obtained":["War Paint"]}],"is_beta":false,"boss_relics":[{"not_picked":["Sozu","Ring of the Serpent"],"picked":"Calling Bell"}],"items_purged_floors":[],"is_endless":false,"potions_floor_spawned":[1,2,13,14,18,24],"killed_by":"3 Cultists","ascension_level":5}