{"gold_per_floor":[115,135,135,55,70,95,95,122,147,222,2,21,21,21],"floor_reached":14,"playtime":348,"items_purged":[],"score":196,"play_id":"aa2b6c81-5377-4f96-ba28-cb702f2f6331","local_time":"20190226131732","is_ascension_mode":true,"campfire_choices":[{"data":"Consume","floor":7,"key":"SMITH"}],"neow_cost":"NONE","seed_source_timestamp":17036653475700,"circlet_count":0,"master_deck":["AscendersBane","Strike_B","Strike_B","Strike_B","Strike_B","Defend_B","Defend_B","Defend_B","Defend_B","Zap","Dualcast","Ball Lightning","Consume+1","Core Surge","Loop","Defragment"],"relics":["Cracked Core","NeowsBlessing","Dream Catcher","Smiling Mask","Vajra","OrangePellets"],"potions_floor_usage":[8],"damage_taken":[{"damage":0,"enemies":"Cultist","floor":1,"turns":1},{"damage":0,"enemies":"Jaw Worm","floor":2,"turns":1},{"damage":0,"enemies":"2 Louse","floor":5,"turns":1},{"damage":30,"enemies":"Gremlin Nob","floor":6,"turns":4},{"damage":15,"enemies":"3 Sentries","floor":8,"turns":8},{"damage":7,"enemies":"Exordium Wildlife","floor":12,"turns":3},{"damage":0,"enemies":"Exordium Thugs","floor":14,"turns":1}],"seed_played":"-2160177404898133497","potions_obtained":[{"floor":2,"key":"SkillPotion"},{"floor":5,"key":"LiquidBronze"}],"is_trial":false,"path_per_floor":["M","M","?","$","M","E","R","E","T","?","$","M","?","M"],"character_chosen":"DEFECT","items_purchased":["Core Surge","OrangePellets"],"campfire_rested":0,"item_purchase_floors":[4,11],"current_hp_per_floor":[64,64,64,64,64,34,34,19,19,19,19,12,12,12],"gold":21,"neow_bonus":"THREE_ENEMY_KILL","is_prod":false,"is_daily":false,"chose_seed":false,"campfire_upgraded":1,"win_rate":0,"timestamp":1551154652,"path_taken":["M","?","?","$","M","E","R","E","T","?","?","?","?","M"],"build_version":"2019-01-23","purchased_purges":0,"victory":false,"max_hp_per_floor":[71,71,71,71,71,71,71,71,71,71,71,71,71,71],"card_choices":[{"not_picked":["Turbo","Sweeping Beam"],"picked":"Ball Lightning","floor":1},{"not_picked":["Redo","Steam"],"picked":"Consume","floor":2},{"not_picked":["Barrage","Go for the Eyes","Rebound"],"picked":"SKIP","floor":5},{"not_picked":["Reboot","Storm"],"picked":"Loop","floor":6},{"not_picked":["Chill","Turbo"],"picked":"Defragment","floor":8},{"not_picked":["Force Field","Conserve Battery","Compile Driver"],"picked":"SKIP","floor":12}],"player_experience":1831216,"relics_obtained":[{"floor":6,"key":"Dream Catcher"},{"floor":8,"key":"Smiling Mask"},{"floor":9,"key":"Vajra"}],"event_choices":[{"damage_healed":0,"gold_gain":0,"player_choice":"Leave","damage_taken":0,"max_hp_gain":0,"max_hp_loss":0,"event_name":"The Cleric","floor":3,"gold_loss":0},{"damage_healed":0,"gold_gain":75,"player_choice":"Gained Gold","damage_taken":0,"max_hp_gain":0,"max_hp_loss":0,"event_name":"Golden Wing","floor":10,"gold_loss":0},{"damage_healed":0,"gold_gain":0,"player_choice":"Fled","damage_taken":0,"max_hp_gain":0,"max_hp_loss":0,"event_name":"Scrap Ooze","floor":13,"gold_loss":0}],"is_beta":false,"boss_relics":[],"items_purged_floors":[],"is_endless":false,"potions_floor_spawned":[2,5],"killed_by":"Exordium Thugs","ascension_level":20}