{"gold_per_floor":[111,111,131,144,158,158,189,205,229,248,248,248,58,23,23,128,128,140,65,78,97,97],"floor_reached":22,"playtime":1192,"items_purged":[],"score":282,"play_id":"20c3a129-0515-44a1-a606-34962c34cd7b","local_time":"20180720205603","is_ascension_mode":true,"campfire_choices":[{"floor":6.0,"key":"REST"},{"data":"Spot Weakness","floor":15,"key":"SMITH"}],"neow_cost":"NONE","seed_source_timestamp":1296747593995821,"circlet_count":0,"master_deck":["Strike_R","Strike_R","Strike_R","Strike_R","Strike_R","Defend_R","Defend_R","Defend_R","Bash","AscendersBane","Cleave","Iron Wave+1","Spot Weakness+1","Dramatic Entrance","Demon Form","Heavy Blade","Flex","Rage"],"special_seed":0,"relics":["Burning Blood","Meat on the Bone","Juzu Bracelet","NlothsMask","Mark of Pain"],"potions_floor_usage":[8,10,16,16,18,21],"damage_taken":[{"damage":4.0,"enemies":"Jaw Worm","floor":1.0,"turns":3.0},{"damage":18.0,"enemies":"Small Slimes","floor":3.0,"turns":4.0},{"damage":9.0,"enemies":"2 Louse","floor":4.0,"turns":2.0},{"damage":8.0,"enemies":"Red Slaver","floor":5.0,"turns":4.0},{"damage":23.0,"enemies":"3 Sentries","floor":7.0,"turns":9.0},{"damage":16,"enemies":"Exordium Wildlife","floor":8,"turns":9},{"damage":16,"enemies":"Gremlin Gang","floor":10,"turns":5},{"damage":75,"enemies":"Hexaghost","floor":16,"turns":10},{"damage":18,"enemies":"Spheric Guardian","floor":18,"turns":5},{"damage":7,"enemies":"Chosen","floor":20,"turns":4},{"damage":35,"enemies":"Snecko","floor":21,"turns":5},{"damage":48,"enemies":"Cultist and Chosen","floor":22,"turns":4}],"seed_played":"3681911046920114110","potions_obtained":[{"floor":3.0,"key":"SteroidPotion"},{"floor":7.0,"key":"SpeedPotion"},{"floor":8,"key":"SpeedPotion"},{"floor":16,"key":"EssenceOfSteel"},{"floor":20,"key":"Strength Potion"}],"is_trial":false,"path_per_floor":["M","?","M","M","M","R","E","M","T","M","?","?","$","?","R","B",null,"M","?","M","M"],"character_chosen":"IRONCLAD","items_purchased":["Dramatic Entrance","Block Potion","SteroidPotion"],"campfire_rested":1,"item_purchase_floors":[13,13,13],"current_hp_per_floor":[79,79,67,64,62,85,68,58,58,60,60,60,60,81,81,24,70,58,58,57,40,0],"gold":97,"neow_bonus":"THREE_SMALL_POTIONS","is_prod":false,"is_daily":false,"chose_seed":false,"campfire_upgraded":1,"win_rate":0,"timestamp":1532109363,"path_taken":["M","?","M","M","?","R","E","M","T","M","?","?","?","?","R","BOSS","M","?","M","M","M"],"build_version":"2018-07-19v2","purchased_purges":0,"victory":false,"max_hp_per_floor":[85,85,85,85,85,85,85,85,85,85,85,85,85,85,85,85,85,85,85,85,85,85],"card_choices":[{"not_picked":["Pommel Strike","Searing Blow","Sword Boomerang"],"picked":"SKIP","floor":1.0},{"not_picked":["Disarm","Flex"],"picked":"Cleave","floor":3.0},{"not_picked":["Warcry","Body Slam"],"picked":"Iron Wave","floor":4.0},{"not_picked":["Reckless Charge","Warcry","Armaments"],"picked":"SKIP","floor":5.0},{"not_picked":["Warcry","Barricade","Perfected Strike"],"picked":"SKIP","floor":7.0},{"not_picked":["Seeing Red","Rampage"],"picked":"Spot Weakness","floor":8},{"not_picked":["Body Slam","Shrug It Off","Twin Strike"],"picked":"SKIP","floor":10},{"not_picked":["Dark Embrace","Bludgeon"],"picked":"Demon Form","floor":16},{"not_picked":["Uppercut","Perfected Strike"],"picked":"Heavy Blade","floor":18},{"not_picked":["Warcry+1","Armaments"],"picked":"Flex","floor":20},{"not_picked":["Combust+1","Headbutt"],"picked":"Rage","floor":21}],"player_experience":591057,"relics_obtained":[{"floor":7.0,"key":"Meat on the Bone"},{"floor":9,"key":"Juzu Bracelet"}],"event_choices":[{"event_name":"Shining Light","player_choice":"Ignored","floor":2.0,"damage_taken":0.0},{"event_name":"Upgrade Shrine","player_choice":"Upgraded","floor":11,"damage_taken":0},{"event_name":"FaceTrader","player_choice":"Trade","floor":12,"damage_taken":0},{"event_name":"The Cleric","player_choice":"Healed","floor":14,"damage_taken":0},{"event_name":"Beggar","player_choice":"Gave Gold","floor":19,"damage_taken":0}],"is_beta":false,"boss_relics":[{"not_picked":["Busted Crown","Philosopher\u0027s Stone"],"picked":"Mark of Pain"}],"items_purged_floors":[],"is_endless":false,"potions_floor_spawned":[3,7,8,16,20],"killed_by":"Cultist and Chosen","ascension_level":10}