{"gold_per_floor":[114,289,302,92,92,120,120,133,133,164,164,24,24,68,68,188,188,208,191,191],"floor_reached":20,"playtime":2201,"items_purged":["Doubt","Injury"],"score":247,"play_id":"892b8469-ec5b-48de-a735-b204afc7eb2c","local_time":"20180715163547","is_ascension_mode":true,"campfire_choices":[{"floor":7.0,"key":"REST"},{"floor":13.0,"key":"REST"},{"floor":15.0,"key":"REST"}],"neow_cost":"NONE","seed_source_timestamp":0,"circlet_count":0,"master_deck":["Strike_B","Strike_B","Strike_B","Strike_B","Defend_B","Defend_B","Defend_B","Defend_B","Zap","Dualcast","Defragment","Capacitor","Dramatic Entrance","BootSequence","Biased Cognition","Capacitor","Capacitor","Biased Cognition","Skim","Self Repair","Chill","Consume+1"],"special_seed":0,"relics":["Cracked Core","Prayer Wheel","Strawberry","DataDisk","Happy Flower","Golden Idol","Question Card","White Beast Statue"],"potions_floor_usage":[16,16,19,20],"damage_taken":[{"damage":4.0,"enemies":"Jaw Worm","floor":1.0,"turns":3.0},{"damage":1.0,"enemies":"Cultist","floor":3.0,"turns":4.0},{"damage":28.0,"enemies":"Gremlin Nob","floor":6.0,"turns":4.0},{"damage":1.0,"enemies":"2 Louse","floor":8.0,"turns":3.0},{"damage":15.0,"enemies":"Lagavulin","floor":10.0,"turns":7.0},{"damage":9.0,"enemies":"3 Sentries","floor":14.0,"turns":7.0},{"damage":63,"enemies":"Slime Boss","floor":16,"turns":10},{"damage":24,"enemies":"3 Byrds","floor":18,"turns":5},{"damage":30,"enemies":"2 Thieves","floor":19,"turns":4},{"damage":19,"floor":20,"turns":3}],"seed_played":"2595438172129082353","potions_obtained":[{"floor":8.0,"key":"SteroidPotion"},{"floor":10.0,"key":"Weak Potion"},{"floor":18,"key":"Block Potion"},{"floor":19,"key":"Block Potion"}],"is_trial":false,"path_per_floor":["M","?","M","$","T","E","R","M","T","E","?","$","R","E","R","B",null,"M","M"],"character_chosen":"DEFECT","items_purchased":["Capacitor","Dramatic Entrance","Capacitor"],"campfire_rested":3,"item_purchase_floors":[4,4,12],"current_hp_per_floor":[64,64,75,75,75,54,78,77,77,62,62,62,82,73,82,19,66,42,19,0],"gold":191,"neow_bonus":"THREE_SMALL_POTIONS","is_prod":false,"is_daily":false,"chose_seed":false,"campfire_upgraded":0,"win_rate":0,"timestamp":1531661747,"path_taken":["M","?","M","$","?","E","R","M","T","E","?","?","R","E","R","BOSS","M","M","?"],"build_version":"2018-07-12","purchased_purges":2,"victory":false,"max_hp_per_floor":[75,75,75,75,75,82,82,82,82,82,82,82,82,82,82,82,82,82,82,82],"card_choices":[{"not_picked":["Lockon","Streamline","Sweeping Beam"],"picked":"SKIP","floor":1.0},{"not_picked":["Undo","Sweeping Beam"],"picked":"Defragment","floor":3.0},{"not_picked":["Rebound","Compile Driver"],"picked":"BootSequence","floor":6.0},{"not_picked":["Streamline","FTL"],"picked":"Biased Cognition","floor":8.0},{"not_picked":["Sweeping Beam","Reprogram","Coolheaded"],"picked":"SKIP","floor":8.0},{"not_picked":["Barrage","Turbo","Double Energy"],"picked":"SKIP","floor":10.0},{"not_picked":["Hologram","Sweeping Beam"],"picked":"Capacitor","floor":14.0},{"not_picked":["Multi-Cast","Machine Learning","Fission"],"picked":"Biased Cognition","floor":16},{"not_picked":["Barrage","Stack","Capacitor"],"picked":"Skim","floor":18},{"not_picked":["Chaos+1","Loop","Ball Lightning"],"picked":"Self Repair","floor":18},{"not_picked":["Conserve Battery","Rebound","Gash"],"picked":"Chill","floor":19},{"not_picked":["Stack","Compile Driver","Hello World"],"picked":"Consume+1","floor":19}],"player_experience":584076,"relics_obtained":[{"floor":5.0,"key":"Prayer Wheel"},{"floor":6.0,"key":"Strawberry"},{"floor":9.0,"key":"DataDisk"},{"floor":10.0,"key":"Happy Flower"},{"floor":14.0,"key":"Question Card"}],"event_choices":[{"event_name":"Liars Game","player_choice":"agreed","floor":2.0,"damage_taken":0.0},{"event_name":"Golden Idol","player_choice":"Take Wound","floor":11.0,"damage_taken":0.0},{"event_name":"Masked Bandits","player_choice":"Fought over 191 gold","floor":20,"damage_taken":0}],"boss_relics":[{"not_picked":["Runic Dome","Ectoplasm"],"picked":"White Beast Statue"}],"items_purged_floors":[4,12],"is_endless":false,"potions_floor_spawned":[1,8,10,18,19],"ascension_level":6}