{"path_per_floor":["M","M","$","?","M","E","$","R","T","E","?","T","R","?","R","B",null,"M"],"character_chosen":"IRONCLAD","items_purchased":["Infernal Blade","Mind Blast"],"gold_per_floor":[362,382,304,304,319,376,282,282,330,358,358,358,358,458,458,554,554,572,497],"floor_reached":19,"campfire_rested":3,"playtime":905,"current_hp_per_floor":[31,35,35,35,29,14,14,38,38,24,24,24,48,48,72,67,77,29,0],"items_purged":[],"gold":497,"score":234,"play_id":"83e2da73-2343-435a-bf0f-ac24f94c9e10","local_time":"20180428134144","is_prod":false,"is_daily":false,"chose_seed":false,"is_ascension_mode":true,"campfire_upgraded":0,"timestamp":1524912104,"path_taken":["M","M","$","?","M","E","$","R","T","E","?","?","R","?","R","BOSS","M","M"],"build_version":"2018-04-26","seed_source_timestamp":506336755910819,"purchased_purges":0,"victory":false,"master_deck":["Strike_R","Strike_R","Strike_R","Strike_R","Defend_R","Defend_R+1","Defend_R","Defend_R","Bash","Corruption","Second Wind","Infernal Blade","Sever Soul","Intimidate+1","Mind Blast","Warcry","Normality","Berserk","Entrench"],"max_hp_per_floor":[80,80,80,80,80,80,80,80,80,80,80,80,80,80,80,80,80,80,80],"relics":["Burning Blood","Tiny Chest","Art of War","Shuriken","War Paint","Bottled Flame","Mark of Pain"],"card_choices":[{"not_picked":["Sever Soul","Warcry"],"picked":"Corruption","floor":1},{"not_picked":["Cleave","Clothesline"],"picked":"Second Wind","floor":2},{"not_picked":["Heavy Blade","Uppercut"],"picked":"Sever Soul","floor":5},{"not_picked":["Rampage","Heavy Blade"],"picked":"Intimidate","floor":6},{"not_picked":["Metallicize","Sever Soul"],"picked":"Warcry","floor":10},{"not_picked":["Bludgeon","Barricade"],"picked":"Berserk","floor":16},{"not_picked":["Anger","Heavy Blade"],"picked":"Entrench","floor":18}],"player_experience":380683,"potions_floor_usage":[2,6,16],"damage_taken":[{"damage":11,"enemies":"2 Louse","floor":1,"turns":2},{"damage":2,"enemies":"Cultist","floor":2,"turns":4},{"damage":12,"enemies":"Jaw Worm","floor":5,"turns":3},{"damage":21,"enemies":"3 Sentries","floor":6,"turns":11},{"damage":20,"enemies":"Lagavulin","floor":10,"turns":6},{"damage":11,"enemies":"Slime Boss","floor":16,"turns":8},{"damage":54,"enemies":"Chosen","floor":18,"turns":8},{"damage":44,"enemies":"2 Thieves","floor":19,"turns":3}],"event_choices":[{"event_name":"Wheel of Change","player_choice":"Card Removal","floor":4,"damage_taken":0},{"event_name":"Accursed Blacksmith","player_choice":"Rummage","floor":11,"damage_taken":0},{"event_name":"Golden Shrine","player_choice":"Pray","floor":14,"damage_taken":0}],"boss_relics":[{"not_picked":["Sozu","Pandora\u0027s Box"],"picked":"Mark of Pain"}],"potions_floor_spawned":[1,2,10],"seed_played":"-2958013610426451392","killed_by":"2 Thieves","ascension_level":7,"is_trial":false}