{"gold_per_floor":[115,72,72,82,157,490,490,490,516,441,441,451,479,503,515,606,618,640,665,677,689,132,132,132],"floor_reached":24,"playtime":612,"items_purged":["Strike_B+1"],"score":554,"play_id":"e93cdb98-0ba1-4554-9b53-17e30d8e697a","local_time":"20190328215545","is_ascension_mode":true,"campfire_choices":[{"data":"Sunder","floor":7,"key":"SMITH"},{"data":"Loop","floor":11,"key":"SMITH"},{"data":"Chaos","floor":15,"key":"SMITH"},{"floor":23,"key":"REST"}],"neow_cost":"NONE","seed_source_timestamp":10798507847500,"circlet_count":0,"master_deck":["AscendersBane","Strike_B+1","Strike_B+1","Defend_B+1","Defend_B+1","Defend_B+1","Zap","Dualcast","Loop+1","Sunder+1","Coolheaded","Chaos+1","Cold Snap","Coolheaded","Reboot","Self Repair","Compile Driver+1","Capacitor"],"relics":["Cracked Core","NeowsBlessing","Old Coin","Anchor","MawBank","Runic Dome","Membership Card","Prayer Wheel","Question Card"],"potions_floor_usage":[13,16],"damage_taken":[{"damage":0,"enemies":"Cultist","floor":1,"turns":1},{"damage":0,"enemies":"Small Slimes","floor":4,"turns":1},{"damage":0,"enemies":"Lagavulin","floor":6,"turns":1},{"damage":0,"enemies":"Jaw Worm","floor":12,"turns":2},{"damage":6,"enemies":"Gremlin Nob","floor":13,"turns":3},{"damage":0,"enemies":"Large Slime","floor":14,"turns":5},{"damage":0,"enemies":"The Guardian","floor":16,"turns":10},{"damage":11,"enemies":"Shell Parasite","floor":18,"turns":8},{"damage":19,"enemies":"Spheric Guardian","floor":19,"turns":5},{"damage":66,"enemies":"Gremlin Leader","floor":24,"turns":7}],"seed_played":"5731496317325430934","potions_obtained":[{"floor":4,"key":"Energy Potion"},{"floor":12,"key":"Poison Potion"},{"floor":14,"key":"EssenceOfSteel"},{"floor":19,"key":"SpeedPotion"}],"is_trial":false,"path_per_floor":["M","$","?","M","?","E","R","?","T","?","R","M","E","M","R","B",null,"M","M","?","?","$","R","E"],"character_chosen":"DEFECT","items_purchased":["Sunder","Membership Card","Prayer Wheel","Question Card"],"campfire_rested":1,"item_purchase_floors":[2,22,22,22],"current_hp_per_floor":[64,64,64,64,53,53,53,53,53,53,53,53,47,47,47,47,65,54,42,42,42,42,63,0],"gold":132,"neow_bonus":"THREE_ENEMY_KILL","is_prod":false,"is_daily":false,"chose_seed":false,"campfire_upgraded":3,"win_rate":0,"timestamp":1553777745,"path_taken":["M","$","?","M","?","E","R","?","T","?","R","M","E","M","R","BOSS","M","M","?","?","?","R","E"],"build_version":"2019-01-23","purchased_purges":1,"victory":false,"max_hp_per_floor":[71,71,71,71,71,71,71,71,71,71,71,71,71,71,71,71,71,71,71,71,71,71,71,71],"card_choices":[{"not_picked":["Leap","Aggregate"],"picked":"Loop","floor":1},{"not_picked":["Ball Lightning","Gash"],"picked":"Coolheaded","floor":4},{"not_picked":["Stack","Sweeping Beam","Rebound"],"picked":"SKIP","floor":6},{"not_picked":["Fission","Rebound"],"picked":"Chaos","floor":12},{"not_picked":["Amplify","Beam Cell"],"picked":"Cold Snap","floor":13},{"not_picked":["Aggregate","Gash"],"picked":"Coolheaded","floor":14},{"not_picked":["Amplify","Meteor Strike"],"picked":"Reboot","floor":16},{"not_picked":["Turbo","Go for the Eyes+1"],"picked":"Self Repair","floor":18},{"not_picked":["Sweeping Beam","Leap"],"picked":"Compile Driver+1","floor":19}],"player_experience":2691518,"relics_obtained":[{"floor":6,"key":"Old Coin"},{"floor":9,"key":"Anchor"},{"floor":13,"key":"MawBank"}],"event_choices":[{"cards_removed":["Strike_B"],"damage_healed":0,"gold_gain":0,"player_choice":"Forget","damage_taken":0,"max_hp_gain":0,"max_hp_loss":0,"event_name":"Living Wall","floor":3,"gold_loss":0},{"damage_healed":0,"gold_gain":75,"player_choice":"Gather Gold","damage_taken":11,"max_hp_gain":0,"max_hp_loss":0,"event_name":"World of Goop","floor":5,"gold_loss":0},{"damage_healed":0,"gold_gain":0,"player_choice":"Ignored","damage_taken":0,"max_hp_gain":0,"max_hp_loss":0,"event_name":"Liars Game","floor":8,"gold_loss":0},{"cards_removed":["Defend_B"],"damage_healed":0,"gold_gain":0,"player_choice":"Card Removal","damage_taken":0,"max_hp_gain":0,"max_hp_loss":0,"event_name":"The Cleric","floor":10,"gold_loss":75},{"damage_healed":0,"gold_gain":0,"player_choice":"Read","damage_taken":0,"max_hp_gain":0,"max_hp_loss":0,"event_name":"The Library","floor":20,"gold_loss":0,"cards_obtained":["Capacitor"]},{"damage_healed":0,"gold_gain":0,"player_choice":"Simplicity","damage_taken":0,"max_hp_gain":0,"max_hp_loss":0,"event_name":"Back to Basics","floor":21,"gold_loss":0,"cards_upgraded":["Strike_B","Strike_B","Strike_B","Defend_B","Defend_B","Defend_B"]}],"is_beta":false,"boss_relics":[{"not_picked":["Black Star","Eternal Feather"],"picked":"Runic Dome"}],"items_purged_floors":[22],"is_endless":false,"potions_floor_spawned":[4,12,14,19],"killed_by":"Gremlin Leader","ascension_level":20}