{"gold_per_floor":[118,65,65,84,9,9,40,40,40,40,53,53,81,92,92,169,169,120,139,139],"floor_reached":20,"playtime":483,"items_purged":[],"score":439,"play_id":"04a1a84b-9918-458e-b723-e8219059d5c1","local_time":"20190328193930","is_ascension_mode":true,"campfire_choices":[{"data":"True Grit","floor":6,"key":"SMITH"},{"data":"Bash","floor":8,"key":"SMITH"},{"data":"Feed","floor":10,"key":"SMITH"},{"data":"Carnage","floor":15,"key":"SMITH"}],"neow_cost":"NONE","seed_source_timestamp":2752796023200,"circlet_count":0,"master_deck":["AscendersBane","Strike_R","Strike_R","Strike_R","Strike_R","Strike_R","Defend_R","Defend_R","Defend_R","Defend_R","Bash+1","True Grit+1","Feed+1","Second Wind","Shockwave","Carnage+1","Impervious","Battle Trance","Seeing Red","Entrench","Flame Barrier","Shrug It Off+1","Entrench"],"relics":["Burning Blood","NeowsBlessing","Question Card","Orichalcum","Pear","Paper Frog","Orrery"],"potions_floor_usage":[13,16,16,19],"damage_taken":[{"damage":0,"enemies":"Jaw Worm","floor":1,"turns":1},{"damage":0,"enemies":"Small Slimes","floor":4,"turns":1},{"damage":0,"enemies":"Lagavulin","floor":7,"turns":2},{"damage":2,"enemies":"2 Louse","floor":11,"turns":5},{"damage":40,"enemies":"Gremlin Nob","floor":13,"turns":6},{"damage":3,"enemies":"Exordium Wildlife","floor":14,"turns":3},{"damage":47,"enemies":"Hexaghost","floor":16,"turns":9},{"damage":22,"enemies":"2 Thieves","floor":18,"turns":5},{"damage":14,"enemies":"Spheric Guardian","floor":19,"turns":5},{"damage":44,"enemies":"Colosseum Slavers","floor":20,"turns":11}],"seed_played":"1708598913382830757","potions_obtained":[{"floor":1,"key":"FearPotion"},{"floor":13,"key":"Regen Potion"},{"floor":16,"key":"SneckoOil"},{"floor":18,"key":"AttackPotion"}],"is_trial":false,"path_per_floor":["M","$","?","M","?","R","E","R","T","R","M","?","E","M","R","B",null,"M","M","?"],"character_chosen":"IRONCLAD","items_purchased":["PowerPotion"],"campfire_rested":0,"item_purchase_floors":[2],"current_hp_per_floor":[74,74,74,75,75,75,75,75,85,85,89,89,59,66,66,30,80,64,56,22],"gold":139,"neow_bonus":"THREE_ENEMY_KILL","is_prod":false,"is_daily":false,"chose_seed":false,"campfire_upgraded":4,"win_rate":0,"timestamp":1553769570,"path_taken":["M","$","?","M","?","R","E","R","T","R","M","?","E","?","R","BOSS","M","M","?"],"build_version":"2019-01-23","purchased_purges":0,"victory":false,"max_hp_per_floor":[75,75,75,75,75,75,75,75,85,85,89,89,93,97,97,97,97,97,97,101],"card_choices":[{"not_picked":["Dual Wield","Iron Wave","Havoc"],"picked":"SKIP","floor":1},{"not_picked":["Perfected Strike","Dual Wield","Twin Strike"],"picked":"True Grit","floor":4},{"not_picked":["Exhume","Flex","Metallicize"],"picked":"Feed","floor":7},{"not_picked":["Flex","Armaments","Bloodletting"],"picked":"Second Wind","floor":11},{"not_picked":["Blood for Blood","Sword Boomerang","Shrug It Off"],"picked":"Shockwave","floor":13},{"not_picked":["Iron Wave","Havoc","Combust"],"picked":"Carnage","floor":14},{"not_picked":["Dark Embrace","Berserk","Bludgeon"],"picked":"Impervious","floor":16},{"not_picked":["Clash","Flex","True Grit"],"picked":"Battle Trance","floor":17},{"not_picked":["Clothesline","Rupture","Burning Pact"],"picked":"Seeing Red","floor":17},{"not_picked":["Shockwave","Heavy Blade","Metallicize"],"picked":"Entrench","floor":17},{"not_picked":["Flex","Pummel","Sever Soul"],"picked":"Flame Barrier","floor":17},{"not_picked":["Clash","Juggernaut","Rupture"],"picked":"Shrug It Off+1","floor":18},{"not_picked":["Blood for Blood","Wild Strike","Perfected Strike+1"],"picked":"Entrench","floor":19}],"player_experience":2683782,"relics_obtained":[{"floor":7,"key":"Orichalcum"},{"floor":9,"key":"Pear"},{"floor":13,"key":"Paper Frog"}],"event_choices":[{"damage_healed":0,"gold_gain":0,"player_choice":"Box","damage_taken":0,"relics_obtained":["Question Card"],"max_hp_gain":0,"max_hp_loss":0,"event_name":"Big Fish","floor":3,"gold_loss":0,"cards_obtained":["Regret"]},{"cards_removed":["Regret"],"damage_healed":0,"gold_gain":0,"player_choice":"Card Removal","damage_taken":0,"max_hp_gain":0,"max_hp_loss":0,"event_name":"The Cleric","floor":5,"gold_loss":75},{"damage_healed":0,"gold_gain":0,"player_choice":"Ignored","damage_taken":0,"max_hp_gain":0,"max_hp_loss":0,"event_name":"Liars Game","floor":12,"gold_loss":0},{"damage_healed":0,"gold_gain":0,"player_choice":"Fight","damage_taken":0,"max_hp_gain":0,"max_hp_loss":0,"event_name":"Colosseum","floor":20,"gold_loss":0}],"is_beta":false,"boss_relics":[{"not_picked":["Tiny House","Black Star"],"picked":"Orrery"}],"items_purged_floors":[],"is_endless":false,"potions_floor_spawned":[1,7,13,16,18],"killed_by":"Colosseum Slavers","ascension_level":20}