{"gold_per_floor":[109,109,123,86,106,106,116,116,142,152,152,152,187,200,200,274,274,293,293,55,48,48,48],"floor_reached":23,"playtime":688,"items_purged":["Strike_B"],"score":407,"play_id":"545b285f-509c-41e1-9464-eda0eccb0c87","local_time":"20190226133537","is_ascension_mode":true,"campfire_choices":[{"data":"Creative AI","floor":6,"key":"SMITH"},{"data":"Loop","floor":8,"key":"SMITH"},{"data":"Streamline","floor":11,"key":"SMITH"},{"data":"Consume","floor":15,"key":"SMITH"}],"neow_cost":"TEN_PERCENT_HP_LOSS","seed_source_timestamp":17781252200800,"circlet_count":0,"master_deck":["AscendersBane","Defend_B","Defend_B+1","Defend_B","Defend_B","Zap","Dualcast","Creative AI+1","Streamline+1","Coolheaded+1","Loop+1","Echo Form","Coolheaded","Consume+1","Reinforced Body","Seek","Glacier","Leap+1","Bite","Bite","Bite","Bite","Bite"],"relics":["Cracked Core","War Paint","Pen Nib","Sozu","Nloth\u0027s Gift","Bronze Scales"],"potions_floor_usage":[16,16,18],"damage_taken":[{"damage":8,"enemies":"2 Louse","floor":1,"turns":3},{"damage":1,"enemies":"Cultist","floor":3,"turns":3},{"damage":5,"enemies":"Small Slimes","floor":5,"turns":3},{"damage":9,"enemies":"Looter","floor":7,"turns":4},{"damage":4,"enemies":"Red Slaver","floor":10,"turns":3},{"damage":13,"enemies":"Lagavulin","floor":13,"turns":7},{"damage":8,"enemies":"Large Slime","floor":14,"turns":5},{"damage":1,"enemies":"The Guardian","floor":16,"turns":8},{"damage":26,"enemies":"3 Byrds","floor":18,"turns":6},{"damage":12,"enemies":"2 Thieves","floor":21,"turns":4},{"damage":17,"enemies":"Cultist and Chosen","floor":23,"turns":3}],"seed_played":"-2629601826775534552","potions_obtained":[{"floor":1,"key":"Dexterity Potion"},{"floor":3,"key":"AttackPotion"},{"floor":13,"key":"PowerPotion"},{"floor":14,"key":"Fire Potion"},{"floor":16,"key":"FearPotion"}],"is_trial":false,"path_per_floor":["M","?","M","$","M","R","M","R","T","M","R","?","E","M","R","B",null,"M","?","$","M","?","M"],"character_chosen":"DEFECT","items_purchased":["Loop","Bronze Scales"],"campfire_rested":0,"item_purchase_floors":[4,20],"current_hp_per_floor":[56,56,55,55,50,50,41,41,41,37,37,37,24,16,16,15,52,26,26,26,14,14,0],"gold":48,"neow_bonus":"THREE_RARE_CARDS","is_prod":false,"is_daily":false,"chose_seed":false,"campfire_upgraded":4,"win_rate":0,"timestamp":1551155737,"path_taken":["M","?","?","$","M","R","M","R","T","M","R","?","E","M","R","BOSS","M","?","$","?","?","M"],"build_version":"2019-01-23","purchased_purges":1,"victory":false,"max_hp_per_floor":[64,64,64,64,64,64,64,64,64,64,64,64,64,64,64,64,64,64,64,64,64,44,44],"card_choices":[{"not_picked":["Core Surge","Multi-Cast"],"picked":"Creative AI","floor":0},{"not_picked":["Hello World","Aggregate"],"picked":"Streamline","floor":1},{"not_picked":["Barrage","Scrape"],"picked":"Coolheaded","floor":3},{"not_picked":["Rebound","Go for the Eyes","Steam"],"picked":"SKIP","floor":5},{"not_picked":["Leap","Compile Driver"],"picked":"Echo Form","floor":7},{"not_picked":["Storm","Barrage"],"picked":"Coolheaded","floor":10},{"not_picked":["Steam","Undo"],"picked":"Consume","floor":13},{"not_picked":["Hello World","Stack"],"picked":"Reinforced Body","floor":14},{"not_picked":["Fission","Echo Form"],"picked":"Seek","floor":16},{"not_picked":["Streamline+1","Coolheaded"],"picked":"Glacier","floor":18},{"not_picked":["Machine Learning","Undo"],"picked":"Leap+1","floor":21}],"player_experience":1831942,"relics_obtained":[{"floor":9,"key":"War Paint"},{"floor":13,"key":"Pen Nib"}],"event_choices":[{"damage_healed":0,"gold_gain":0,"player_choice":"Trade","damage_taken":0,"relics_obtained":["CultistMask"],"max_hp_gain":0,"max_hp_loss":0,"event_name":"FaceTrader","floor":2,"gold_loss":0},{"damage_healed":0,"gold_gain":0,"player_choice":"Ignored","damage_taken":0,"max_hp_gain":0,"max_hp_loss":0,"event_name":"Liars Game","floor":12,"gold_loss":0},{"damage_healed":0,"gold_gain":0,"player_choice":"Traded Relic","damage_taken":0,"relics_obtained":["Nloth\u0027s Gift"],"max_hp_gain":0,"max_hp_loss":0,"event_name":"N\u0027loth","floor":19,"relics_lost":["CultistMask"],"gold_loss":0},{"damage_healed":0,"gold_gain":0,"player_choice":"Became a vampire","damage_taken":0,"max_hp_gain":0,"max_hp_loss":20,"event_name":"Vampires","floor":22,"gold_loss":0,"cards_obtained":["Bite","Bite","Bite","Bite","Bite"]}],"is_beta":false,"boss_relics":[{"not_picked":["Pandora\u0027s Box","Eternal Feather"],"picked":"Sozu"}],"items_purged_floors":[20],"is_endless":false,"potions_floor_spawned":[1,3,10,13,14,16,18],"killed_by":"Cultist and Chosen","ascension_level":20}