{"gold_per_floor":[114,8,8,19,94,126,126,157,181,209,221,221,221,235,235,313,313,323,50,50,68,68,124,124,150,150,150,150,160,160,160,160,234,234,245,245,263,263,263,263,213,213,213,224,224,224],"floor_reached":46,"playtime":1953,"items_purged":[],"score":1015,"play_id":"c99fc0e6-091c-4f66-a93e-cdc6964d0127","local_time":"20190309173713","is_ascension_mode":true,"campfire_choices":[{"data":"Beam Cell","floor":7,"key":"SMITH"},{"floor":13,"key":"REST"},{"data":"Buffer","floor":15,"key":"SMITH"},{"floor":24,"key":"REST"},{"floor":27,"key":"REST"},{"data":"Loop","floor":32,"key":"SMITH"},{"data":"Creative AI","floor":40,"key":"SMITH"},{"data":"Fission","floor":42,"key":"SMITH"}],"neow_cost":"NONE","seed_source_timestamp":25031307965800,"circlet_count":0,"master_deck":["AscendersBane","Defend_B","Defend_B","Defend_B","Zap","Dualcast+1","Sunder+1","Panacea","Beam Cell+1","Creative AI+1","Buffer+1","Defragment","Loop+1","Turbo","Fission+1","Cold Snap+1","Cold Snap","Conserve Battery+1","Biased Cognition","Self Repair","Chill+1","Seek","Leap","Biased Cognition","Coolheaded"],"relics":["Cracked Core","NeowsBlessing","Strawberry","Dream Catcher","Pen Nib","Blood Vial","Empty Cage","Omamori","Gremlin Horn","Tiny Chest","WingedGreaves","Cables","Coffee Dripper"],"potions_floor_usage":[8,16,23,23,25,28,33,46],"damage_taken":[{"damage":0,"enemies":"Cultist","floor":1,"turns":1},{"damage":0,"enemies":"Small Slimes","floor":4,"turns":1},{"damage":0,"enemies":"Lagavulin","floor":6,"turns":1},{"damage":20,"enemies":"3 Sentries","floor":8,"turns":6},{"damage":15,"enemies":"Lagavulin","floor":10,"turns":7},{"damage":2,"enemies":"Jaw Worm","floor":11,"turns":3},{"damage":11,"enemies":"2 Fungi Beasts","floor":14,"turns":3},{"damage":31,"enemies":"The Guardian","floor":16,"turns":9},{"damage":0,"enemies":"Chosen","floor":18,"turns":5},{"damage":17,"enemies":"2 Thieves","floor":21,"turns":4},{"damage":42,"enemies":"Book of Stabbing","floor":23,"turns":5},{"damage":28,"enemies":"Gremlin Leader","floor":25,"turns":9},{"damage":19,"enemies":"Colosseum Slavers","floor":28,"turns":5},{"damage":13,"enemies":"Centurion and Healer","floor":29,"turns":7},{"damage":34,"enemies":"Champ","floor":33,"turns":23},{"damage":0,"enemies":"3 Darklings","floor":35,"turns":6},{"damage":5,"enemies":"Orb Walker","floor":37,"turns":7},{"damage":0,"enemies":"Maw","floor":44,"turns":8},{"damage":31,"enemies":"Reptomancer","floor":46,"turns":8}],"seed_played":"5157863231104988419","potions_obtained":[{"floor":4,"key":"Strength Potion"},{"floor":6,"key":"EssenceOfSteel"},{"floor":10,"key":"Block Potion"},{"floor":21,"key":"Fire Potion"},{"floor":23,"key":"PowerPotion"},{"floor":25,"key":"Swift Potion"},{"floor":29,"key":"Regen Potion"},{"floor":44,"key":"Regen Potion"}],"is_trial":false,"path_per_floor":["M","$","?","M","?","E","R","E","T","E","M","?","R","M","R","B",null,"M","$","?","M","?","E","R","E","T","R","?","M","?","?","R","B",null,"M","?","M","?","?","R","?","R","T","M","?","E"],"character_chosen":"DEFECT","items_purchased":["Panacea","Omamori","Fire Potion","Cold Snap"],"campfire_rested":3,"item_purchase_floors":[2,19,19,19],"current_hp_per_floor":[64,64,64,64,53,60,60,40,40,25,25,18,41,32,32,3,59,61,61,61,46,46,6,29,17,17,40,30,26,26,26,26,16,63,72,72,76,76,74,74,74,74,74,74,74,52],"gold":224,"neow_bonus":"THREE_ENEMY_KILL","is_prod":false,"is_daily":false,"chose_seed":false,"campfire_upgraded":5,"win_rate":0,"timestamp":1552120633,"path_taken":["M","$","?","M","?","E","R","E","T","E","M","?","R","M","R","BOSS","M","$","?","M","?","E","R","E","T","R","?","?","?","?","R","BOSS","M","?","?","?","?","R","?","R","T","?","?","E"],"build_version":"2019-01-23","purchased_purges":0,"victory":false,"max_hp_per_floor":[71,71,71,71,71,78,78,78,78,78,78,78,78,78,78,78,78,78,78,78,78,78,78,78,78,78,78,78,78,78,78,78,78,78,78,78,78,78,74,74,74,74,74,74,74,74],"card_choices":[{"not_picked":["Leap","Darkness"],"picked":"Sunder","floor":1},{"not_picked":["Turbo","Ball Lightning"],"picked":"Beam Cell","floor":4},{"not_picked":["Turbo","Hello World"],"picked":"Creative AI","floor":6},{"not_picked":["Chill","Turbo"],"picked":"Buffer","floor":8},{"not_picked":["Streamline","Rebound"],"picked":"Defragment","floor":10},{"not_picked":["Reprogram","Go for the Eyes"],"picked":"Loop","floor":11},{"not_picked":["Scrape","Compile Driver"],"picked":"Turbo","floor":13},{"not_picked":["Go for the Eyes","Rip and Tear","Force Field"],"picked":"SKIP","floor":14},{"not_picked":["Echo Form","Meteor Strike"],"picked":"Fission","floor":16},{"not_picked":["Double Energy","Beam Cell"],"picked":"Cold Snap","floor":18},{"not_picked":["Hologram","Beam Cell"],"picked":"Conserve Battery+1","floor":21},{"not_picked":["Ball Lightning+1","Streamline"],"picked":"Biased Cognition","floor":23},{"not_picked":["Leap","Tempest"],"picked":"Self Repair","floor":24},{"not_picked":["Go for the Eyes","Sweeping Beam","Redo"],"picked":"SKIP","floor":25},{"not_picked":["Barrage","Capacitor"],"picked":"Chill+1","floor":27},{"not_picked":["Steam Power","Redo","Barrage"],"picked":"SKIP","floor":29},{"not_picked":["Amplify","Meteor Strike"],"picked":"Seek","floor":33},{"not_picked":["Ball Lightning","Rebound"],"picked":"Leap","floor":35},{"not_picked":["FTL","Conserve Battery"],"picked":"Coolheaded","floor":37},{"not_picked":["Redo+1","Self Repair","Barrage"],"picked":"SKIP","floor":44}],"player_experience":2098425,"relics_obtained":[{"floor":6,"key":"Strawberry"},{"floor":8,"key":"Dream Catcher"},{"floor":9,"key":"Pen Nib"},{"floor":10,"key":"Blood Vial"},{"floor":23,"key":"Tiny Chest"},{"floor":25,"key":"WingedGreaves"},{"floor":26,"key":"Cables"}],"event_choices":[{"damage_healed":0,"gold_gain":0,"player_choice":"Grow","damage_taken":0,"max_hp_gain":0,"max_hp_loss":0,"event_name":"Living Wall","floor":3,"gold_loss":0,"cards_upgraded":["Sunder"]},{"damage_healed":0,"gold_gain":75,"player_choice":"Gather Gold","damage_taken":11,"max_hp_gain":0,"max_hp_loss":0,"event_name":"World of Goop","floor":5,"gold_loss":0},{"cards_removed":["Strike_B"],"damage_healed":0,"gold_gain":0,"player_choice":"Card Removal","damage_taken":7,"max_hp_gain":0,"max_hp_loss":0,"event_name":"Golden Wing","floor":12,"gold_loss":0},{"damage_healed":0,"gold_gain":0,"player_choice":"Opened","damage_taken":0,"relics_obtained":["Gremlin Horn"],"max_hp_gain":0,"max_hp_loss":0,"event_name":"The Mausoleum","floor":20,"gold_loss":0,"cards_obtained":["Writhe"]},{"damage_healed":0,"gold_gain":0,"player_choice":"Ignored","damage_taken":0,"max_hp_gain":0,"max_hp_loss":0,"event_name":"Vampires","floor":22,"gold_loss":0},{"damage_healed":0,"gold_gain":0,"player_choice":"Fight","damage_taken":0,"max_hp_gain":0,"max_hp_loss":0,"event_name":"Colosseum","floor":28,"gold_loss":0},{"damage_healed":0,"gold_gain":0,"player_choice":"Fled From Nobs","damage_taken":0,"max_hp_gain":0,"max_hp_loss":0,"event_name":"Colosseum","floor":28,"gold_loss":0},{"damage_healed":0,"gold_gain":0,"player_choice":"Smashed Altar","damage_taken":0,"max_hp_gain":0,"max_hp_loss":0,"event_name":"Forgotten Altar","floor":30,"gold_loss":0,"cards_obtained":["Decay"]},{"cards_removed":["Strike_B"],"damage_healed":0,"gold_gain":0,"player_choice":"Elegance","damage_taken":0,"max_hp_gain":0,"max_hp_loss":0,"event_name":"Back to Basics","floor":31,"gold_loss":0},{"damage_healed":0,"gold_gain":0,"player_choice":"Copied","damage_taken":0,"max_hp_gain":0,"max_hp_loss":0,"event_name":"Duplicator","floor":36,"gold_loss":0,"cards_obtained":["Biased Cognition"]},{"cards_removed":["Defend_B"],"damage_healed":0,"gold_gain":0,"player_choice":"Removed Skill","damage_taken":0,"max_hp_gain":0,"max_hp_loss":0,"event_name":"Falling","floor":38,"gold_loss":0},{"damage_healed":0,"gold_gain":0,"player_choice":"Max HP","damage_taken":0,"max_hp_gain":0,"max_hp_loss":4,"event_name":"Winding Halls","floor":39,"gold_loss":0},{"damage_healed":0,"gold_gain":0,"player_choice":"Upgraded Two","damage_taken":0,"max_hp_gain":0,"max_hp_loss":0,"event_name":"Designer","floor":41,"gold_loss":50,"cards_upgraded":["Dualcast","Cold Snap"]},{"damage_healed":0,"gold_gain":0,"player_choice":"Ignored","damage_taken":0,"max_hp_gain":0,"max_hp_loss":0,"event_name":"Mysterious Sphere","floor":45,"gold_loss":0}],"is_beta":false,"boss_relics":[{"not_picked":["Busted Crown","Runic Pyramid"],"picked":"Empty Cage"},{"not_picked":["White Beast Statue","Philosopher\u0027s Stone"],"picked":"Coffee Dripper"}],"items_purged_floors":[],"is_endless":false,"potions_floor_spawned":[4,6,10,21,23,25,29,44],"killed_by":"Reptomancer","ascension_level":20}