{"gold_per_floor":[118,73,87,97,110,110,145,145,199,229,240,240,240],"floor_reached":13,"playtime":367,"items_purged":[],"score":190,"play_id":"5083c21a-c657-44b6-b79d-4e60790b1abe","local_time":"20190314145909","is_ascension_mode":true,"campfire_choices":[{"data":"Whirlwind","floor":6,"key":"SMITH"},{"data":"Bludgeon","floor":8,"key":"SMITH"},{"floor":12,"key":"REST"}],"neow_cost":"PERCENT_DAMAGE","seed_source_timestamp":17608739920300,"circlet_count":0,"master_deck":["AscendersBane","Strike_R","Strike_R","Strike_R","Strike_R","Strike_R","Defend_R","Defend_R","Defend_R","Defend_R","Bash","Bludgeon+1","Shrug It Off","Feel No Pain","Battle Trance","Feel No Pain","Whirlwind+1","Feed","True Grit","Corruption+1"],"relics":["Burning Blood","Frozen Egg 2","Art of War","Centennial Puzzle"],"potions_floor_usage":[10,10],"damage_taken":[{"damage":2,"enemies":"Cultist","floor":1,"turns":4},{"damage":3,"enemies":"2 Louse","floor":3,"turns":3},{"damage":0,"enemies":"Small Slimes","floor":4,"turns":3},{"damage":18,"enemies":"Exordium Wildlife","floor":5,"turns":5},{"damage":32,"enemies":"Gremlin Nob","floor":7,"turns":4},{"damage":22,"enemies":"Lagavulin","floor":10,"turns":6},{"damage":11,"enemies":"Looter","floor":11,"turns":4},{"damage":24,"enemies":"Gremlin Nob","floor":13,"turns":5}],"seed_played":"-1682263426791123123","potions_obtained":[{"floor":4,"key":"EssenceOfSteel"},{"floor":5,"key":"Poison Potion"},{"floor":7,"key":"Regen Potion"}],"is_trial":false,"path_per_floor":["M","$","M","M","M","R","E","R","T","E","M","R","E"],"character_chosen":"IRONCLAD","items_purchased":["Feel No Pain"],"campfire_rested":1,"item_purchase_floors":[2],"current_hp_per_floor":[54,54,57,63,51,51,25,25,25,24,19,41,17],"gold":240,"neow_bonus":"THREE_RARE_CARDS","is_prod":false,"is_daily":false,"chose_seed":false,"campfire_upgraded":2,"win_rate":0,"timestamp":1552543149,"path_taken":["M","$","M","?","M","R","E","R","T","E","M","R","E"],"build_version":"2019-01-23","purchased_purges":0,"victory":false,"max_hp_per_floor":[75,75,75,75,75,75,75,75,75,75,75,75,75],"card_choices":[{"not_picked":["Exhume","Impervious"],"picked":"Bludgeon","floor":0},{"not_picked":["Bloodletting","Power Through"],"picked":"Shrug It Off","floor":1},{"not_picked":["Pommel Strike","Iron Wave"],"picked":"Battle Trance","floor":3},{"not_picked":["True Grit","Thunderclap"],"picked":"Feel No Pain","floor":4},{"not_picked":["Burning Pact","Pommel Strike"],"picked":"Whirlwind","floor":5},{"not_picked":["Flex","Clash"],"picked":"Feed","floor":7},{"not_picked":["Rage","Cleave"],"picked":"True Grit","floor":10},{"not_picked":["True Grit","Searing Blow"],"picked":"Corruption+1","floor":11}],"player_experience":2267528,"relics_obtained":[{"floor":7,"key":"Frozen Egg 2"},{"floor":9,"key":"Art of War"},{"floor":10,"key":"Centennial Puzzle"}],"event_choices":[],"is_beta":false,"boss_relics":[],"items_purged_floors":[],"is_endless":false,"potions_floor_spawned":[4,5,7],"killed_by":"Gremlin Nob","ascension_level":20}