{"gold_per_floor":[112,112,125,49,65,94,94,94,140,174,192,192,224,239,239,317,317,317,45,45,45,45,45,45,45,45,45,45,45,45,45,45,45,45,45,45,45,45,45,45,45,45,45,45],"floor_reached":44,"playtime":3327,"items_purged":["Strike_B"],"score":881,"play_id":"3720a2a6-5728-4d64-b4a0-f0510a6d02ff","local_time":"20190118030818","is_ascension_mode":true,"campfire_choices":[{"data":"Storm","floor":7.0,"key":"SMITH"},{"data":"Defragment","floor":12.0,"key":"SMITH"},{"data":"Zap","floor":15.0,"key":"SMITH"},{"data":"Recycle","floor":23,"key":"SMITH"},{"data":"White Noise","floor":28,"key":"SMITH"},{"data":"Heatsinks","floor":30,"key":"SMITH"},{"data":"Loop","floor":32,"key":"SMITH"},{"data":"Buffer","floor":40,"key":"SMITH"}],"neow_cost":"NONE","seed_source_timestamp":1059298587347684,"circlet_count":0,"master_deck":["AscendersBane","Strike_B","Strike_B","Defend_B","Defend_B","Defend_B","Zap+1","Dualcast","Core Surge","White Noise","Self Repair","Conserve Battery","Storm+1","Defragment+1","Seek","Genetic Algorithm","White Noise+1","Leap","Coolheaded","Rainbow","Compile Driver","Loop+1","Fission+1","Recycle+1","Echo Form","Barrage+1","Heatsinks+1","Chill+1","Buffer+1","Hologram","Auto Shields+1","Storm+1","Double Energy"],"special_seed":0,"relics":["Cracked Core","Oddly Smooth Stone","Centennial Puzzle","Question Card","Dead Branch","Ectoplasm","Strawberry","MawBank","Snecko Eye","Pantograph"],"potions_floor_usage":[24,35],"damage_taken":[{"damage":0.0,"enemies":"2 Louse","floor":1.0,"turns":2.0},{"damage":1.0,"enemies":"Cultist","floor":3.0,"turns":3.0},{"damage":0.0,"enemies":"Jaw Worm","floor":5.0,"turns":3.0},{"damage":33.0,"enemies":"Gremlin Nob","floor":6.0,"turns":4.0},{"damage":14.0,"enemies":"Lagavulin","floor":10.0,"turns":6.0},{"damage":16.0,"enemies":"2 Fungi Beasts","floor":11.0,"turns":3.0},{"damage":6.0,"enemies":"Gremlin Nob","floor":13.0,"turns":3.0},{"damage":4.0,"enemies":"Red Slaver","floor":14.0,"turns":2.0},{"damage":4.0,"enemies":"The Guardian","floor":16.0,"turns":7.0},{"damage":13,"enemies":"Chosen","floor":18,"turns":4},{"damage":0,"enemies":"Spheric Guardian","floor":20,"turns":2},{"damage":12,"enemies":"Snecko","floor":22,"turns":5},{"damage":27,"enemies":"Book of Stabbing","floor":24,"turns":3},{"damage":10,"enemies":"Snake Plant","floor":25,"turns":2},{"damage":0,"enemies":"3 Cultists","floor":27,"turns":2},{"damage":10,"enemies":"Centurion and Healer","floor":31,"turns":7},{"damage":27,"enemies":"Champ","floor":33,"turns":4},{"damage":20,"enemies":"3 Shapes","floor":35,"turns":3},{"damage":0,"enemies":"Orb Walker","floor":36,"turns":2},{"damage":0,"enemies":"Writhing Mass","floor":39,"turns":5},{"damage":0,"enemies":"Transient","floor":41,"turns":6},{"damage":15,"enemies":"Sphere and 2 Shapes","floor":42,"turns":5},{"damage":71,"enemies":"Reptomancer","floor":44,"turns":2}],"seed_played":"-1876639085012337608","potions_obtained":[{"floor":1.0,"key":"Explosive Potion"},{"floor":3.0,"key":"Ancient Potion"},{"floor":10.0,"key":"Weak Potion"},{"floor":11.0,"key":"Swift Potion"},{"floor":22,"key":"Regen Potion"},{"floor":25,"key":"Energy Potion"},{"floor":27,"key":"SteroidPotion"},{"floor":36,"key":"Dexterity Potion"}],"is_trial":false,"path_per_floor":["M","?","M","$","M","E","R","?","T","E","M","R","E","M","R","B",null,"M","$","M","?","M","R","E","M","T","M","R","?","R","M","R","B",null,"M","M","?","?","M","R","M","M","T","E"],"character_chosen":"DEFECT","items_purchased":["Storm","Loop","Fission"],"campfire_rested":0,"item_purchase_floors":[4,19,19],"current_hp_per_floor":[64,64,70,70,71,45,45,50,50,43,34,34,35,38,38,41,67,68,68,75,75,63,63,59,49,49,56,56,56,56,53,53,33,71,58,65,65,65,79,79,83,68,68,0],"gold":45,"neow_bonus":"ONE_RANDOM_RARE_CARD","is_prod":false,"is_daily":false,"chose_seed":false,"campfire_upgraded":8,"win_rate":0,"timestamp":1547752098,"path_taken":["M","?","M","$","?","E","R","?","T","E","M","R","E","M","R","BOSS","M","$","M","?","?","R","E","?","T","?","R","?","R","M","R","BOSS","M","M","?","?","M","R","M","?","T","E"],"build_version":"2019-01-16","purchased_purges":1,"victory":false,"max_hp_per_floor":[71,71,71,71,71,71,71,76,76,76,76,76,76,76,76,76,76,76,76,76,76,76,76,83,83,83,83,83,83,83,83,83,83,83,83,83,83,83,83,83,83,83,83,83],"card_choices":[{"not_picked":["Compile Driver","Stack"],"picked":"White Noise","floor":1.0},{"not_picked":["Force Field","Leap"],"picked":"Conserve Battery","floor":3.0},{"not_picked":["Hologram","Darkness"],"picked":"Defragment","floor":5.0},{"not_picked":["Barrage","Conserve Battery"],"picked":"Seek","floor":6.0},{"not_picked":["Hello World","Conserve Battery"],"picked":"Genetic Algorithm","floor":10.0},{"not_picked":["Compile Driver","Beam Cell","Ball Lightning"],"picked":"White Noise","floor":11.0},{"not_picked":["Coolheaded","Stack","Redo"],"picked":"Leap","floor":13.0},{"not_picked":["Doom and Gloom","Rip and Tear","Sweeping Beam"],"picked":"Coolheaded","floor":14.0},{"not_picked":["Thunder Strike","All For One","Hyperbeam"],"picked":"Rainbow","floor":16.0},{"not_picked":["Coolheaded","Reprogram","Barrage"],"picked":"Compile Driver","floor":18},{"not_picked":["Redo","Coolheaded","Go for the Eyes","Self Repair"],"picked":"SKIP","floor":20},{"not_picked":["Steam","Compile Driver","Streamline"],"picked":"Recycle","floor":22},{"not_picked":["Coolheaded","Ball Lightning","Cold Snap"],"picked":"Echo Form","floor":24},{"not_picked":["Leap","Coolheaded","Rebound","Go for the Eyes"],"picked":"SKIP","floor":25},{"not_picked":["Coolheaded","Steam","Turbo+1"],"picked":"Barrage+1","floor":27},{"not_picked":["Aggregate+1","Consume","Stack"],"picked":"Chill+1","floor":31},{"not_picked":["Echo Form","Multi-Cast","Meteor Strike"],"picked":"Buffer","floor":33},{"not_picked":["Beam Cell+1","Rebound+1","Turbo"],"picked":"Hologram","floor":35},{"not_picked":["Coolheaded","Turbo","Steam Power"],"picked":"Auto Shields+1","floor":36},{"not_picked":["Reprogram","Turbo","Compile Driver","Steam"],"picked":"SKIP","floor":39},{"not_picked":["Fusion","Go for the Eyes","Turbo","Conserve Battery"],"picked":"SKIP","floor":41},{"not_picked":["Rebound+1","Rip and Tear","Thunder Strike"],"picked":"Double Energy","floor":42}],"player_experience":720651,"relics_obtained":[{"floor":6.0,"key":"Oddly Smooth Stone"},{"floor":9.0,"key":"Centennial Puzzle"},{"floor":10.0,"key":"Question Card"},{"floor":13.0,"key":"Dead Branch"},{"floor":24,"key":"Strawberry"},{"floor":26,"key":"MawBank"},{"floor":43,"key":"Pantograph"}],"event_choices":[{"damage_healed":0.0,"max_hp_gain":0.0,"max_hp_loss":0.0,"gold_gain":0.0,"cards_transformed":["Defend_B"],"event_name":"Transmorgrifier","player_choice":"Transformed","floor":2.0,"gold_loss":0.0,"damage_taken":0.0,"cards_obtained":["Self Repair"]},{"damage_healed":0.0,"max_hp_gain":5.0,"max_hp_loss":0.0,"gold_gain":0.0,"event_name":"Big Fish","player_choice":"Donut","floor":8.0,"gold_loss":0.0,"damage_taken":0.0},{"damage_healed":0,"gold_gain":0,"player_choice":"Forge","damage_taken":0,"max_hp_gain":0,"max_hp_loss":0,"event_name":"Accursed Blacksmith","floor":21,"gold_loss":0,"cards_upgraded":["Fission"]},{"damage_healed":0,"gold_gain":0,"player_choice":"Read","damage_taken":0,"max_hp_gain":0,"max_hp_loss":0,"event_name":"The Library","floor":29,"gold_loss":0,"cards_obtained":["Heatsinks"]},{"cards_removed":["Strike_B"],"damage_healed":0,"gold_gain":0,"player_choice":"Removed Attack","damage_taken":0,"max_hp_gain":0,"max_hp_loss":0,"event_name":"Falling","floor":37,"gold_loss":0},{"damage_healed":0,"gold_gain":0,"player_choice":"Copied","damage_taken":0,"max_hp_gain":0,"max_hp_loss":0,"event_name":"Duplicator","floor":38,"gold_loss":0,"cards_obtained":["Storm"]}],"is_beta":true,"boss_relics":[{"not_picked":["Tiny House","Velvet Choker"],"picked":"Ectoplasm"},{"not_picked":["Fusion Hammer","Coffee Dripper"],"picked":"Snecko Eye"}],"items_purged_floors":[19],"is_endless":false,"potions_floor_spawned":[1,3,10,11,22,25,27,33,36,39,41],"killed_by":"Reptomancer","ascension_level":19}