{"gold_per_floor":[119,78,78,94,169,169,200,165,233,233,267,288,41,55,55,144,144,167,167,167,181,195,195,195],"floor_reached":24,"playtime":653,"items_purged":[],"score":458,"play_id":"d2e64cb8-e6b6-4ab5-aedc-35fc143dd1be","local_time":"20190212200127","is_ascension_mode":true,"campfire_choices":[{"data":"Zap","floor":6,"key":"SMITH"},{"data":"Defragment","floor":15,"key":"SMITH"},{"floor":23,"key":"REST"}],"neow_cost":"NONE","seed_source_timestamp":34514141506100,"circlet_count":0,"master_deck":["AscendersBane","Strike_B","Strike_B","Strike_B","Defend_B","Defend_B","Defend_B","Defend_B","Zap+1","Dualcast","Cold Snap","Self Repair","Glacier","Sunder","Streamline","Defragment+1","Defragment","White Noise","Multi-Cast","Gash+1"],"relics":["FrozenCore","NeowsBlessing","Dream Catcher","Symbiotic Virus","StoneCalendar","Pantograph","Golden Idol","PreservedInsect","DataDisk"],"potions_floor_usage":[22,22],"damage_taken":[{"damage":0,"enemies":"Jaw Worm","floor":1,"turns":1},{"damage":0,"enemies":"2 Louse","floor":4,"turns":1},{"damage":0,"enemies":"Gremlin Nob","floor":7,"turns":1},{"damage":15,"enemies":"Lagavulin","floor":11,"turns":7},{"damage":0,"enemies":"Small Slimes","floor":12,"turns":3},{"damage":1,"enemies":"Looter","floor":14,"turns":4},{"damage":27,"enemies":"The Guardian","floor":16,"turns":8},{"damage":6,"enemies":"Shell Parasite","floor":18,"turns":6},{"damage":35,"enemies":"Colosseum Slavers","floor":19,"turns":5},{"damage":20,"enemies":"3 Byrds","floor":21,"turns":5},{"damage":16,"enemies":"Cultist and Chosen","floor":22,"turns":7},{"damage":44,"enemies":"Slavers","floor":24,"turns":2}],"seed_played":"1515446851528613947","potions_obtained":[{"floor":1,"key":"Regen Potion"},{"floor":11,"key":"Strength Potion"}],"is_trial":false,"path_per_floor":["M","$","?","M","T","R","E","?","T","?","E","M","$","M","R","B",null,"M","?","?","M","M","R","E"],"character_chosen":"DEFECT","items_purchased":["Self Repair","DataDisk","Defragment"],"campfire_rested":1,"item_purchase_floors":[2,13,13],"current_hp_per_floor":[64,64,29,29,29,29,29,46,46,46,38,38,38,44,44,44,59,60,32,32,19,25,44,0],"gold":195,"neow_bonus":"THREE_ENEMY_KILL","is_prod":false,"is_daily":false,"chose_seed":false,"campfire_upgraded":2,"win_rate":0,"timestamp":1549969287,"path_taken":["M","$","?","M","?","R","E","?","T","?","E","M","?","?","R","BOSS","M","?","?","M","?","R","E"],"build_version":"2019-01-23","purchased_purges":0,"victory":false,"max_hp_per_floor":[71,71,71,71,71,71,71,71,71,64,64,64,64,64,64,64,64,64,64,64,64,64,64,64],"card_choices":[{"not_picked":["Tempest","Sweeping Beam"],"picked":"Cold Snap","floor":1},{"not_picked":["Cold Snap","Chill"],"picked":"Glacier","floor":4},{"not_picked":["Self Repair","Ball Lightning"],"picked":"Sunder","floor":7},{"not_picked":["Amplify","Leap"],"picked":"Streamline","floor":11},{"not_picked":["Leap","Coolheaded"],"picked":"Defragment","floor":12},{"not_picked":["Sweeping Beam","Redo"],"picked":"White Noise","floor":14},{"not_picked":["Stack","Cold Snap","Static Discharge"],"picked":"SKIP","floor":18},{"not_picked":["Beam Cell+1","Steam","Barrage"],"picked":"SKIP","floor":21},{"not_picked":["Leap+1","Redo"],"picked":"Multi-Cast","floor":22},{"not_picked":["Hologram","Genetic Algorithm"],"picked":"Gash+1","floor":23}],"player_experience":1534892,"relics_obtained":[{"floor":5,"key":"Symbiotic Virus"},{"floor":7,"key":"StoneCalendar"},{"floor":9,"key":"Pantograph"},{"floor":11,"key":"PreservedInsect"}],"event_choices":[{"damage_healed":0,"gold_gain":0,"player_choice":"Success","damage_taken":35,"relics_obtained":["Dream Catcher"],"max_hp_gain":0,"max_hp_loss":0,"event_name":"Scrap Ooze","floor":3,"gold_loss":0},{"damage_healed":17,"gold_gain":0,"player_choice":"Healed","damage_taken":0,"max_hp_gain":0,"max_hp_loss":0,"event_name":"The Cleric","floor":8,"gold_loss":35},{"damage_healed":0,"gold_gain":0,"player_choice":"Lose Max HP","damage_taken":0,"relics_obtained":["Golden Idol"],"max_hp_gain":0,"max_hp_loss":7,"event_name":"Golden Idol","floor":10,"gold_loss":0},{"damage_healed":0,"gold_gain":0,"player_choice":"Fight","damage_taken":0,"max_hp_gain":0,"max_hp_loss":0,"event_name":"Colosseum","floor":19,"gold_loss":0},{"damage_healed":0,"gold_gain":0,"player_choice":"Fled From Nobs","damage_taken":0,"max_hp_gain":0,"max_hp_loss":0,"event_name":"Colosseum","floor":19,"gold_loss":0},{"cards_removed":["Strike_B"],"damage_healed":0,"gold_gain":0,"player_choice":"Purged","damage_taken":0,"max_hp_gain":0,"max_hp_loss":0,"event_name":"Purifier","floor":20,"gold_loss":0}],"is_beta":false,"boss_relics":[{"not_picked":["Runic Pyramid","Eternal Feather"],"picked":"FrozenCore"}],"items_purged_floors":[],"is_endless":false,"potions_floor_spawned":[1,11,14,19],"killed_by":"Slavers","ascension_level":20}