{"path_per_floor":["M","?","M","$","M","E","M","R","T","E","M","E","R","?","R","B",null,"M","M"],"character_chosen":"IRONCLAD","items_purchased":["Armaments"],"gold_per_floor":[112,112,128,2,16,47,61,61,87,117,133,161,161,336,336,439,439,457,473],"floor_reached":20,"campfire_rested":2,"playtime":3231,"current_hp_per_floor":[79,79,75,75,80,59,55,81,81,52,59,65,87,87,87,38,75,53,49],"items_purged":["Regret"],"gold":473,"score":243,"play_id":"145b09d0-d1dd-4c34-9893-56cd0347b481","local_time":"20180305192401","is_prod":false,"is_daily":false,"is_ascension_mode":true,"campfire_upgraded":1,"timestamp":1520270641,"path_taken":["M","?","M","$","M","E","M","R","T","E","M","E","R","?","R","BOSS","M","M","M"],"build_version":"2018-03-01-PROD1","purchased_purges":1,"victory":false,"master_deck":["Strike_R","Strike_R","Strike_R","Strike_R","Strike_R","Defend_R","Defend_R","Defend_R","Defend_R","Bash","Searing Blow","Uppercut","Flex","Armaments","Anger","Clothesline","Twin Strike","Infernal Blade+1","Flex","Anger","Doubt","Double Tap","Cleave","Anger"],"max_hp_per_floor":[80,80,80,80,80,87,87,87,87,87,87,87,87,87,87,87,87,90,90],"relics":["Burning Blood","Gremlin Horn","Strawberry","Ancient Tea Set","Blood Vial","Pen Nib","White Beast Statue"],"card_choices":[{"not_picked":["Pommel Strike","Metallicize"],"picked":"Searing Blow"},{"not_picked":["Cleave","Perfected Strike"],"picked":"Uppercut"},{"not_picked":["Wild Strike","Headbutt"],"picked":"Flex"},{"not_picked":["Wild Strike","Cleave"],"picked":"Anger"},{"not_picked":["Flame Barrier","Exhume"],"picked":"Clothesline"},{"not_picked":["Warcry","Body Slam"],"picked":"Twin Strike"},{"not_picked":["Clash","Heavy Blade"],"picked":"Infernal Blade"},{"not_picked":["Twin Strike","Anger"],"picked":"Flex"},{"not_picked":["Thunderclap","Havoc"],"picked":"Anger"},{"not_picked":["Exhume","Berserk"],"picked":"Double Tap"},{"not_picked":["Havoc","Pummel"],"picked":"Cleave"},{"not_picked":["Shrug It Off","Wild Strike"],"picked":"Anger"}],"player_experience":240342,"potions_floor_usage":[7,10,11,19],"damage_taken":[{"damage":7,"enemies":"Jaw Worm","floor":1,"turns":3},{"damage":10,"enemies":"2 Louse","floor":3,"turns":2},{"damage":0,"enemies":"Small Slimes","floor":5,"turns":2},{"damage":34,"enemies":"3 Sentries","floor":6,"turns":9},{"damage":10,"enemies":"Blue Slaver","floor":7,"turns":3},{"damage":35,"enemies":"Lagavulin","floor":10,"turns":6},{"damage":1,"enemies":"3 Louse","floor":11,"turns":3},{"damage":2,"enemies":"Gremlin Nob","floor":12,"turns":3},{"damage":55,"enemies":"The Guardian","floor":16,"turns":10},{"damage":33,"enemies":"Spheric Guardian","floor":18,"turns":5},{"damage":12,"enemies":"2 Thieves","floor":19,"turns":3},{"damage":54,"enemies":"Chosen and Byrds","floor":20,"turns":7}],"event_choices":[{"event_name":"Big Fish","player_choice":"Box","floor":2,"damage_taken":0},{"event_name":"Liars Game","player_choice":"agreed","floor":14,"damage_taken":0}],"boss_relics":[{"not_picked":["Question Card","Runic Pyramid"],"picked":"White Beast Statue"}],"potions_floor_spawned":[1,5,10,18,19],"seed_played":"4763148768776482249","killed_by":"Chosen and Byrds","ascension_level":5,"is_trial":false}