{"gold_per_floor":[118,118,47,71,83,83,101,113,113,188,243,73,73,90,90,191,191,206,8,8,8,8,19,19,33,104,131,131,161,161,76,76,176,176,191,191,204,22,36,36,48,10,82,82,82,82,82,82,82,82],"floor_reached":50,"playtime":2201,"items_purged":["Strike_R","Searing Blow"],"score":630,"play_id":"d2309482-dde7-4d81-aa7b-2452856b81f6","local_time":"20180919195721","is_ascension_mode":true,"campfire_choices":[{"data":"Clothesline","floor":6,"key":"SMITH"},{"data":"Metallicize","floor":13,"key":"SMITH"},{"data":"Uppercut","floor":15,"key":"SMITH"},{"floor":24,"key":"REST"},{"floor":28,"key":"REST"},{"data":"Double Tap","floor":30,"key":"SMITH"},{"floor":32,"key":"REST"},{"floor":40,"key":"REST"},{"floor":44,"key":"REST"},{"data":"Demon Form","floor":46,"key":"SMITH"},{"floor":49,"key":"REST"}],"neow_cost":"NONE","seed_source_timestamp":545752867257148,"circlet_count":0,"master_deck":["Bash+1","Whirlwind+1","Metallicize+1","Clothesline+1","Headbutt","Pommel Strike","True Grit","Uppercut+1","Barricade","Flex","Ghostly Armor","Rupture","Reckless Charge","Clothesline","Heavy Blade","Twin Strike+1","Shrug It Off","Iron Wave","Warcry+1","Offering","Flame Barrier+1","Double Tap+1","Disarm","Reaper+1","Demon Form+1","Good Instincts","Inflame","Iron Wave+1","Second Wind","Battle Trance","Shockwave","Battle Trance+1","Swift Strike+1","Panacea","Sadistic Nature","Sword Boomerang+1"],"relics":["Burning Blood","Boot","Happy Flower","Dream Catcher","ClockworkSouvenir","Nloth\u0027s Gift","Pear","Gambling Chip","Juzu Bracelet","Molten Egg 2","Runic Pyramid","The Courier"],"potions_floor_usage":[11,11,16,16,33,33,50],"damage_taken":[{"damage":7,"enemies":"2 Louse","floor":1,"turns":3},{"damage":3,"enemies":"Cultist","floor":5,"turns":3},{"damage":4,"enemies":"Jaw Worm","floor":7,"turns":3},{"damage":10,"enemies":"2 Fungi Beasts","floor":8,"turns":4},{"damage":5,"enemies":"3 Sentries","floor":11,"turns":4},{"damage":1,"enemies":"Exordium Wildlife","floor":14,"turns":2},{"damage":78,"enemies":"Slime Boss","floor":16,"turns":15},{"damage":1,"enemies":"Chosen","floor":18,"turns":4},{"damage":0,"enemies":"3 Byrds","floor":23,"turns":4},{"damage":32,"enemies":"Shelled Parasite and Fungi","floor":25,"turns":4},{"damage":37,"enemies":"Book of Stabbing","floor":27,"turns":6},{"damage":16,"enemies":"Gremlin Leader","floor":29,"turns":4},{"damage":85,"enemies":"Collector","floor":33,"turns":10},{"damage":31,"enemies":"3 Shapes","floor":35,"turns":7},{"damage":7,"enemies":"Orb Walker","floor":37,"turns":3},{"damage":15,"enemies":"Maw","floor":39,"turns":9},{"damage":50,"enemies":"4 Shapes","floor":41,"turns":4},{"damage":92,"enemies":"Donu and Deca","floor":50,"turns":5}],"seed_played":"-1415081361984475329","potions_obtained":[{"floor":1,"key":"AttackPotion"},{"floor":7,"key":"Block Potion"},{"floor":11,"key":"PowerPotion"},{"floor":14,"key":"GamblersBrew"},{"floor":23,"key":"BloodPotion"},{"floor":29,"key":"Fire Potion"},{"floor":39,"key":"Poison Potion"},{"floor":41,"key":"Dexterity Potion"}],"is_trial":false,"path_per_floor":["M","?","$","T","M","R","M","M","T","?","?","$","R","M","R","B",null,"M","$","?","?","?","M","R","M","T","E","R","E","R","?","R","B",null,"M","?","M","$","M","R","M","$","T","R","?","R","?","?","R"],"character_chosen":"IRONCLAD","items_purchased":["Metallicize","Pommel Strike","True Grit","ClockworkSouvenir","Inflame","Shockwave"],"campfire_rested":6,"item_purchase_floors":[3,12,12,19,38,42],"current_hp_per_floor":[79,79,79,79,80,80,80,76,76,65,78,78,78,80,80,8,62,67,67,67,52,52,58,83,57,67,36,64,54,54,54,82,12,74,56,56,55,55,46,74,49,49,49,77,77,77,77,67,90,0],"gold":82,"neow_bonus":"UPGRADE_CARD","is_prod":false,"is_daily":false,"chose_seed":false,"campfire_upgraded":5,"win_rate":0,"timestamp":1537401441,"path_taken":["M","?","$","?","?","R","M","M","T","?","?","?","R","?","R","BOSS","M","$","?","?","?","?","R","?","T","E","R","E","R","?","R","BOSS","M","?","M","?","M","R","M","$","T","R","?","R","?","?","R","BOSS"],"build_version":"2018-09-06","purchased_purges":2,"victory":false,"max_hp_per_floor":[80,80,80,80,80,80,80,80,80,80,80,80,80,80,80,80,80,80,80,80,85,85,85,85,85,95,95,95,95,95,95,95,95,95,95,95,95,95,95,95,95,95,95,95,90,90,90,90,90,90],"card_choices":[{"not_picked":["Combust","Rupture"],"picked":"Whirlwind","floor":1},{"not_picked":["Seeing Red","Iron Wave"],"picked":"Clothesline","floor":5},{"not_picked":["Dropkick","Cleave","Perfected Strike"],"picked":"SKIP","floor":7},{"not_picked":["Clothesline","Sword Boomerang"],"picked":"Headbutt","floor":8},{"not_picked":["Headbutt","Perfected Strike"],"picked":"Uppercut","floor":14},{"not_picked":["Exhume","Impervious"],"picked":"Barricade","floor":16},{"not_picked":["Sentinel","Havoc"],"picked":"Twin Strike+1","floor":18},{"not_picked":["Sword Boomerang","Dropkick"],"picked":"Shrug It Off","floor":23},{"not_picked":["Sever Soul","Cleave+1"],"picked":"Iron Wave","floor":24},{"not_picked":["Entrench","Reckless Charge"],"picked":"Warcry+1","floor":25},{"not_picked":["Headbutt","Body Slam+1"],"picked":"Offering","floor":27},{"not_picked":["Ghostly Armor","Dual Wield"],"picked":"Flame Barrier+1","floor":28},{"not_picked":["Warcry+1","Pommel Strike"],"picked":"Double Tap","floor":29},{"not_picked":["Flex","Infernal Blade"],"picked":"Disarm","floor":32},{"not_picked":["Exhume","Juggernaut"],"picked":"Reaper+1","floor":33},{"not_picked":["Exhume","Headbutt+1"],"picked":"Demon Form","floor":35},{"not_picked":["Wild Strike+1","Clash+1","Anger+1"],"picked":"SKIP","floor":37},{"not_picked":["Shrug It Off+1","Clothesline+1"],"picked":"Iron Wave+1","floor":39},{"not_picked":["Blood for Blood+1","Evolve"],"picked":"Second Wind","floor":40},{"not_picked":["Headbutt+1","Bludgeon+1"],"picked":"Battle Trance","floor":41},{"not_picked":["Pommel Strike+1","Rampage+1"],"picked":"Battle Trance+1","floor":44},{"not_picked":["PanicButton","Finesse"],"picked":"Swift Strike+1","floor":48},{"not_picked":["Mind Blast+1","Discovery"],"picked":"Panacea","floor":48},{"not_picked":["Flash of Steel+1","Forethought"],"picked":"Sadistic Nature","floor":48},{"not_picked":["Sentinel+1","Wild Strike+1"],"picked":"Sword Boomerang+1","floor":49}],"player_experience":129357,"relics_obtained":[{"floor":4,"key":"Boot"},{"floor":9,"key":"Happy Flower"},{"floor":11,"key":"Dream Catcher"},{"floor":26,"key":"Pear"},{"floor":27,"key":"Gambling Chip"},{"floor":29,"key":"Juzu Bracelet"},{"floor":43,"key":"The Courier"}],"event_choices":[{"event_name":"Accursed Blacksmith","player_choice":"Forge","floor":2,"damage_taken":0},{"event_name":"World of Goop","player_choice":"Gather Gold","floor":10,"damage_taken":0},{"event_name":"Dead Adventurer","player_choice":"Searched \u00271\u0027 times","floor":11,"damage_taken":0},{"event_name":"N\u0027loth","player_choice":"Traded a Pandora\u0027s Box","floor":20,"damage_taken":0},{"event_name":"Forgotten Altar","player_choice":"Shed Blood","floor":21,"damage_taken":0},{"event_name":"Ghosts","player_choice":"Ignored","floor":22,"damage_taken":0},{"event_name":"Addict","player_choice":"Obtained Relic","floor":31,"damage_taken":0},{"event_name":"Match and Keep!","player_choice":"1 cards matched","floor":36,"damage_taken":0},{"event_name":"Winding Halls","player_choice":"Max HP","floor":45,"damage_taken":0},{"event_name":"Falling","player_choice":"Removed Attack","floor":47,"damage_taken":0},{"event_name":"SensoryStone","player_choice":"Memory 3","floor":48,"damage_taken":0}],"is_beta":false,"boss_relics":[{"not_picked":["Coffee Dripper","Eternal Feather"],"picked":"Pandora\u0027s Box"},{"not_picked":["Runic Cube","Lizard Tail"],"picked":"Runic Pyramid"}],"items_purged_floors":[12,38],"is_endless":false,"potions_floor_spawned":[1,7,11,14,23,29,39,41],"killed_by":"Donu and Deca","ascension_level":5}