{"gold_per_floor":[114,189,206,48,48,48,65,94,94,94,94,108,73,106,106,180,180,193,118,118,129,147,147,182,182,182,217,232,182,201,79,79,153,153,166,178,178,48,48,48,80,80,80,91,107,0,30,30,30,30],"floor_reached":50,"playtime":2856,"items_purged":["Decay"],"score":1162,"play_id":"2259c802-fbf6-4b00-bf63-e3734ca37457","local_time":"20190106222049","is_ascension_mode":true,"campfire_choices":[{"data":"Zap","floor":6.0,"key":"SMITH"},{"data":"Thunder Strike","floor":10.0,"key":"SMITH"},{"data":"Static Discharge","floor":15.0,"key":"SMITH"},{"floor":23.0,"key":"REST"},{"floor":25.0,"key":"RECALL"},{"floor":32.0,"key":"REST"},{"floor":40.0,"key":"REST"},{"floor":42.0,"key":"REST"},{"floor":49.0,"key":"REST"}],"neow_cost":"TEN_PERCENT_HP_LOSS","seed_source_timestamp":91890305727363,"circlet_count":0,"master_deck":["AscendersBane","Zap+1","Dualcast","Thunder Strike+1","Cold Snap","Reinforced Body+1","Static Discharge+1","FTL","Echo Form","Core Surge","Conserve Battery+1","White Noise","Storm","Ball Lightning","Glacier","Hologram","Self Repair","Core Surge","Rebound","Creative AI","Compile Driver","White Noise","Gash","Steam Power","Steam+1","Leap+1","Force Field+1","Capacitor","Leap","Coolheaded+1","Hologram+1","Multi-Cast"],"special_seed":0,"relics":["Cracked Core","PreservedInsect","FossilizedHelix","Question Card","Symbiotic Virus","Dream Catcher","Fusion Hammer","Juzu Bracelet","The Courier","Oddly Smooth Stone","Pandora\u0027s Box","DataDisk","Bottled Lightning","Prayer Wheel","Red Mask","Bronze Scales"],"potions_floor_usage":[],"damage_taken":[{"damage":0.0,"enemies":"Cultist","floor":1.0,"turns":3.0},{"damage":3.0,"enemies":"2 Louse","floor":3.0,"turns":3.0},{"damage":4.0,"enemies":"Jaw Worm","floor":7.0,"turns":4.0},{"damage":15.0,"enemies":"Lagavulin","floor":8.0,"turns":7.0},{"damage":1.0,"enemies":"Blue Slaver","floor":12.0,"turns":4.0},{"damage":0.0,"enemies":"Gremlin Nob","floor":14.0,"turns":3.0},{"damage":4.0,"enemies":"Hexaghost","floor":16.0,"turns":8.0},{"damage":13.0,"enemies":"2 Thieves","floor":18.0,"turns":3.0},{"damage":0.0,"enemies":"Spheric Guardian","floor":21.0,"turns":4.0},{"damage":1.0,"enemies":"Centurion and Healer","floor":22.0,"turns":6.0},{"damage":0.0,"enemies":"Gremlin Leader","floor":24.0,"turns":5.0},{"damage":33.0,"enemies":"Book of Stabbing","floor":27.0,"turns":4.0},{"damage":2.0,"enemies":"Snake Plant","floor":28.0,"turns":5.0},{"damage":4.0,"enemies":"Snecko","floor":30.0,"turns":3.0},{"damage":50.0,"enemies":"Collector","floor":33.0,"turns":9.0},{"damage":0.0,"enemies":"Orb Walker","floor":35.0,"turns":3.0},{"damage":11.0,"enemies":"3 Shapes","floor":36.0,"turns":4.0},{"damage":50.0,"enemies":"Giant Head","floor":41.0,"turns":6.0},{"damage":30.0,"enemies":"Writhing Mass","floor":44.0,"turns":4.0},{"damage":0.0,"enemies":"Sphere and 2 Shapes","floor":45.0,"turns":5.0},{"damage":3.0,"enemies":"Nemesis","floor":47.0,"turns":7.0},{"damage":81,"enemies":"Awakened One","floor":50,"turns":4}],"seed_played":"5733294392419572108","potions_obtained":[{"floor":7.0,"key":"EssenceOfSteel"},{"floor":8.0,"key":"Dexterity Potion"},{"floor":12.0,"key":"Weak Potion"},{"floor":16.0,"key":"Strength Potion"},{"floor":30.0,"key":"Fruit Juice"},{"floor":33.0,"key":"AttackPotion"},{"floor":45.0,"key":"Energy Potion"},{"floor":47.0,"key":"PowerPotion"}],"is_trial":false,"path_per_floor":["M","?","M","$","?","R","M","E","T","R","?","M","?","E","R","B",null,"M","?","?","M","M","R","E","R","T","E","M","?","M","$","R","B",null,"M","M","?","$","?","R","E","R","T","M","M","?","E","?","R","B"],"character_chosen":"DEFECT","items_purchased":["PreservedInsect","Self Repair","DataDisk"],"campfire_rested":5,"item_purchase_floors":[4,31,38],"current_hp_per_floor":[64,53,50,50,55,55,51,36,36,36,18,17,34,34,34,30,59,46,46,46,46,45,65,65,65,65,32,30,30,31,31,53,10,58,65,61,61,61,61,70,34,55,55,39,46,46,57,57,70,0],"gold":30,"neow_bonus":"THREE_RARE_CARDS","is_prod":false,"is_daily":false,"chose_seed":false,"campfire_upgraded":3,"win_rate":0,"timestamp":1546784449,"path_taken":["M","?","M","$","?","R","?","E","T","R","?","M","?","E","R","BOSS","M","?","?","M","?","R","E","R","T","E","M","?","M","$","R","BOSS","M","M","?","$","?","R","E","R","T","M","M","?","E","?","R","BOSS"],"build_version":"2019-01-03v4","purchased_purges":1,"victory":false,"max_hp_per_floor":[64,64,64,64,69,69,69,69,69,69,69,69,69,69,69,69,69,69,69,69,69,69,69,69,69,69,69,69,69,74,74,74,74,74,74,74,70,70,70,70,70,70,70,70,70,70,70,70,70,70],"card_choices":[{"not_picked":["Fission","Seek"],"picked":"Thunder Strike","floor":0.0},{"not_picked":["Leap","Gash"],"picked":"Cold Snap","floor":1.0},{"not_picked":["Darkness","Hologram"],"picked":"Reinforced Body","floor":3.0},{"not_picked":["Rebound","Chaos","Reboot"],"picked":"SKIP","floor":7.0},{"not_picked":["Turbo","Static Discharge","Steam"],"picked":"SKIP","floor":8.0},{"not_picked":["Turbo","Steam"],"picked":"Static Discharge","floor":8.0},{"not_picked":["Beam Cell","Steam","Coolheaded"],"picked":"FTL","floor":12.0},{"not_picked":["Conserve Battery","Redo","White Noise"],"picked":"Echo Form","floor":14.0},{"not_picked":["Reboot","Biased Cognition","Multi-Cast"],"picked":"Core Surge","floor":16.0},{"not_picked":["Cold Snap","Go for the Eyes","Redo"],"picked":"Conserve Battery+1","floor":18.0},{"not_picked":["Conserve Battery","Sweeping Beam","Go for the Eyes"],"picked":"White Noise","floor":21.0},{"not_picked":["Melter","Gash","Cold Snap"],"picked":"Storm","floor":22.0},{"not_picked":["Rebound","Recycle+1","Sweeping Beam"],"picked":"Ball Lightning","floor":23.0},{"not_picked":["Stack","Coolheaded","Go for the Eyes","Barrage"],"picked":"SKIP","floor":24.0},{"not_picked":["Cold Snap+1","Hyperbeam","Rebound+1"],"picked":"Glacier","floor":27.0},{"not_picked":["Sweeping Beam","Beam Cell","Static Discharge","Gash+1"],"picked":"SKIP","floor":28.0},{"not_picked":["Stack","Gash","Melter+1"],"picked":"Hologram","floor":30.0},{"not_picked":["Echo Form","Hologram","Coolheaded"],"picked":"Tempest","floor":32.0},{"not_picked":["Thunder Strike","Creative AI","Hyperbeam"],"picked":"Core Surge","floor":33.0},{"not_picked":["Static Discharge","Rebound","Rip and Tear"],"picked":"Steam+1","floor":35.0},{"not_picked":["Beam Cell","Ball Lightning","Redo"],"picked":"Leap+1","floor":36.0},{"not_picked":["Double Energy","Recycle","FTL+1"],"picked":"Force Field+1","floor":41.0},{"not_picked":["Turbo","Buffer","Ball Lightning"],"picked":"Capacitor","floor":42.0},{"not_picked":["Conserve Battery","Barrage","Redo"],"picked":"Leap","floor":44.0},{"not_picked":["Loop","Redo","Turbo","Steam Power+1"],"picked":"SKIP","floor":44.0},{"not_picked":["Leap+1","Tempest","Gash"],"picked":"Coolheaded+1","floor":45.0},{"not_picked":["Genetic Algorithm+1","Melter","Multi-Cast","Chill"],"picked":"SKIP","floor":45.0},{"not_picked":["Cold Snap","Reinforced Body","Barrage"],"picked":"Hologram+1","floor":47.0}],"player_experience":698005,"relics_obtained":[{"floor":8.0,"key":"FossilizedHelix"},{"floor":9.0,"key":"Question Card"},{"floor":14.0,"key":"Dream Catcher"},{"floor":24.0,"key":"Juzu Bracelet"},{"floor":26.0,"key":"The Courier"},{"floor":27.0,"key":"Oddly Smooth Stone"},{"floor":41.0,"key":"Bottled Lightning"},{"floor":43.0,"key":"Prayer Wheel"},{"floor":47.0,"key":"Bronze Scales"}],"event_choices":[{"damage_healed":0.0,"max_hp_gain":0.0,"max_hp_loss":0.0,"gold_gain":75.0,"event_name":"World of Goop","player_choice":"Gather Gold","floor":2.0,"gold_loss":0.0,"damage_taken":11.0},{"damage_healed":0.0,"max_hp_gain":5.0,"max_hp_loss":0.0,"gold_gain":0.0,"event_name":"Big Fish","player_choice":"Donut","floor":5.0,"gold_loss":0.0,"damage_taken":0.0},{"damage_healed":0.0,"max_hp_gain":0.0,"max_hp_loss":0.0,"gold_gain":0.0,"event_name":"Scrap Ooze","player_choice":"Success","floor":11.0,"gold_loss":0.0,"damage_taken":18.0,"relics_obtained":["Symbiotic Virus"]},{"damage_healed":17.0,"max_hp_gain":0.0,"max_hp_loss":0.0,"gold_gain":0.0,"event_name":"The Cleric","player_choice":"Healed","floor":13.0,"gold_loss":35.0,"damage_taken":0.0},{"cards_removed":["Strike_B"],"damage_healed":0.0,"max_hp_gain":0.0,"max_hp_loss":0.0,"gold_gain":0.0,"event_name":"Beggar","player_choice":"Gave Gold","floor":19.0,"gold_loss":75.0,"damage_taken":0.0},{"damage_healed":0.0,"max_hp_gain":0.0,"max_hp_loss":0.0,"gold_gain":0.0,"event_name":"Wheel of Change","player_choice":"Cursed","floor":20.0,"gold_loss":0.0,"damage_taken":0.0,"cards_obtained":["Decay"]},{"damage_healed":0.0,"max_hp_gain":0.0,"max_hp_loss":0.0,"gold_gain":0.0,"event_name":"Designer","player_choice":"Upgrade","floor":29.0,"gold_loss":50.0,"damage_taken":0.0,"cards_upgraded":["Reinforced Body"]},{"damage_healed":0.0,"max_hp_gain":0.0,"max_hp_loss":4.0,"gold_gain":0.0,"event_name":"Winding Halls","player_choice":"Max HP","floor":37.0,"gold_loss":0.0,"damage_taken":0.0},{"cards_removed":["Tempest"],"damage_healed":0.0,"max_hp_gain":0.0,"max_hp_loss":0.0,"gold_gain":0.0,"event_name":"Falling","player_choice":"Removed Skill","floor":39.0,"gold_loss":0.0,"damage_taken":0.0},{"damage_healed":0.0,"max_hp_gain":0.0,"max_hp_loss":0.0,"gold_gain":0.0,"event_name":"Tomb of Lord Red Mask","player_choice":"Paid","floor":46.0,"gold_loss":107.0,"damage_taken":0.0,"relics_obtained":["Red Mask"]},{"damage_healed":0.0,"max_hp_gain":0.0,"max_hp_loss":0.0,"gold_gain":0.0,"cards_transformed":["Turbo"],"event_name":"Transmorgrifier","player_choice":"Transformed","floor":48.0,"gold_loss":0.0,"damage_taken":0.0,"cards_obtained":["Multi-Cast"]}],"is_beta":true,"boss_relics":[{"not_picked":["Lizard Tail","Inserter"],"picked":"Fusion Hammer"},{"not_picked":["Nuclear Battery","Busted Crown"],"picked":"Pandora\u0027s Box"}],"items_purged_floors":[31],"is_endless":false,"potions_floor_spawned":[7,8,12,16,21,30,33,45,47],"killed_by":"Awakened One","ascension_level":19}