{"gold_per_floor":[114,31,47,47,4,36,36,64,64,79,110,110,110,130,130,130],"floor_reached":16,"playtime":427,"items_purged":[],"score":286,"play_id":"e2bba1fb-6f74-4999-b98c-1c85be876504","local_time":"20190321200617","is_ascension_mode":true,"campfire_choices":[{"data":"Defragment","floor":7,"key":"SMITH"},{"floor":12,"key":"REST"},{"data":"Loop","floor":15,"key":"SMITH"}],"neow_cost":"NONE","seed_source_timestamp":178106164739000,"circlet_count":0,"master_deck":["AscendersBane","Strike_B","Strike_B","Strike_B","Strike_B","Defend_B","Defend_B","Defend_B","Zap","Dualcast+1","Loop+1","Defragment+1","Loop+1","Cold Snap","Coolheaded","Undo","Chill"],"relics":["Cracked Core","NeowsBlessing","Incense Burner","Regal Pillow","Centennial Puzzle"],"potions_floor_usage":[14,16,16],"damage_taken":[{"damage":0,"enemies":"Small Slimes","floor":1,"turns":1},{"damage":0,"enemies":"Cultist","floor":3,"turns":1},{"damage":0,"enemies":"Gremlin Nob","floor":6,"turns":1},{"damage":24,"enemies":"3 Sentries","floor":8,"turns":14},{"damage":4,"enemies":"2 Louse","floor":10,"turns":2},{"damage":23,"enemies":"Lagavulin","floor":11,"turns":7},{"damage":3,"enemies":"Exordium Thugs","floor":14,"turns":8},{"damage":32,"enemies":"Slime Boss","floor":16,"turns":7}],"seed_played":"-8490894786601114745","potions_obtained":[{"floor":1,"key":"Poison Potion"},{"floor":8,"key":"Fire Potion"},{"floor":14,"key":"AttackPotion"}],"is_trial":false,"path_per_floor":["M","$","M","?","$","E","R","E","T","M","E","R","?","M","R","B"],"character_chosen":"DEFECT","items_purchased":["Defragment","Loop"],"campfire_rested":1,"item_purchase_floors":[2,5],"current_hp_per_floor":[64,64,64,64,64,64,64,40,40,36,13,49,28,25,25,0],"gold":130,"neow_bonus":"THREE_ENEMY_KILL","is_prod":false,"is_daily":false,"chose_seed":false,"campfire_upgraded":2,"win_rate":0,"timestamp":1553166377,"path_taken":["M","$","M","?","?","E","R","E","T","?","E","R","?","M","R","BOSS"],"build_version":"2019-01-23","purchased_purges":0,"victory":false,"max_hp_per_floor":[71,71,71,71,71,71,71,71,71,71,71,71,71,71,71,71],"card_choices":[{"not_picked":["Go for the Eyes","Recycle"],"picked":"Loop","floor":1},{"not_picked":["Turbo","Redo","Barrage"],"picked":"SKIP","floor":3},{"not_picked":["Melter","Streamline"],"picked":"Cold Snap","floor":6},{"not_picked":["Chaos","Redo","Storm"],"picked":"SKIP","floor":8},{"not_picked":["Gash","Aggregate"],"picked":"Coolheaded","floor":10},{"not_picked":["Skim","Gash"],"picked":"Undo","floor":11},{"not_picked":["Beam Cell","Compile Driver"],"picked":"Chill","floor":14}],"player_experience":2450056,"relics_obtained":[{"floor":6,"key":"Incense Burner"},{"floor":8,"key":"Regal Pillow"},{"floor":11,"key":"Centennial Puzzle"}],"event_choices":[{"cards_removed":["Defend_B"],"damage_healed":0,"gold_gain":0,"player_choice":"Offered Basic","damage_taken":0,"max_hp_gain":0,"max_hp_loss":0,"event_name":"Bonfire Elementals","floor":4,"gold_loss":0},{"damage_healed":0,"gold_gain":0,"player_choice":"Entered Light","damage_taken":21,"max_hp_gain":0,"max_hp_loss":0,"event_name":"Shining Light","floor":13,"gold_loss":0,"cards_upgraded":["Loop","Dualcast"]}],"is_beta":false,"boss_relics":[],"items_purged_floors":[],"is_endless":false,"potions_floor_spawned":[1,8,11,14],"killed_by":"Slime Boss","ascension_level":20}