{"path_per_floor":["M","?","M","$","?","R","M","E","T","M","$","M","M","M","R","B",null,"M","$","?","M","$","R"],"character_chosen":"IRONCLAD","items_purchased":["Strength Potion","Corruption"],"gold_per_floor":[117,117,135,135,135,135,151,210,235,255,206,223,235,255,255,350,380,394,394,394,411,349,349,349],"floor_reached":24,"campfire_rested":1,"playtime":1011,"current_hp_per_floor":[72,58,67,67,72,72,77,55,55,59,59,57,58,62,77,42,73,64,64,64,82,82,82,0],"items_purged":[],"gold":349,"score":267,"play_id":"a9acadab-0033-4bcf-b871-98331bc0acc3","local_time":"20180331223250","is_prod":false,"is_daily":false,"is_ascension_mode":true,"campfire_upgraded":2,"timestamp":1522524770,"path_taken":["M","?","M","$","?","R","M","E","T","M","?","M","?","M","R","BOSS","M","$","?","M","$","R","M"],"build_version":"2018-03-29v2","purchased_purges":0,"victory":false,"master_deck":["Strike_R","Strike_R","Strike_R","Strike_R+1","Strike_R+1","Defend_R","Defend_R","Defend_R","Defend_R","Bash+1","Infernal Blade+1","Infernal Blade","Battle Trance","Uppercut","Iron Wave","Corruption+1","Reaper","Spot Weakness","Havoc","Flex","Corruption"],"max_hp_per_floor":[72,72,72,72,77,77,77,77,77,77,77,77,77,77,77,77,82,82,82,82,82,82,82,82],"relics":["Burning Blood","Magic Flower","Tiny Chest","Omamori","Tiny House","The Courier"],"card_choices":[{"not_picked":["Inflame","Pommel Strike"],"picked":"Infernal Blade","floor":1},{"not_picked":["Disarm","Armaments"],"picked":"Infernal Blade","floor":3},{"not_picked":["Fiend Fire","Thunderclap"],"picked":"Battle Trance","floor":7},{"not_picked":["Anger","Pummel"],"picked":"Uppercut","floor":8},{"not_picked":["Perfected Strike","Warcry"],"picked":"Iron Wave","floor":13},{"not_picked":["Body Slam","Twin Strike"],"picked":"Corruption","floor":14},{"not_picked":["Dark Embrace","Double Tap"],"picked":"Reaper","floor":16},{"not_picked":["Clash","Pummel"],"picked":"Spot Weakness","floor":17},{"not_picked":["Clash","Blood for Blood"],"picked":"Havoc","floor":18},{"not_picked":["Entrench","Carnage"],"picked":"Flex","floor":21}],"player_experience":348288,"potions_floor_usage":[3,13,16,16,21,21,24],"damage_taken":[{"damage":0,"enemies":"Small Slimes","floor":1,"turns":3},{"damage":0,"enemies":"Jaw Worm","floor":3,"turns":3},{"damage":0,"enemies":"2 Louse","floor":7,"turns":2},{"damage":40,"enemies":"Lagavulin","floor":8,"turns":5},{"damage":5,"enemies":"2 Fungi Beasts","floor":10,"turns":3},{"damage":11,"enemies":"Exordium Thugs","floor":12,"turns":4},{"damage":8,"enemies":"Blue Slaver","floor":13,"turns":3},{"damage":5,"enemies":"Red Slaver","floor":14,"turns":3},{"damage":69,"enemies":"Hexaghost","floor":16,"turns":9},{"damage":18,"enemies":"Shell Parasite","floor":18,"turns":3},{"damage":2,"enemies":"Chosen","floor":21,"turns":5},{"damage":107,"enemies":"3 Cultists","floor":24,"turns":7}],"event_choices":[{"event_name":"Shining Light","player_choice":"Entered Light","floor":2,"damage_taken":0},{"event_name":"Big Fish","player_choice":"Donut","floor":5,"damage_taken":0},{"event_name":"The Mausoleum","player_choice":"Yes","floor":20,"damage_taken":0}],"boss_relics":[{"not_picked":["Snecko Eye","Runic Pyramid"],"picked":"Tiny House"}],"potions_floor_spawned":[1,12,14,16,18],"seed_played":"1578428818544081903","killed_by":"3 Cultists","ascension_level":7,"is_trial":false}