{"path_per_floor":["M","M","$","?","?","R","?","R","T","R","M","R","M","E","R","B",null,"M","?","?","T","$","R","$","M","T","$","M","T","R","M","R","B",null,"M","?","?","?","M","M","R","M","T","R","$","R","M","M","R"],"character_chosen":"IRONCLAD","items_purchased":["Inflame","Flex","Ancient Tea Set","Carnage","Regal Pillow","Bronze Scales","Dream Catcher"],"gold_per_floor":[119,131,58,8,8,8,35,35,80,80,90,90,106,140,140,243,273,283,283,283,283,110,110,110,121,192,2,22,46,46,57,57,153,153,169,169,224,224,237,251,251,269,269,269,30,30,48,62,62],"floor_reached":50,"campfire_rested":6,"playtime":2259,"current_hp_per_floor":[79,80,80,80,80,80,64,64,64,80,81,81,68,64,84,46,91,91,91,91,91,91,91,91,89,89,89,76,76,76,79,95,45,95,74,74,70,70,78,39,84,78,78,101,101,101,65,54,102],"items_purged":[],"gold":62,"score":525,"play_id":"c8833b6f-ecb7-4dcb-ac30-009afff9009c","is_prod":false,"is_daily":false,"is_ascension_mode":true,"campfire_upgraded":6,"path_taken":["M","M","$","?","?","R","?","R","T","R","M","R","?","E","R","BOSS","M","?","?","?","$","R","?","?","T","$","M","?","R","?","R","BOSS","M","?","?","?","M","M","R","M","T","R","$","R","?","M","R","BOSS"],"build_version":"2018-02-22-PROD2","purchased_purges":0,"victory":false,"master_deck":["Strike_R","Strike_R","Strike_R","Strike_R","Defend_R+1","Defend_R","Defend_R","Defend_R","Bash+1","Flex+1","Twin Strike","Inflame+1","Heavy Blade+1","Double Tap+1","Bludgeon","Heavy Blade+1","Flex+1","Armaments","Carnage","Limit Break","Heavy Blade+1","Inflame+1","Armaments+1"],"max_hp_per_floor":[80,80,80,80,80,80,80,80,80,80,82,82,84,84,84,84,91,91,91,91,91,91,91,91,91,91,91,93,93,93,95,95,95,95,97,97,97,97,99,101,101,101,101,101,101,101,103,105,107],"relics":["Burning Blood","Odd Mushroom","Singing Bowl","Orichalcum","Tiny House","Vajra","Red Skull","Ancient Tea Set","Meat on the Bone","Regal Pillow","Lantern","Mark of Pain","Torii","The Courier","Bronze Scales","Dream Catcher"],"card_choices":[{"not_picked":["Clash","Fire Breathing"],"picked":"Flex"},{"not_picked":["Clash","Immolate"],"picked":"Twin Strike"},{"not_picked":["Entrench","Flex"],"picked":"Heavy Blade"},{"not_picked":["Corruption","Exhume"],"picked":"Double Tap"},{"not_picked":["Feed","Fiend Fire"],"picked":"Bludgeon"},{"not_picked":["Wild Strike","Sword Boomerang"],"picked":"Heavy Blade"},{"not_picked":["Rage","Intimidate"],"picked":"Armaments"},{"not_picked":["Offering","Double Tap"],"picked":"Limit Break"},{"not_picked":["Flex","Battle Trance"],"picked":"Heavy Blade"},{"not_picked":["Havoc","Headbutt"],"picked":"Armaments"}],"player_experience":201485,"potions_floor_usage":[7,11,25,31,33,33,33,37,42,48,50],"damage_taken":[{"damage":7,"enemies":"2 Louse","floor":1,"turns":3},{"damage":0,"enemies":"Small Slimes","floor":2,"turns":3},{"damage":22,"enemies":"The Mushroom Lair","floor":7,"turns":5},{"damage":7,"enemies":"Jaw Worm","floor":11,"turns":2},{"damage":21,"enemies":"Lots of Slimes","floor":13,"turns":4},{"damage":10,"enemies":"Lagavulin","floor":14,"turns":4},{"damage":44,"enemies":"The Guardian","floor":16,"turns":9},{"damage":5,"enemies":"Spheric Guardian","floor":18,"turns":3},{"damage":8,"enemies":"2 Thieves","floor":25,"turns":3},{"damage":21,"enemies":"Sentry and Sphere","floor":28,"turns":4},{"damage":5,"enemies":"Snecko","floor":31,"turns":3},{"damage":68,"enemies":"Champ","floor":33,"turns":7},{"damage":29,"enemies":"3 Shapes","floor":35,"turns":4},{"damage":10,"enemies":"Mysterious Sphere","floor":37,"turns":4},{"damage":0,"enemies":"Orb Walker","floor":39,"turns":1},{"damage":59,"enemies":"Sphere and 2 Shapes","floor":40,"turns":5},{"damage":12,"enemies":"4 Shapes","floor":42,"turns":3},{"damage":44,"enemies":"3 Darklings","floor":47,"turns":5},{"damage":31,"enemies":"Sphere and 2 Shapes","floor":48,"turns":5},{"damage":114,"enemies":"Donu and Deca","floor":50,"turns":7}],"event_choices":[{"event_name":"The Cleric","player_choice":"Card Removal","floor":4,"damage_taken":0},{"event_name":"Living Wall","player_choice":"Grow","floor":5,"damage_taken":0},{"event_name":"Mushrooms","player_choice":"Fought Mushrooms","floor":7,"damage_taken":0},{"event_name":"The Lab","player_choice":"Got Potions","floor":19,"damage_taken":0},{"event_name":"The Mausoleum","player_choice":"Yes","floor":20,"damage_taken":0},{"event_name":"Mysterious Sphere","player_choice":"Fight","floor":37,"damage_taken":0},{"event_name":"Duplicator","player_choice":"One dupe","floor":38,"damage_taken":0}],"boss_relics":[{"not_picked":["Astrolabe","Eternal Feather"],"picked":"Tiny House"},{"not_picked":["Velvet Choker","Orrery"],"picked":"Mark of Pain"}],"potions_floor_spawned":[2,7,16,28,31,35,40,47,48],"seed_played":"-2729004817487657923","killed_by":"Donu and Deca","ascension_level":3,"is_trial":false}