{"gold_per_floor":[110,110,122,167,139,186,215,252,312,324],"floor_reached":10,"playtime":328,"items_purged":[],"score":152,"play_id":"ac068937-b877-4db4-8543-a5406076a303","local_time":"20190414133019","is_ascension_mode":true,"campfire_choices":[],"neow_cost":"TEN_PERCENT_HP_LOSS","seed_source_timestamp":179779926730400,"circlet_count":0,"master_deck":["AscendersBane","Strike_R","Strike_R","Strike_R","Strike_R","Strike_R","Defend_R","Defend_R","Defend_R","Defend_R","Bash","Reaper","Spot Weakness","Second Wind","Pummel","Double Tap"],"relics":["Burning Blood","Gambling Chip","MawBank","Calipers","Ancient Tea Set"],"potions_floor_usage":[6,6],"damage_taken":[{"damage":12,"enemies":"Small Slimes","floor":1,"turns":4},{"damage":6,"enemies":"Cultist","floor":3,"turns":3},{"damage":40,"enemies":"3 Sentries","floor":6,"turns":8},{"damage":2,"enemies":"Jaw Worm","floor":7,"turns":3},{"damage":31,"enemies":"Gremlin Nob","floor":8,"turns":4},{"damage":35,"enemies":"Gremlin Gang","floor":10,"turns":3}],"seed_played":"-1771072388641895123","potions_obtained":[{"floor":5,"key":"Strength Potion"},{"floor":5,"key":"Energy Potion"}],"is_trial":false,"path_per_floor":["M","?","M","T","?","E","M","E","T","M"],"character_chosen":"IRONCLAD","items_purchased":[],"campfire_rested":0,"item_purchase_floors":[],"current_hp_per_floor":[62,62,62,62,62,52,62,37,37,14],"gold":324,"neow_bonus":"ONE_RARE_RELIC","is_prod":false,"is_daily":false,"chose_seed":false,"campfire_upgraded":0,"win_rate":0,"timestamp":1555216219,"path_taken":["M","?","?","?","?","E","M","E","T","?"],"build_version":"2019-01-23","purchased_purges":0,"victory":false,"max_hp_per_floor":[68,68,68,68,68,68,68,68,68,68],"card_choices":[{"not_picked":["Havoc","Sword Boomerang","Flex"],"picked":"SKIP","floor":1},{"not_picked":["Havoc","Sword Boomerang","Flex"],"picked":"SKIP","floor":1},{"not_picked":["Pummel","Sever Soul"],"picked":"Spot Weakness","floor":3},{"not_picked":["Warcry","Body Slam"],"picked":"Second Wind","floor":6},{"not_picked":["Pummel","Pommel Strike","Headbutt"],"picked":"SKIP","floor":7},{"not_picked":["Pommel Strike","Headbutt"],"picked":"Pummel","floor":7},{"not_picked":["Thunderclap","Rage"],"picked":"Double Tap","floor":8}],"player_experience":3122650,"relics_obtained":[{"floor":4,"key":"MawBank"},{"floor":8,"key":"Calipers"},{"floor":9,"key":"Ancient Tea Set"}],"event_choices":[{"damage_healed":0,"gold_gain":0,"player_choice":"1 cards matched","damage_taken":0,"max_hp_gain":0,"max_hp_loss":0,"event_name":"Match and Keep!","floor":2,"gold_loss":0,"cards_obtained":["Reaper"]},{"damage_healed":0,"gold_gain":0,"player_choice":"Bought 3 Potions","damage_taken":0,"max_hp_gain":0,"max_hp_loss":0,"event_name":"The Woman in Blue","floor":5,"gold_loss":0}],"is_beta":false,"boss_relics":[],"items_purged_floors":[],"is_endless":false,"potions_floor_spawned":[],"killed_by":"Gremlin Gang","ascension_level":20}