{"gold_per_floor":[13,25,25,38,38,38,38,53,53,71,71,71,71,71,71,191,191,211,211,211,211],"floor_reached":21,"playtime":575,"items_purged":[],"score":276,"play_id":"7f0e5cb9-3dc1-454e-a05b-1e1291992d47","local_time":"20190203165508","is_ascension_mode":true,"campfire_choices":[{"data":"Inflame","floor":6,"key":"SMITH"},{"data":"Body Slam","floor":12,"key":"SMITH"},{"data":"Intimidate","floor":15,"key":"SMITH"}],"neow_cost":"NO_GOLD","seed_source_timestamp":115569339030700,"circlet_count":0,"master_deck":["AscendersBane","Strike_R","Strike_R","Strike_R","Strike_R","Defend_R","Defend_R","Defend_R","Defend_R","Bash","Shrug It Off","Intimidate+1","Inflame+1","Body Slam+1","Warcry","Reaper+1","Burning Pact","Ghostly","Ghostly","Ghostly","Ghostly","Ghostly"],"relics":["Burning Blood","Dead Branch","Golden Idol","Nunchaku","Sundial","Molten Egg 2","Dream Catcher","Runic Dome"],"potions_floor_usage":[16,16,18,21],"damage_taken":[{"damage":4,"enemies":"Small Slimes","floor":1,"turns":5},{"damage":9,"enemies":"2 Louse","floor":2,"turns":2},{"damage":14,"enemies":"Jaw Worm","floor":4,"turns":6},{"damage":8,"enemies":"2 Fungi Beasts","floor":8,"turns":4},{"damage":6,"enemies":"Large Slime","floor":10,"turns":3},{"damage":64,"enemies":"Hexaghost","floor":16,"turns":10},{"damage":49,"enemies":"Spheric Guardian","floor":18,"turns":6},{"damage":12,"enemies":"Colosseum Slavers","floor":21,"turns":5},{"damage":54,"enemies":"Colosseum Nobs","floor":21,"turns":7}],"seed_played":"4834982796691400344","potions_obtained":[{"floor":1,"key":"PowerPotion"},{"floor":4,"key":"BloodPotion"},{"floor":8,"key":"Regen Potion"},{"floor":18,"key":"Fruit Juice"}],"is_trial":false,"path_per_floor":["M","M","?","M","?","R","?","M","T","M","T","R","?","?","R","B",null,"M","?","?","?"],"character_chosen":"IRONCLAD","items_purchased":[],"campfire_rested":0,"item_purchase_floors":[],"current_hp_per_floor":[74,71,71,63,63,63,56,54,54,54,54,54,54,54,54,18,60,22,22,22,0],"gold":211,"neow_bonus":"ONE_RARE_RELIC","is_prod":false,"is_daily":false,"chose_seed":false,"campfire_upgraded":3,"win_rate":0,"timestamp":1549180508,"path_taken":["M","M","?","M","?","R","?","M","T","M","?","R","?","?","R","BOSS","M","?","?","?"],"build_version":"2019-01-23","purchased_purges":0,"victory":false,"max_hp_per_floor":[80,80,74,74,74,74,74,74,74,74,74,74,74,74,74,74,74,79,79,39,39],"card_choices":[{"not_picked":["Headbutt","Inflame","Searing Blow"],"picked":"SKIP","floor":1},{"not_picked":["Thunderclap","Perfected Strike"],"picked":"Shrug It Off","floor":2},{"not_picked":["Bloodletting","Heavy Blade"],"picked":"Intimidate","floor":4},{"not_picked":["Headbutt","Reckless Charge"],"picked":"Body Slam","floor":8},{"not_picked":["Burning Pact","Flex"],"picked":"Warcry","floor":10},{"not_picked":["Juggernaut","Double Tap"],"picked":"Reaper+1","floor":16},{"not_picked":["Sword Boomerang+1","Shrug It Off"],"picked":"Burning Pact","floor":18}],"player_experience":27476,"relics_obtained":[{"floor":9,"key":"Sundial"},{"floor":11,"key":"Molten Egg 2"}],"event_choices":[{"damage_healed":0,"gold_gain":0,"player_choice":"Lose Max HP","damage_taken":0,"relics_obtained":["Golden Idol"],"max_hp_gain":0,"max_hp_loss":6,"event_name":"Golden Idol","floor":3,"gold_loss":0},{"damage_healed":0,"gold_gain":0,"cards_transformed":["Strike_R"],"player_choice":"Change","damage_taken":0,"max_hp_gain":0,"max_hp_loss":0,"event_name":"Living Wall","floor":5,"gold_loss":0,"cards_obtained":["Inflame"]},{"damage_healed":0,"gold_gain":0,"player_choice":"Success","damage_taken":7,"relics_obtained":["Nunchaku"],"max_hp_gain":0,"max_hp_loss":0,"event_name":"Scrap Ooze","floor":7,"gold_loss":0},{"damage_healed":0,"gold_gain":0,"player_choice":"Box","damage_taken":0,"relics_obtained":["Dream Catcher"],"max_hp_gain":0,"max_hp_loss":0,"event_name":"Big Fish","floor":13,"gold_loss":0,"cards_obtained":["Regret"]},{"damage_healed":0,"gold_gain":0,"player_choice":"Ignored","damage_taken":0,"max_hp_gain":0,"max_hp_loss":0,"event_name":"Liars Game","floor":14,"gold_loss":0},{"cards_removed":["Regret"],"damage_healed":0,"gold_gain":0,"player_choice":"Elegance","damage_taken":0,"max_hp_gain":0,"max_hp_loss":0,"event_name":"Back to Basics","floor":19,"gold_loss":0},{"damage_healed":0,"gold_gain":0,"player_choice":"Became a Ghost","damage_taken":0,"max_hp_gain":0,"max_hp_loss":40,"event_name":"Ghosts","floor":20,"gold_loss":0,"cards_obtained":["Ghostly","Ghostly","Ghostly","Ghostly","Ghostly"]},{"damage_healed":0,"gold_gain":0,"player_choice":"Fight","damage_taken":0,"max_hp_gain":0,"max_hp_loss":0,"event_name":"Colosseum","floor":21,"gold_loss":0},{"damage_healed":0,"gold_gain":0,"player_choice":"Fought Nobs","damage_taken":0,"max_hp_gain":0,"max_hp_loss":0,"event_name":"Colosseum","floor":21,"gold_loss":0}],"is_beta":false,"boss_relics":[{"not_picked":["Velvet Choker","Orrery"],"picked":"Runic Dome"}],"items_purged_floors":[],"is_endless":false,"potions_floor_spawned":[1,4,8,18],"killed_by":"Colosseum Nobs","ascension_level":10}