{"gold_per_floor":[115,115,115,115,35,35,67,67,67,94,113,126,161,161,161,260,260,272,287,60,20,20],"floor_reached":22,"playtime":1303,"items_purged":["Normality"],"score":285,"play_id":"bac269c0-5748-40c4-90b6-dea185dba0d9","local_time":"20180714223159","is_ascension_mode":true,"campfire_choices":[{"floor":6,"key":"REST"},{"floor":8,"key":"REST"},{"floor":15,"key":"REST"}],"neow_cost":"CURSE","seed_source_timestamp":783609077533671,"circlet_count":0,"master_deck":["Strike_B","Strike_B","Strike_B","Strike_B","Defend_B","Defend_B","Defend_B","Defend_B","Zap","Dualcast","Go for the Eyes","Steam","Self Repair","Scrape","Redo","Beam Cell","Steam","Steam","All For One","Redo","Gash","Blind"],"special_seed":17726,"relics":["Cracked Core","Girya","Prayer Wheel","Dodecahedron","Pear","Pen Nib","Matryoshka","Black Star"],"potions_floor_usage":[7,13,22,22,22],"damage_taken":[{"damage":0,"enemies":"2 Louse","floor":1,"turns":2},{"damage":40,"enemies":"Lagavulin","floor":7,"turns":8},{"damage":39,"enemies":"Gremlin Nob","floor":10,"turns":5},{"damage":0,"enemies":"Small Slimes","floor":11,"turns":3},{"damage":1,"enemies":"Cultist","floor":12,"turns":4},{"damage":22,"enemies":"3 Sentries","floor":13,"turns":7},{"damage":47,"enemies":"The Guardian","floor":16,"turns":15},{"damage":26,"enemies":"Spheric Guardian","floor":18,"turns":6},{"damage":53,"enemies":"Shell Parasite","floor":19,"turns":8},{"damage":4,"enemies":"Cultist and Chosen","floor":22,"turns":6}],"seed_played":"-1557900698408723444","potions_obtained":[{"floor":1,"key":"Strength Potion"},{"floor":12,"key":"Poison Potion"},{"floor":21,"key":"Fruit Juice"},{"floor":21,"key":"Energy Potion"},{"floor":21,"key":"Dexterity Potion"}],"is_trial":false,"path_per_floor":["M","?","?","?","$","R","E","R","T","E","M","M","E","?","R","B",null,"M","M","$","?"],"character_chosen":"DEFECT","items_purchased":["Go for the Eyes","Steam","Gash","Blind"],"campfire_rested":3,"item_purchase_floors":[5,5,20,20],"current_hp_per_floor":[68,56,56,56,56,75,35,57,67,35,42,48,33,61,85,45,75,56,10,10,10,11],"gold":20,"neow_bonus":"ONE_RARE_RELIC","is_prod":false,"is_daily":false,"chose_seed":false,"campfire_upgraded":0,"win_rate":0,"timestamp":1531596719,"path_taken":["M","?","?","?","$","R","E","R","T","E","M","M","E","?","R","BOSS","M","M","$","?","M"],"build_version":"2018-07-12","purchased_purges":1,"victory":false,"max_hp_per_floor":[75,75,75,75,75,75,75,75,85,85,85,85,85,85,85,85,85,85,85,85,85,90],"card_choices":[{"not_picked":["Chaos","Steam Power","Coolheaded"],"picked":"SKIP","floor":1},{"not_picked":["Hologram","Reinforced Body"],"picked":"Self Repair","floor":7},{"not_picked":["Turbo","Leap"],"picked":"Scrape","floor":10},{"not_picked":["Consume","Undo"],"picked":"Redo","floor":11},{"not_picked":["Chaos","Cold Snap","Steam Power"],"picked":"SKIP","floor":11},{"not_picked":["Loop","Sweeping Beam"],"picked":"Beam Cell","floor":12},{"not_picked":["Leap","Fusion"],"picked":"Steam","floor":12},{"not_picked":["Creative AI","Turbo"],"picked":"Steam","floor":13},{"not_picked":["Seek","Multi-Cast"],"picked":"All For One","floor":16},{"not_picked":["Stack+1","Coolheaded+1"],"picked":"Redo","floor":18},{"not_picked":["Barrage","Loop","Leap"],"picked":"SKIP","floor":18},{"not_picked":["Hello World+1","Reinforced Body","Glacier"],"picked":"SKIP","floor":19},{"not_picked":["Coolheaded","Fusion","Leap"],"picked":"SKIP","floor":19}],"player_experience":576040,"relics_obtained":[{"floor":7,"key":"Dodecahedron"},{"floor":9,"key":"Pear"},{"floor":10,"key":"Pen Nib"},{"floor":13,"key":"Matryoshka"}],"event_choices":[{"event_name":"Scrap Ooze","player_choice":"success","floor":2,"damage_taken":12},{"event_name":"Golden Idol","player_choice":"Ignored","floor":3,"damage_taken":0},{"event_name":"Golden Wing","player_choice":"Ignored","floor":4,"damage_taken":0},{"event_name":"Big Fish","player_choice":"Banana","floor":14,"damage_taken":0},{"event_name":"The Woman in Blue","player_choice":"Bought 3 Potions","floor":21,"damage_taken":0}],"boss_relics":[{"not_picked":["Tiny House","Cursed Key"],"picked":"Black Star"}],"items_purged_floors":[20],"is_endless":false,"potions_floor_spawned":[1,12],"killed_by":"Cultist and Chosen","ascension_level":6}