{"gold_per_floor":[115,115,115,132,132,166,166,191,191,225,241,258,291,306,306,411,411,430,211,140,140,40,68,68,85,156,191,191,216,216,235,235,338,338,352,362,6,57,74,106,116,149,174,174,194,194,224,242,242,242],"floor_reached":51,"playtime":1413,"items_purged":["Pain","Strike_R"],"score":1198,"play_id":"eafbba64-484f-4876-83f3-534c7352ba31","local_time":"20190203100259","is_ascension_mode":true,"campfire_choices":[{"data":"True Grit","floor":7,"key":"SMITH"},{"data":"Strike_R","floor":15,"key":"SMITH"},{"data":"Whirlwind","floor":24,"key":"SMITH"},{"data":"Feel No Pain","floor":30,"key":"SMITH"},{"data":"Strike_R","floor":32,"key":"SMITH"},{"floor":44,"key":"DIG"},{"floor":46,"key":"DIG"},{"floor":49,"key":"DIG"}],"neow_cost":"NONE","seed_source_timestamp":89996607737400,"circlet_count":0,"master_deck":["Strike_R+1","Strike_R+1","Strike_R+1","Strike_R+1","Defend_R+1","Defend_R","Defend_R","Defend_R","Bash+1","Feel No Pain+1","True Grit+1","Flame Barrier+1","Rage+1","Shockwave+1","Shrug It Off+1","Double Tap+1","Offering+1","Disarm+1","Whirlwind+1","Ghostly+1","Ghostly+1","Ghostly+1","Ghostly+1","Ghostly+1","Warcry+1","Seeing Red+1","Rage+1","Shrug It Off+1","Flame Barrier+1","Entrench+1","Enlightenment+1","Body Slam","Headbutt+1","Body Slam+1","Juggernaut+1","Second Wind+1","Intimidate+1","Flame Barrier+1","Disarm+1","Intimidate+1"],"relics":["Burning Blood","NeowsBlessing","WarpedTongs","Gremlin Horn","Mercury Hourglass","Toxic Egg 2","Kunai","Whetstone","Pen Nib","Black Star","PreservedInsect","Centennial Puzzle","Ornamental Fan","Frozen Egg 2","Omamori","Bag of Marbles","Ancient Tea Set","Charon\u0027s Ashes","Fusion Hammer","Bag of Preparation","Shovel","Blood Vial","Pocketwatch","Juzu Bracelet","Shuriken","Red Skull","Self Forming Clay","Prayer Wheel","Calipers","Meat on the Bone","Vajra"],"potions_floor_usage":[50,50,50],"damage_taken":[{"damage":0,"enemies":"Jaw Worm","floor":1,"turns":1},{"damage":1,"enemies":"Cultist","floor":4,"turns":1},{"damage":0,"enemies":"Gremlin Nob","floor":6,"turns":1},{"damage":16,"enemies":"3 Sentries","floor":8,"turns":6},{"damage":20,"enemies":"Gremlin Nob","floor":10,"turns":4},{"damage":1,"enemies":"2 Louse","floor":11,"turns":3},{"damage":1,"enemies":"Exordium Thugs","floor":12,"turns":3},{"damage":20,"enemies":"Lagavulin","floor":13,"turns":8},{"damage":3,"enemies":"3 Louse","floor":14,"turns":2},{"damage":28,"enemies":"Slime Boss","floor":16,"turns":7},{"damage":14,"enemies":"Shell Parasite","floor":18,"turns":6},{"damage":6,"enemies":"Gremlin Leader","floor":23,"turns":6},{"damage":7,"enemies":"Spheric Guardian","floor":25,"turns":6},{"damage":6,"enemies":"Slavers","floor":27,"turns":3},{"damage":6,"enemies":"Gremlin Leader","floor":29,"turns":1},{"damage":1,"enemies":"Chosen and Byrds","floor":31,"turns":4},{"damage":12,"enemies":"Collector","floor":33,"turns":14},{"damage":0,"enemies":"Orb Walker","floor":35,"turns":4},{"damage":2,"enemies":"3 Darklings","floor":36,"turns":2},{"damage":1,"enemies":"2 Orb Walkers","floor":38,"turns":3},{"damage":8,"enemies":"Writhing Mass","floor":39,"turns":6},{"damage":0,"enemies":"Reptomancer","floor":40,"turns":3},{"damage":1,"enemies":"Maw","floor":41,"turns":6},{"damage":1,"enemies":"Giant Head","floor":42,"turns":7},{"damage":1,"enemies":"3 Darklings","floor":45,"turns":2},{"damage":0,"enemies":"Reptomancer","floor":47,"turns":4},{"damage":0,"enemies":"Jaw Worm Horde","floor":48,"turns":4},{"damage":1,"enemies":"Donu and Deca","floor":50,"turns":4}],"seed_played":"-1801542969246641373","potions_obtained":[{"floor":1,"key":"PowerPotion"},{"floor":6,"key":"LiquidBronze"},{"floor":10,"key":"Dexterity Potion"},{"floor":39,"key":"Energy Potion"},{"floor":45,"key":"PowerPotion"}],"is_trial":false,"path_per_floor":["M","?","?","M","T","E","R","E","T","E","M","M","E","M","R","B",null,"M","$","$","?","$","E","R","M","T","E","?","E","R","M","R","B",null,"M","M","$","?","M","E","M","E","T","R","M","R","E","M","R","B",null],"character_chosen":"IRONCLAD","items_purchased":["PreservedInsect","Whirlwind","Bag of Preparation","Entrench+1","Enlightenment+1","Body Slam"],"campfire_rested":0,"item_purchase_floors":[19,20,37,37,37,37],"current_hp_per_floor":[80,64,64,69,69,75,75,65,65,51,56,61,47,50,50,28,80,72,72,72,40,40,40,40,39,39,39,39,39,39,40,40,34,40,40,40,40,40,38,40,40,40,40,40,40,40,40,40,40,40],"gold":242,"neow_bonus":"THREE_ENEMY_KILL","is_prod":false,"is_daily":false,"chose_seed":false,"campfire_upgraded":5,"win_rate":0,"timestamp":1549155779,"path_taken":["M","?","?","?","?","E","R","E","T","E","M","M","E","?","R","BOSS","M","?","$","?","$","E","R","?","T","E","?","E","R","M","R","BOSS","M","M","$","?","M","E","M","E","T","R","M","R","E","M","R","BOSS"],"build_version":"2019-01-23","purchased_purges":2,"victory":true,"max_hp_per_floor":[80,80,80,80,80,80,80,80,80,80,80,80,80,80,80,80,80,80,80,80,40,40,40,40,40,40,40,40,40,40,40,40,40,40,40,40,40,40,40,40,40,40,40,40,40,40,40,40,40,40],"card_choices":[{"not_picked":["Ghostly Armor","Anger"],"picked":"Feel No Pain","floor":1},{"not_picked":["Thunderclap","Flame Barrier","Metallicize"],"picked":"SKIP","floor":4},{"not_picked":["Anger","Flex"],"picked":"True Grit","floor":6},{"not_picked":["Spot Weakness","Infernal Blade"],"picked":"Flame Barrier","floor":8},{"not_picked":["Cleave","Armaments+1"],"picked":"Rage+1","floor":10},{"not_picked":["Pommel Strike","Thunderclap"],"picked":"Shockwave+1","floor":11},{"not_picked":["Warcry+1","Pommel Strike"],"picked":"Shrug It Off+1","floor":12},{"not_picked":["Infernal Blade+1","Ghostly Armor+1","Warcry+1"],"picked":"SKIP","floor":13},{"not_picked":["Inflame","Clash"],"picked":"Double Tap+1","floor":14},{"not_picked":["Reaper","Barricade"],"picked":"Offering+1","floor":16},{"not_picked":["Headbutt","Flex+1"],"picked":"Disarm+1","floor":18},{"not_picked":["Heavy Blade","Sword Boomerang"],"picked":"Warcry+1","floor":23},{"not_picked":["Thunderclap","Corruption+1","True Grit+1"],"picked":"SKIP","floor":25},{"not_picked":["Armaments+1","Anger+1","Thunderclap+1"],"picked":"SKIP","floor":27},{"not_picked":["Flame Barrier+1","Twin Strike+1"],"picked":"Rage+1","floor":29},{"not_picked":["Clash","Anger+1"],"picked":"Shrug It Off+1","floor":31},{"not_picked":["Twin Strike","Pommel Strike","Clash"],"picked":"SKIP","floor":35},{"not_picked":["Twin Strike","Ghostly Armor+1"],"picked":"Flame Barrier+1","floor":36},{"not_picked":["Sword Boomerang","Rampage+1"],"picked":"Headbutt+1","floor":38},{"not_picked":["Flame Barrier+1","Burning Pact+1"],"picked":"Body Slam+1","floor":39},{"not_picked":["Burning Pact+1","Dropkick"],"picked":"Juggernaut+1","floor":40},{"not_picked":["Pommel Strike","Anger"],"picked":"Second Wind+1","floor":41},{"not_picked":["Iron Wave+1","Flex+1","Heavy Blade"],"picked":"SKIP","floor":42},{"not_picked":["Cleave+1","Dropkick+1"],"picked":"Intimidate+1","floor":45},{"not_picked":["Corruption+1","Cleave"],"picked":"Flame Barrier+1","floor":47},{"not_picked":["Shrug It Off+1","Whirlwind+1"],"picked":"Disarm+1","floor":48},{"not_picked":["Clothesline","Flex+1"],"picked":"Intimidate+1","floor":48}],"player_experience":2375,"relics_obtained":[{"floor":5,"key":"Gremlin Horn"},{"floor":6,"key":"Mercury Hourglass"},{"floor":8,"key":"Toxic Egg 2"},{"floor":9,"key":"Kunai"},{"floor":10,"key":"Whetstone"},{"floor":13,"key":"Pen Nib"},{"floor":23,"key":"Centennial Puzzle"},{"floor":23,"key":"Ornamental Fan"},{"floor":26,"key":"Frozen Egg 2"},{"floor":27,"key":"Omamori"},{"floor":27,"key":"Bag of Marbles"},{"floor":29,"key":"Ancient Tea Set"},{"floor":29,"key":"Charon\u0027s Ashes"},{"floor":38,"key":"Shovel"},{"floor":40,"key":"Blood Vial"},{"floor":40,"key":"Pocketwatch"},{"floor":42,"key":"Juzu Bracelet"},{"floor":42,"key":"Shuriken"},{"floor":43,"key":"Red Skull"},{"floor":44,"key":"Self Forming Clay"},{"floor":46,"key":"Prayer Wheel"},{"floor":47,"key":"Calipers"},{"floor":47,"key":"Meat on the Bone"},{"floor":49,"key":"Vajra"}],"event_choices":[{"damage_healed":0,"gold_gain":0,"player_choice":"Entered Light","damage_taken":16,"max_hp_gain":0,"max_hp_loss":0,"event_name":"Shining Light","floor":2,"gold_loss":0,"cards_upgraded":["Defend_R","Strike_R"]},{"damage_healed":0,"gold_gain":0,"player_choice":"Rummage","damage_taken":0,"relics_obtained":["WarpedTongs"],"max_hp_gain":0,"max_hp_loss":0,"event_name":"Accursed Blacksmith","floor":3,"gold_loss":0,"cards_obtained":["Pain"]},{"damage_healed":0,"gold_gain":0,"player_choice":"Became a Ghost","damage_taken":0,"max_hp_gain":0,"max_hp_loss":40,"event_name":"Ghosts","floor":21,"gold_loss":0,"cards_obtained":["Ghostly","Ghostly","Ghostly","Ghostly","Ghostly"]},{"damage_healed":0,"gold_gain":0,"player_choice":"Read","damage_taken":0,"max_hp_gain":0,"max_hp_loss":0,"event_name":"The Library","floor":28,"gold_loss":0,"cards_obtained":["Seeing Red"]},{"damage_healed":0,"gold_gain":0,"player_choice":"Fight","damage_taken":0,"max_hp_gain":0,"max_hp_loss":0,"event_name":"Mysterious Sphere","floor":38,"gold_loss":0}],"is_beta":false,"boss_relics":[{"not_picked":["Astrolabe","Black Blood"],"picked":"Black Star"},{"not_picked":["Coffee Dripper","Sozu"],"picked":"Fusion Hammer"}],"items_purged_floors":[19,22],"is_endless":false,"potions_floor_spawned":[1,6,10,11,12,29,31,33,35,36,39,45,48],"ascension_level":1}