{"gold_per_floor":[117,130,130,17,92,121,121,154,154,154,154,167,167],"floor_reached":13,"playtime":180,"items_purged":[],"score":232,"play_id":"65710ed8-22af-4885-a3da-c796ac92af18","local_time":"20190326143244","is_ascension_mode":true,"campfire_choices":[{"floor":7,"key":"REST"},{"data":"Loop","floor":10,"key":"SMITH"}],"neow_cost":"NONE","seed_source_timestamp":157176368283300,"circlet_count":0,"master_deck":["AscendersBane","Strike_B","Strike_B","Strike_B","Strike_B","Defend_B","Defend_B+1","Defend_B","Defend_B","Zap","Dualcast","Tempest+1","Loop+1","Conserve Battery","Self Repair","Consume"],"relics":["Cracked Core","NeowsBlessing","Question Card","Orichalcum","GremlinMask"],"potions_floor_usage":[],"damage_taken":[{"damage":0,"enemies":"Cultist","floor":1,"turns":1},{"damage":0,"enemies":"Jaw Worm","floor":2,"turns":1},{"damage":0,"enemies":"3 Sentries","floor":6,"turns":1},{"damage":25,"enemies":"Gremlin Nob","floor":8,"turns":4},{"damage":0,"enemies":"2 Louse","floor":12,"turns":2},{"damage":31,"enemies":"3 Sentries","floor":13,"turns":6}],"seed_played":"3983679521543581264","potions_obtained":[{"floor":1,"key":"LiquidBronze"},{"floor":6,"key":"SpeedPotion"},{"floor":8,"key":"Strength Potion"}],"is_trial":false,"path_per_floor":["M","M","?","$","?","E","R","E","T","R","?","M","E"],"character_chosen":"DEFECT","items_purchased":["Loop","Conserve Battery"],"campfire_rested":1,"item_purchase_floors":[4,4],"current_hp_per_floor":[64,64,43,43,32,32,53,28,28,28,28,35,4],"gold":167,"neow_bonus":"THREE_ENEMY_KILL","is_prod":false,"is_daily":false,"chose_seed":false,"campfire_upgraded":1,"win_rate":0,"timestamp":1553578364,"path_taken":["M","M","?","$","?","E","R","E","T","R","?","M","E"],"build_version":"2019-01-23","purchased_purges":0,"victory":false,"max_hp_per_floor":[71,71,71,71,71,71,71,71,71,71,71,71,71],"card_choices":[{"not_picked":["Turbo","Conserve Battery"],"picked":"Tempest","floor":1},{"not_picked":["Redo","Blizzard","Go for the Eyes"],"picked":"SKIP","floor":2},{"not_picked":["Beam Cell","Turbo","Leap"],"picked":"SKIP","floor":6},{"not_picked":["Capacitor","Lockon","FTL"],"picked":"Self Repair","floor":8},{"not_picked":["Compile Driver","Ball Lightning","Rebound"],"picked":"Consume","floor":12}],"player_experience":2602497,"relics_obtained":[{"floor":6,"key":"Question Card"},{"floor":8,"key":"Orichalcum"}],"event_choices":[{"damage_healed":0,"gold_gain":0,"player_choice":"Entered Light","damage_taken":21,"max_hp_gain":0,"max_hp_loss":0,"event_name":"Shining Light","floor":3,"gold_loss":0,"cards_upgraded":["Defend_B","Tempest"]},{"damage_healed":0,"gold_gain":75,"player_choice":"Gather Gold","damage_taken":11,"max_hp_gain":0,"max_hp_loss":0,"event_name":"World of Goop","floor":5,"gold_loss":0},{"damage_healed":0,"gold_gain":0,"player_choice":"Trade","damage_taken":0,"relics_obtained":["GremlinMask"],"max_hp_gain":0,"max_hp_loss":0,"event_name":"FaceTrader","floor":11,"gold_loss":0}],"is_beta":false,"boss_relics":[],"items_purged_floors":[],"is_endless":false,"potions_floor_spawned":[1,6,8],"killed_by":"3 Sentries","ascension_level":20}