{"gold_per_floor":[111,126,91,166,25,56,56,72,96,96,130,0,300,318,318,390,390,406,406,425,343,358,358,383,383,383,397,417,417,135,160,172,184],"floor_reached":33,"playtime":1443,"items_purged":[],"score":582,"play_id":"dbaf2d01-3fb4-4aff-84ad-ed16a4ab6f9f","local_time":"20190403162242","is_ascension_mode":true,"campfire_choices":[{"floor":7,"key":"REST"},{"floor":10,"key":"REST"},{"floor":15,"key":"REST"},{"floor":23,"key":"REST"},{"floor":25,"key":"REST"},{"floor":29,"key":"REST"},{"floor":32,"key":"REST"}],"neow_cost":"NONE","seed_source_timestamp":1731618698185383,"circlet_count":0,"master_deck":["AscendersBane","Strike_B","Strike_B","Strike_B","Strike_B","Defend_B","Defend_B","Defend_B","Defend_B","Zap","Dualcast","Ball Lightning","Chaos","Capacitor","Core Surge","Static Discharge","Storm","Auto Shields","Capacitor","Storm","Ball Lightning","Cold Snap","Electrodynamics","Loop","White Noise","Force Field","Force Field","Writhe","Ball Lightning","Capacitor","Thunder Strike","Cold Snap+1","Barrage","Biased Cognition","Double Energy+1","White Noise+1","Static Discharge"],"relics":["Cracked Core","Dream Catcher","Art of War","Bag of Marbles","Old Coin","Orrery","Question Card","Bag of Preparation","Shuriken","Toxic Egg 2","Strawberry","MawBank"],"potions_floor_usage":[6,11,11,14,16,22,31,31,33],"damage_taken":[{"damage":7,"enemies":"Jaw Worm","floor":1,"turns":3},{"damage":0,"enemies":"Small Slimes","floor":2,"turns":2},{"damage":25,"enemies":"Lagavulin","floor":6,"turns":7},{"damage":6,"enemies":"2 Louse","floor":8,"turns":3},{"damage":8,"enemies":"Gremlin Nob","floor":11,"turns":3},{"damage":23,"enemies":"Lots of Slimes","floor":14,"turns":4},{"damage":31,"enemies":"The Guardian","floor":16,"turns":8},{"damage":19,"enemies":"Spheric Guardian","floor":18,"turns":5},{"damage":2,"enemies":"Chosen","floor":20,"turns":5},{"damage":19,"enemies":"Centurion and Healer","floor":22,"turns":4},{"damage":37,"enemies":"Gremlin Leader","floor":24,"turns":5},{"damage":16,"enemies":"Cultist and Chosen","floor":27,"turns":4},{"damage":10,"enemies":"Snecko","floor":28,"turns":3},{"damage":31,"enemies":"Book of Stabbing","floor":31,"turns":5},{"damage":29,"enemies":"Champ","floor":33,"turns":3}],"seed_played":"8284231060013066702","potions_obtained":[{"floor":6,"key":"Poison Potion"},{"floor":8,"key":"FocusPotion"},{"floor":14,"key":"AttackPotion"},{"floor":16,"key":"Weak Potion"},{"floor":24,"key":"Dexterity Potion"},{"floor":27,"key":"Explosive Potion"},{"floor":31,"key":"Dexterity Potion"}],"is_trial":false,"path_per_floor":["M","M","?","?","$","E","R","M","T","R","E","$","?","M","R","B",null,"M","?","M","?","M","R","E","R","T","M","M","R","$","E","R","B"],"character_chosen":"DEFECT","items_purchased":["Capacitor","Block Potion","Storm","Block Potion","Strawberry","Block Potion","Block Potion"],"campfire_rested":7,"item_purchase_floors":[5,5,12,12,30,30,30],"current_hp_per_floor":[64,64,78,67,67,42,65,59,59,78,70,70,44,21,44,13,62,43,43,41,41,22,45,8,31,31,15,5,28,35,4,29,0],"gold":184,"neow_bonus":"TEN_PERCENT_HP_BONUS","is_prod":false,"is_daily":false,"chose_seed":false,"campfire_upgraded":0,"win_rate":0,"timestamp":1554297762,"path_taken":["M","M","?","?","$","E","R","M","T","R","E","$","?","M","R","BOSS","M","?","M","?","M","R","E","R","T","M","?","R","$","E","R","BOSS"],"build_version":"2019-01-23","purchased_purges":0,"victory":false,"max_hp_per_floor":[78,78,78,78,78,78,78,78,78,78,78,78,78,78,78,78,78,78,78,78,78,78,78,78,78,78,78,78,78,85,85,85,85],"card_choices":[{"not_picked":["Doom and Gloom","Tempest"],"picked":"Ball Lightning","floor":1},{"not_picked":["Consume","Turbo"],"picked":"Chaos","floor":2},{"not_picked":["All For One","Scrape"],"picked":"Core Surge","floor":6},{"not_picked":["Turbo","Beam Cell"],"picked":"Static Discharge","floor":7},{"not_picked":["Compile Driver","Electrodynamics"],"picked":"Storm","floor":8},{"not_picked":["Compile Driver","Rebound"],"picked":"Auto Shields","floor":10},{"not_picked":["Machine Learning","Conserve Battery"],"picked":"Capacitor","floor":11},{"not_picked":["Scrape","Redo"],"picked":"Ball Lightning","floor":14},{"not_picked":["Leap","Conserve Battery"],"picked":"Cold Snap","floor":15},{"not_picked":["Buffer","Core Surge"],"picked":"Electrodynamics","floor":16},{"not_picked":["Ball Lightning","Gash"],"picked":"Loop","floor":17},{"not_picked":["Storm","Ball Lightning"],"picked":"White Noise","floor":17},{"not_picked":["Storm","Sweeping Beam"],"picked":"Force Field","floor":17},{"not_picked":["Turbo","Go for the Eyes"],"picked":"Force Field","floor":17},{"not_picked":["Consume","Gash","Rebound"],"picked":"SKIP","floor":18},{"not_picked":["Gash","Leap","Coolheaded"],"picked":"Ball Lightning","floor":20},{"not_picked":["Go for the Eyes","Consume+1","All For One","Turbo"],"picked":"SKIP","floor":22},{"not_picked":["Ball Lightning","Streamline","Redo"],"picked":"Capacitor","floor":23},{"not_picked":["Coolheaded","Darkness","Tempest"],"picked":"Thunder Strike","floor":24},{"not_picked":["Undo","Go for the Eyes","Lockon"],"picked":"Cold Snap+1","floor":25},{"not_picked":["Double Energy+1","Rebound","Leap+1"],"picked":"Barrage","floor":27},{"not_picked":["Ball Lightning","Sunder+1","Steam Power+1"],"picked":"Biased Cognition","floor":28},{"not_picked":["Hologram+1","Go for the Eyes","Stack+1"],"picked":"Double Energy+1","floor":29},{"not_picked":["Storm","Ball Lightning","Stack+1"],"picked":"White Noise+1","floor":31},{"not_picked":["Leap+1","Stack+1","Rebound"],"picked":"Static Discharge","floor":32}],"player_experience":1156596,"relics_obtained":[{"floor":6,"key":"Dream Catcher"},{"floor":9,"key":"Art of War"},{"floor":11,"key":"Bag of Marbles"},{"floor":24,"key":"Shuriken"},{"floor":26,"key":"Toxic Egg 2"},{"floor":31,"key":"MawBank"}],"event_choices":[{"damage_healed":19,"gold_gain":0,"player_choice":"Healed","damage_taken":0,"max_hp_gain":0,"max_hp_loss":0,"event_name":"The Cleric","floor":3,"gold_loss":35},{"damage_healed":0,"gold_gain":75,"player_choice":"Gather Gold","damage_taken":11,"max_hp_gain":0,"max_hp_loss":0,"event_name":"World of Goop","floor":4,"gold_loss":0},{"damage_healed":0,"gold_gain":0,"player_choice":"Success","damage_taken":26,"relics_obtained":["Old Coin"],"max_hp_gain":0,"max_hp_loss":0,"event_name":"Scrap Ooze","floor":13,"gold_loss":0},{"damage_healed":0,"gold_gain":0,"player_choice":"Opened","damage_taken":0,"relics_obtained":["Question Card"],"max_hp_gain":0,"max_hp_loss":0,"event_name":"The Mausoleum","floor":19,"gold_loss":0,"cards_obtained":["Writhe"]},{"damage_healed":0,"gold_gain":0,"player_choice":"Paid Gold","damage_taken":0,"relics_obtained":["Bag of Preparation"],"max_hp_gain":0,"max_hp_loss":0,"event_name":"WeMeetAgain","floor":21,"gold_loss":82}],"is_beta":false,"boss_relics":[{"not_picked":["Empty Cage","Philosopher\u0027s Stone"],"picked":"Orrery"}],"items_purged_floors":[],"is_endless":false,"potions_floor_spawned":[6,8,14,16,24,27,31],"killed_by":"Champ","ascension_level":18}