{"gold_per_floor":[110,110,123,123,143,143,143,143,143,218,239,570,113,138,138,234,234,252,252,167,167,12,48,48,92,92,92,105,138,138,163,163,256,256,279,279,299,25,25,60,60,73,100,118,134,177,213,239,251,263,275,287,299,16,51,51],"floor_reached":56,"playtime":3529,"items_purged":["Strike_B","Writhe"],"score":2230,"play_id":"d7e15590-4d9d-40a3-9e94-f4767b5db8ee","local_time":"20190219130813","is_ascension_mode":true,"campfire_choices":[{"data":"Zap","floor":6.0,"key":"SMITH"},{"data":"Dualcast","floor":8.0,"key":"SMITH"},{"floor":15.0,"key":"REST"},{"data":"Loop","floor":24.0,"key":"SMITH"},{"data":"Buffer","floor":27.0,"key":"SMITH"},{"data":"Capacitor","floor":30.0,"key":"SMITH"},{"data":"Coolheaded","floor":32.0,"key":"SMITH"},{"data":"Defragment","floor":41.0,"key":"SMITH"},{"floor":49.0,"key":"RECALL"},{"data":"Consume","floor":53.0,"key":"SMITH"}],"neow_cost":"NONE","seed_source_timestamp":440505996670800,"circlet_count":0,"master_deck":["AscendersBane","Defend_B","Defend_B+1","Defend_B+1","Zap+1","Dualcast+1","Coolheaded","White Noise","Rebound","Electrodynamics","Leap","Conserve Battery","Buffer+1","Ball Lightning+1","Bite","Bite","Bite","Bite","Bite","Loop+1","Cold Snap","FTL","Redo+1","Coolheaded+1","Capacitor+1","Turbo","Core Surge","Barrage","Glacier+1","Electrodynamics","Defragment+1","Stack+1","Cold Snap","Rainbow","Coolheaded","Consume+1","Coolheaded"],"special_seed":0,"relics":["Cracked Core","NeowsBlessing","Letter Opener","Golden Idol","Cables","Old Coin","PreservedInsect","War Paint","Nuclear Battery","The Courier","Shuriken","Centennial Puzzle","Bag of Marbles","Bag of Preparation","Ancient Tea Set","Coffee Dripper","Incense Burner","Pear","MawBank","DataDisk","Anchor","Strawberry"],"potions_floor_usage":[],"damage_taken":[{"damage":0.0,"enemies":"2 Louse","floor":1.0,"turns":1.0},{"damage":0.0,"enemies":"Cultist","floor":3.0,"turns":1.0},{"damage":0.0,"enemies":"Small Slimes","floor":5.0,"turns":1.0},{"damage":1.0,"enemies":"2 Fungi Beasts","floor":11.0,"turns":2.0},{"damage":19.0,"enemies":"3 Sentries","floor":12.0,"turns":6.0},{"damage":5.0,"enemies":"Blue Slaver","floor":14.0,"turns":3.0},{"damage":0.0,"enemies":"The Guardian","floor":16.0,"turns":11.0},{"damage":5.0,"enemies":"3 Byrds","floor":18.0,"turns":3.0},{"damage":27.0,"enemies":"Slavers","floor":23.0,"turns":5.0},{"damage":3.0,"enemies":"Gremlin Leader","floor":25.0,"turns":5.0},{"damage":1.0,"enemies":"Shell Parasite","floor":28.0,"turns":5.0},{"damage":4.0,"enemies":"Slavers","floor":29.0,"turns":3.0},{"damage":0.0,"enemies":"3 Cultists","floor":31.0,"turns":3.0},{"damage":57.0,"enemies":"Collector","floor":33.0,"turns":11.0},{"damage":2.0,"enemies":"3 Shapes","floor":35.0,"turns":2.0},{"damage":18.0,"enemies":"3 Darklings","floor":37.0,"turns":8.0},{"damage":0.0,"enemies":"Giant Head","floor":40.0,"turns":7.0},{"damage":20.0,"enemies":"Maw","floor":42.0,"turns":10.0},{"damage":8.0,"enemies":"Transient","floor":44.0,"turns":6.0},{"damage":5.0,"enemies":"Jaw Worm Horde","floor":45.0,"turns":3.0},{"damage":27.0,"enemies":"Nemesis","floor":46.0,"turns":5.0},{"damage":21.0,"enemies":"3 Darklings","floor":47.0,"turns":19.0},{"damage":15.0,"enemies":"Spire Growth","floor":48.0,"turns":6.0},{"damage":11.0,"enemies":"Time Eater","floor":50.0,"turns":16.0},{"damage":103.0,"enemies":"Awakened One","floor":51.0,"turns":39.0},{"damage":0.0,"enemies":"Shield and Spear","floor":55.0,"turns":2.0},{"damage":86,"enemies":"The Heart","floor":56,"turns":11}],"seed_played":"-5391680037689656994","potions_obtained":[{"floor":3.0,"key":"Fruit Juice"},{"floor":12.0,"key":"Energy Potion"},{"floor":14.0,"key":"PowerPotion"},{"floor":23.0,"key":"SpeedPotion"},{"floor":28.0,"key":"PowerPotion"},{"floor":42.0,"key":"Poison Potion"},{"floor":44.0,"key":"AttackPotion"},{"floor":46.0,"key":"SteroidPotion"},{"floor":47.0,"key":"FairyPotion"},{"floor":48.0,"key":"EssenceOfSteel"}],"is_trial":false,"path_per_floor":["M","?","M","T","M","R","?","R","T","?","M","E","$","M","R","B",null,"M","?","?","?","$","E","R","E","T","R","M","E","R","M","R","B",null,"M","?","M","$","?","E","R","M","T","M","M","E","M","M","R","B","B",null,"R","$","E","B"],"character_chosen":"DEFECT","items_purchased":["PreservedInsect","Leap","War Paint","Loop","Cold Snap","Incense Burner","DataDisk","Anchor","SkillPotion"],"campfire_rested":1,"item_purchase_floors":[13,13,13,22,22,38,54,54,54],"current_hp_per_floor":[64,64,69,69,69,69,43,43,43,32,31,12,12,7,29,29,64,59,59,59,53,53,34,34,43,43,43,50,48,48,53,53,18,44,44,44,44,44,44,62,62,47,47,55,58,41,54,47,47,58,24,53,53,53,62,0],"gold":51,"neow_bonus":"THREE_ENEMY_KILL","is_prod":false,"is_daily":false,"chose_seed":false,"campfire_upgraded":8,"win_rate":0,"timestamp":1550549293,"path_taken":["M","?","?","?","M","R","?","R","T","?","M","E","$","M","R","BOSS","M","?","?","?","$","E","R","E","T","R","?","E","R","M","R","BOSS","M","?","M","$","?","E","R","M","T","M","?","E","M","M","R","BOSS","BOSS","R","$","E","BOSS"],"build_version":"2019-01-23","purchased_purges":2,"victory":false,"max_hp_per_floor":[71,71,76,76,76,76,76,76,76,76,76,76,76,76,76,76,76,76,76,76,53,53,53,53,53,53,53,53,53,53,53,53,53,53,53,53,53,53,53,63,63,63,63,63,63,63,63,63,63,63,63,63,63,63,70,70],"card_choices":[{"not_picked":["Barrage","Rip and Tear"],"picked":"Coolheaded","floor":1.0},{"not_picked":["Fusion","Stack","Chaos"],"picked":"SKIP","floor":3.0},{"not_picked":["Darkness","Scrape"],"picked":"White Noise","floor":5.0},{"not_picked":["Reinforced Body","Go for the Eyes"],"picked":"Rebound","floor":11.0},{"not_picked":["FTL","Chaos"],"picked":"Electrodynamics","floor":12.0},{"not_picked":["Reinforced Body","Rebound"],"picked":"Conserve Battery","floor":14.0},{"not_picked":["Electrodynamics","Multi-Cast"],"picked":"Buffer","floor":16.0},{"not_picked":["Heatsinks","Steam Power+1"],"picked":"Ball Lightning+1","floor":18.0},{"not_picked":["Turbo+1","Doom and Gloom"],"picked":"FTL","floor":23.0},{"not_picked":["Hello World","Melter"],"picked":"Redo+1","floor":25.0},{"not_picked":["Go for the Eyes+1","Beam Cell+1"],"picked":"Coolheaded","floor":28.0},{"not_picked":["Streamline","Hello World"],"picked":"Capacitor","floor":29.0},{"not_picked":["Hologram","Stack","Turbo"],"picked":"SKIP","floor":31.0},{"not_picked":["Hologram","Stack"],"picked":"Turbo","floor":31.0},{"not_picked":["Reboot","Echo Form"],"picked":"Core Surge","floor":33.0},{"not_picked":["Gash","Sweeping Beam"],"picked":"Barrage","floor":35.0},{"not_picked":["Heatsinks+1","Coolheaded"],"picked":"Glacier+1","floor":37.0},{"not_picked":["Machine Learning","Hologram+1"],"picked":"Defragment","floor":40.0},{"not_picked":["Gash","Turbo+1","Stack+1"],"picked":"SKIP","floor":42.0},{"not_picked":["Gash","Turbo+1"],"picked":"Stack+1","floor":42.0},{"not_picked":["Force Field+1","Storm"],"picked":"Cold Snap","floor":44.0},{"not_picked":["Beam Cell","Leap","Steam"],"picked":"SKIP","floor":45.0},{"not_picked":["Conserve Battery","Redo"],"picked":"Rainbow","floor":46.0},{"not_picked":["Fusion","Cold Snap+1"],"picked":"Coolheaded","floor":47.0},{"not_picked":["Steam","Barrage"],"picked":"Consume","floor":48.0},{"not_picked":["Scrape","Hologram"],"picked":"Coolheaded","floor":55.0}],"player_experience":1631047,"relics_obtained":[{"floor":4.0,"key":"Letter Opener"},{"floor":9.0,"key":"Cables"},{"floor":12.0,"key":"Old Coin"},{"floor":23.0,"key":"Centennial Puzzle"},{"floor":25.0,"key":"Bag of Marbles"},{"floor":26.0,"key":"Bag of Preparation"},{"floor":29.0,"key":"Ancient Tea Set"},{"floor":40.0,"key":"Pear"},{"floor":46.0,"key":"MawBank"},{"floor":55.0,"key":"Strawberry"}],"event_choices":[{"cards_removed":["Defend_B"],"damage_healed":0.0,"max_hp_gain":0.0,"max_hp_loss":0.0,"gold_gain":0.0,"event_name":"Bonfire Elementals","player_choice":"Offered Basic","floor":2.0,"gold_loss":0.0,"damage_taken":0.0},{"damage_healed":0.0,"max_hp_gain":0.0,"max_hp_loss":0.0,"gold_gain":0.0,"event_name":"Golden Idol","player_choice":"Take Damage","floor":7.0,"gold_loss":0.0,"damage_taken":26.0,"relics_obtained":["Golden Idol"]},{"damage_healed":0.0,"max_hp_gain":0.0,"max_hp_loss":0.0,"gold_gain":75.0,"event_name":"World of Goop","player_choice":"Gather Gold","floor":10.0,"gold_loss":0.0,"damage_taken":11.0},{"damage_healed":0.0,"max_hp_gain":0.0,"max_hp_loss":0.0,"gold_gain":0.0,"event_name":"The Mausoleum","player_choice":"Opened","floor":19.0,"gold_loss":0.0,"damage_taken":0.0,"relics_obtained":["The Courier"],"cards_obtained":["Writhe"]},{"damage_healed":0.0,"max_hp_gain":0.0,"max_hp_loss":0.0,"gold_gain":0.0,"event_name":"Addict","player_choice":"Obtained Relic","floor":20.0,"gold_loss":85.0,"damage_taken":0.0,"relics_obtained":["Shuriken"]},{"damage_healed":0.0,"max_hp_gain":0.0,"max_hp_loss":23.0,"gold_gain":0.0,"event_name":"Vampires","player_choice":"Became a vampire","floor":21.0,"gold_loss":0.0,"damage_taken":0.0,"cards_obtained":["Bite","Bite","Bite","Bite","Bite"]},{"damage_healed":0.0,"max_hp_gain":0.0,"max_hp_loss":0.0,"gold_gain":0.0,"event_name":"Tomb of Lord Red Mask","player_choice":"Ignored","floor":36.0,"gold_loss":0.0,"damage_taken":0.0},{"damage_healed":0.0,"max_hp_gain":0.0,"max_hp_loss":0.0,"gold_gain":0.0,"event_name":"Match and Keep!","player_choice":"1 cards matched","floor":39.0,"gold_loss":0.0,"damage_taken":0.0,"cards_obtained":["Electrodynamics"]}],"is_beta":false,"boss_relics":[{"not_picked":["Lizard Tail","Ectoplasm"],"picked":"Nuclear Battery"},{"not_picked":["Tiny House","Busted Crown"],"picked":"Coffee Dripper"}],"items_purged_floors":[13,22],"is_endless":false,"potions_floor_spawned":[3,12,14,23,25,28,31,42,44,46,47,48],"killed_by":"The Heart","ascension_level":20}