{"gold_per_floor":[113,124,124,141,141,184,184,224,224,267,247,247,263,284,284,373,373,396,450,450,469,79,79,95,95,95,95,95,135,48,86,86,181,181,202,222,278,301,324,360,360,400,400,400,424,424,448,182,182,182],"floor_reached":51,"playtime":3728,"items_purged":["Strike_B","Parasite"],"score":1488,"play_id":"51aa9bec-0207-4134-9ced-33fc0b6761d3","local_time":"20190124135623","is_ascension_mode":true,"campfire_choices":[{"data":"Zap","floor":7.0,"key":"SMITH"},{"floor":12.0,"key":"REST"},{"data":"Chill","floor":15.0,"key":"SMITH"},{"data":"Defragment","floor":23.0,"key":"SMITH"},{"data":"Buffer","floor":25.0,"key":"SMITH"},{"data":"Ghostly","floor":27.0,"key":"SMITH"},{"data":"Ghostly","floor":32.0,"key":"SMITH"},{"data":"Hologram","floor":41.0,"key":"SMITH"},{"floor":46,"key":"REST"},{"floor":49,"key":"REST"}],"neow_cost":"NONE","seed_source_timestamp":0,"circlet_count":0,"master_deck":["AscendersBane","Strike_B+1","Defend_B","Defend_B","Defend_B","Defend_B","Zap+1","Dualcast","Ball Lightning","Ball Lightning","Leap","Sweeping Beam+1","Chill+1","Buffer+1","Compile Driver+1","Ghostly","Ghostly+1","Ghostly+1","Defragment+1","Reinforced Body","Cold Snap+1","RitualDagger","Hologram+1","Glacier","Electrodynamics","Self Repair","Steam+1","Consume+1","Parasite","Core Surge","Undo","Hologram+1"],"special_seed":0,"relics":["Cracked Core","NeowsBlessing","Golden Idol","Ornamental Fan","Dodecahedron","Pantograph","Boot","Velvet Choker","Whetstone","Runic Capacitor","Torii","Bottled Flame","Oddly Smooth Stone","Empty Cage","Gambling Chip","Dead Branch","Bottled Lightning","Pear","Bronze Scales"],"potions_floor_usage":[42,50,50],"damage_taken":[{"damage":0.0,"enemies":"Jaw Worm","floor":1.0,"turns":1.0},{"damage":0.0,"enemies":"Small Slimes","floor":2.0,"turns":1.0},{"damage":0.0,"enemies":"Cultist","floor":4.0,"turns":1.0},{"damage":23.0,"enemies":"Gremlin Nob","floor":6.0,"turns":4.0},{"damage":26.0,"enemies":"Lagavulin","floor":8.0,"turns":6.0},{"damage":4.0,"enemies":"Gremlin Nob","floor":10.0,"turns":3.0},{"damage":0.0,"enemies":"Large Slime","floor":13.0,"turns":4.0},{"damage":0.0,"enemies":"3 Louse","floor":14.0,"turns":3.0},{"damage":62.0,"enemies":"Slime Boss","floor":16.0,"turns":13.0},{"damage":26.0,"enemies":"Shell Parasite","floor":18.0,"turns":6.0},{"damage":0.0,"enemies":"3 Byrds","floor":21.0,"turns":4.0},{"damage":0.0,"enemies":"Snecko","floor":24.0,"turns":5.0},{"damage":14.0,"enemies":"Slavers","floor":29.0,"turns":7.0},{"damage":2.0,"enemies":"Book of Stabbing","floor":31.0,"turns":6.0},{"damage":18.0,"enemies":"Automaton","floor":33.0,"turns":11.0},{"damage":4.0,"enemies":"3 Shapes","floor":35.0,"turns":5.0},{"damage":1.0,"enemies":"Orb Walker","floor":36.0,"turns":5.0},{"damage":0.0,"enemies":"2 Orb Walkers","floor":37.0,"turns":5.0},{"damage":1.0,"enemies":"Writhing Mass","floor":38.0,"turns":6.0},{"damage":1.0,"enemies":"Sphere and 2 Shapes","floor":39.0,"turns":5.0},{"damage":1.0,"enemies":"Nemesis","floor":40.0,"turns":8.0},{"damage":35,"enemies":"Giant Head","floor":42,"turns":10},{"damage":11,"enemies":"Spire Growth","floor":45,"turns":6},{"damage":12,"enemies":"Writhing Mass","floor":47,"turns":6},{"damage":0,"enemies":"Awakened One","floor":50,"turns":17}],"seed_played":"7415959647416029896","potions_obtained":[{"floor":4.0,"key":"Block Potion"},{"floor":8.0,"key":"Poison Potion"},{"floor":10.0,"key":"SneckoOil"},{"floor":11.0,"key":"Fruit Juice"},{"floor":14.0,"key":"Swift Potion"},{"floor":21.0,"key":"AttackPotion"},{"floor":24.0,"key":"Energy Potion"},{"floor":29.0,"key":"SteroidPotion"},{"floor":33.0,"key":"SkillPotion"},{"floor":38.0,"key":"GamblersBrew"},{"floor":40.0,"key":"SpeedPotion"},{"floor":47,"key":"EssenceOfSteel"}],"is_trial":false,"path_per_floor":["?","?","?","T","?","?",null,"M","M","?","M","M","E","R","E","T","?","M","R","M","$","R","B",null],"character_chosen":"DEFECT","items_purchased":["Runic Capacitor","Reinforced Body","Glacier","Bronze Scales"],"campfire_rested":3,"item_purchase_floors":[22,22,30,48],"current_hp_per_floor":[64,64,69,69,69,46,46,20,20,16,21,43,43,43,43,6,57,31,31,31,31,31,31,31,31,31,31,25,11,11,9,9,16,32,28,34,37,37,36,37,37,9,19,19,15,29,17,17,30,44],"gold":182,"neow_bonus":"THREE_ENEMY_KILL","is_prod":false,"is_daily":false,"chose_seed":false,"campfire_upgraded":7,"win_rate":0,"timestamp":1548309383,"path_taken":["M","M","?","M","?","E","R","E","T","E","?","R","M","M","R","BOSS","M","?","?","M","$","R","M","R","T","R","?","E","$","E","R","BOSS","M","M","?","M","M","E","R","E","T","?","M","R","M","$","R","BOSS"],"build_version":"2019-01-23","purchased_purges":2,"victory":true,"max_hp_per_floor":[71,71,76,76,69,69,69,69,69,69,74,74,74,74,74,74,74,74,74,37,37,37,37,37,37,37,37,37,37,37,37,37,37,37,37,37,37,37,37,37,37,37,47,47,47,47,47,44,44,44],"card_choices":[{"not_picked":["Redo","Skim"],"picked":"Ball Lightning","floor":1.0},{"not_picked":["Storm","Redo"],"picked":"Ball Lightning","floor":2.0},{"not_picked":["Sweeping Beam","Static Discharge"],"picked":"Leap","floor":4.0},{"not_picked":["Barrage","Compile Driver","White Noise"],"picked":"SKIP","floor":6.0},{"not_picked":["Amplify","Stack","Melter"],"picked":"SKIP","floor":8.0},{"not_picked":["Ball Lightning","Reboot","Gash"],"picked":"SKIP","floor":10.0},{"not_picked":["Stack","Turbo"],"picked":"Sweeping Beam","floor":13.0},{"not_picked":["Aggregate","Compile Driver"],"picked":"Chill","floor":14.0},{"not_picked":["Rainbow","Creative AI"],"picked":"Buffer","floor":16.0},{"not_picked":["Hello World","Steam"],"picked":"Compile Driver+1","floor":18.0},{"not_picked":["Reinforced Body","Self Repair"],"picked":"Defragment","floor":21.0},{"not_picked":["Auto Shields","Self Repair"],"picked":"Cold Snap+1","floor":24.0},{"not_picked":["Coolheaded","Compile Driver"],"picked":"Hologram","floor":29.0},{"not_picked":["Coolheaded","Hologram","Static Discharge"],"picked":"SKIP","floor":31.0},{"not_picked":["Creative AI","Multi-Cast"],"picked":"Electrodynamics","floor":33.0},{"not_picked":["Ball Lightning","Sunder"],"picked":"Self Repair","floor":35.0},{"not_picked":["Gash+1","Self Repair"],"picked":"Steam+1","floor":36.0},{"not_picked":["Lockon","Loop"],"picked":"Consume+1","floor":37.0},{"not_picked":["Rebound","Self Repair"],"picked":"Core Surge","floor":38.0},{"not_picked":["Fusion+1","Go for the Eyes","Recycle"],"picked":"SKIP","floor":39.0},{"not_picked":["Lockon+1","Rip and Tear","Steam"],"picked":"SKIP","floor":40.0},{"not_picked":["Redo","Darkness","Aggregate"],"picked":"SKIP","floor":42},{"not_picked":["Sweeping Beam","Leap"],"picked":"Undo","floor":45},{"not_picked":["Doom and Gloom","Darkness"],"picked":"Hologram+1","floor":47}],"player_experience":723998,"relics_obtained":[{"floor":6.0,"key":"Ornamental Fan"},{"floor":8.0,"key":"Dodecahedron"},{"floor":9.0,"key":"Pantograph"},{"floor":10.0,"key":"Boot"},{"floor":19.0,"key":"Whetstone"},{"floor":26.0,"key":"Torii"},{"floor":29.0,"key":"Bottled Flame"},{"floor":31.0,"key":"Oddly Smooth Stone"},{"floor":37.0,"key":"Gambling Chip"},{"floor":40.0,"key":"Dead Branch"},{"floor":42,"key":"Bottled Lightning"},{"floor":43,"key":"Pear"}],"event_choices":[{"damage_healed":0.0,"max_hp_gain":5.0,"max_hp_loss":0.0,"gold_gain":0.0,"event_name":"Big Fish","player_choice":"Donut","floor":3.0,"gold_loss":0.0,"damage_taken":0.0},{"damage_healed":0.0,"max_hp_gain":0.0,"max_hp_loss":7.0,"gold_gain":0.0,"event_name":"Golden Idol","player_choice":"Lose Max HP","floor":5.0,"gold_loss":0.0,"damage_taken":0.0,"relics_obtained":["Golden Idol"]},{"damage_healed":0.0,"max_hp_gain":0.0,"max_hp_loss":0.0,"gold_gain":0.0,"event_name":"The Woman in Blue","player_choice":"Bought 1 Potion","floor":11.0,"gold_loss":0.0,"damage_taken":0.0},{"damage_healed":0.0,"max_hp_gain":0.0,"max_hp_loss":37.0,"gold_gain":0.0,"event_name":"Ghosts","player_choice":"Became a Ghost","floor":20.0,"gold_loss":0.0,"damage_taken":0.0,"cards_obtained":["Ghostly","Ghostly","Ghostly"]},{"damage_healed":0.0,"max_hp_gain":0.0,"max_hp_loss":0.0,"gold_gain":0.0,"event_name":"Nest","player_choice":"Joined the Cult","floor":28.0,"gold_loss":0.0,"damage_taken":6.0,"cards_obtained":["RitualDagger"]},{"damage_healed":0.0,"max_hp_gain":0.0,"max_hp_loss":0.0,"gold_gain":0.0,"event_name":"Mysterious Sphere","player_choice":"Fight","floor":37.0,"gold_loss":0.0,"damage_taken":0.0},{"damage_healed":0,"gold_gain":0,"player_choice":"Ignored","damage_taken":0,"max_hp_gain":0,"max_hp_loss":0,"event_name":"Tomb of Lord Red Mask","floor":44,"gold_loss":0}],"is_beta":true,"boss_relics":[{"not_picked":["Pandora\u0027s Box","White Beast Statue"],"picked":"Velvet Choker"},{"not_picked":["Cursed Key","Runic Dome"],"picked":"Empty Cage"}],"items_purged_floors":[22,48],"is_endless":false,"potions_floor_spawned":[4,8,10,14,21,24,29,33,36,38,39,40,47],"ascension_level":19}