{"gold_per_floor":[368,30,44,44,44,44,77,77,77,77,88,98,131,144,144,248,248,262,177,177,193,206,206,240,240,240,4,19,37,364,377,377,475,475,494,494,509,18,18,18,35,62,62,62,72,104,34,48,48,48,48,48,48,81,81],"floor_reached":56,"playtime":6676,"items_purged":["Strike_G","Strike_G","Strike_G"],"score":1565,"play_id":"6dbf1dc4-af02-42c0-9365-cc9dec4693af","local_time":"20190323220407","is_ascension_mode":true,"campfire_choices":[{"data":"Noxious Fumes","floor":6.0,"key":"SMITH"},{"floor":8.0,"key":"REST"},{"data":"Neutralize","floor":10.0,"key":"SMITH"},{"floor":15.0,"key":"REST"},{"data":"After Image","floor":23.0,"key":"SMITH"},{"data":"Catalyst","floor":25.0,"key":"SMITH"},{"floor":32,"key":"REST"},{"floor":40,"key":"RECALL"},{"floor":49,"key":"DIG"},{"data":"Wraith Form v2","floor":52,"key":"SMITH"}],"neow_cost":"PERCENT_DAMAGE","seed_source_timestamp":0,"circlet_count":0,"master_deck":["Defend_G","Defend_G","Defend_G","Defend_G","Defend_G","Strike_G+1","Survivor","Neutralize+1","Cloak And Dagger","Noxious Fumes+1","Escape Plan+1","Backflip","Dagger Spray","Blur","Catalyst+1","Bouncing Flask","After Image+1","Leg Sweep","Acrobatics+1","Infinite Blades","Catalyst+1","Wraith Form v2+1","PiercingWail","After Image","Dodge and Roll","Crippling Poison+1","Good Instincts","Deep Breath","Footwork+1","Finesse","Burst"],"special_seed":0,"relics":["Ring of the Snake","TwistedFunnel","Mummified Hand","Letter Opener","Oddly Smooth Stone","Sozu","Ninja Scroll","The Courier","Gremlin Horn","DollysMirror","Old Coin","Lizard Tail","TheAbacus","Ornamental Fan","Anchor","Frozen Egg 2","Shovel","StoneCalendar","Tough Bandages"],"potions_floor_usage":[],"damage_taken":[{"damage":1.0,"enemies":"Jaw Worm","floor":1.0,"turns":5.0},{"damage":0.0,"enemies":"2 Louse","floor":3.0,"turns":2.0},{"damage":18.0,"enemies":"3 Sentries","floor":7.0,"turns":7.0},{"damage":0.0,"enemies":"Cultist","floor":11.0,"turns":3.0},{"damage":0.0,"enemies":"2 Fungi Beasts","floor":12.0,"turns":3.0},{"damage":18.0,"enemies":"Lagavulin","floor":13.0,"turns":7.0},{"damage":0.0,"enemies":"Large Slime","floor":14.0,"turns":5.0},{"damage":22.0,"enemies":"Slime Boss","floor":16.0,"turns":9.0},{"damage":0.0,"enemies":"3 Byrds","floor":18.0,"turns":4.0},{"damage":7.0,"enemies":"Spheric Guardian","floor":21.0,"turns":5.0},{"damage":1.0,"enemies":"Snake Plant","floor":22.0,"turns":3.0},{"damage":2.0,"enemies":"Book of Stabbing","floor":24.0,"turns":7.0},{"damage":10.0,"enemies":"Snecko","floor":28.0,"turns":3.0},{"damage":0.0,"enemies":"Centurion and Healer","floor":29.0,"turns":5.0},{"damage":9.0,"enemies":"Slavers","floor":30.0,"turns":4.0},{"damage":0.0,"enemies":"Cultist and Chosen","floor":31.0,"turns":6.0},{"damage":0,"enemies":"Champ","floor":33,"turns":6},{"damage":0,"enemies":"Orb Walker","floor":35,"turns":3},{"damage":0,"enemies":"3 Shapes","floor":37,"turns":3},{"damage":0,"enemies":"Jaw Worm Horde","floor":41,"turns":5},{"damage":0,"enemies":"Giant Head","floor":42,"turns":7},{"damage":0,"enemies":"Writhing Mass","floor":45,"turns":4},{"damage":10,"enemies":"Reptomancer","floor":46,"turns":6},{"damage":0,"enemies":"4 Shapes","floor":48,"turns":4},{"damage":20,"enemies":"Time Eater","floor":50,"turns":7},{"damage":13,"enemies":"Shield and Spear","floor":54,"turns":7},{"damage":43,"enemies":"The Heart","floor":55,"turns":8}],"seed_played":"2288424196599562110","potions_obtained":[{"floor":11.0,"key":"EntropicBrew"},{"floor":16.0,"key":"Poison Potion"}],"is_trial":false,"path_per_floor":["M","$","M","?","?","R","E","R","T","R","M","M","E","M","R","B",null,"M","?","T","M","M","R","E","R","T","$","M","M","E","M","R","B",null,"M","?","M","$","?","R","M","E","T","?","M","E","$","M","R","B",null,"R","$","E","B",null],"character_chosen":"THE_SILENT","items_purchased":["Noxious Fumes","TwistedFunnel","DollysMirror","TheAbacus","Ornamental Fan","Dodge and Roll","Finesse"],"campfire_rested":3,"item_purchase_floors":[2,2,27,38,38,38,47],"current_hp_per_floor":[48,48,48,34,34,34,16,37,37,37,37,37,19,19,40,18,57,57,57,57,50,49,49,47,47,47,47,37,37,28,28,49,49,65,65,65,65,65,65,65,65,65,65,55,55,45,45,45,45,25,59,59,59,46,3],"gold":81,"neow_bonus":"TWO_FIFTY_GOLD","is_prod":false,"is_daily":false,"chose_seed":false,"campfire_upgraded":5,"win_rate":0,"timestamp":1553393047,"path_taken":["M","$","M","?","?","R","E","R","T","R","M","M","E","M","R","BOSS","M","?","?","?","M","R","E","R","T","$","M","M","E","M","R","BOSS","M","?","M","$","?","R","M","E","T","?","M","E","$","M","R","BOSS","R","$","E","BOSS"],"build_version":"2019-01-23","purchased_purges":3,"victory":true,"max_hp_per_floor":[70,70,70,70,70,70,70,70,70,70,70,70,70,70,70,70,70,70,70,70,70,70,70,70,70,70,70,70,70,70,70,70,70,70,70,70,70,70,70,70,70,70,70,70,70,70,70,70,70,70,70,70,70,70,70],"card_choices":[{"not_picked":["Slice","Prepared"],"picked":"Cloak And Dagger","floor":1.0},{"not_picked":["Bane","Acrobatics"],"picked":"Escape Plan","floor":3.0},{"not_picked":["Endless Agony","Slice"],"picked":"Backflip","floor":7.0},{"not_picked":["Night Terror","Heel Hook"],"picked":"Dagger Spray","floor":11.0},{"not_picked":["Endless Agony","Terror"],"picked":"Blur","floor":12.0},{"not_picked":["Dodge and Roll","Expertise"],"picked":"Catalyst","floor":13.0},{"not_picked":["Dagger Spray","Phantasmal Killer"],"picked":"Bouncing Flask","floor":14.0},{"not_picked":["Grand Finale","Glass Knife"],"picked":"After Image","floor":16.0},{"not_picked":["Blade Dance","Quick Slash+1"],"picked":"Leg Sweep","floor":18.0},{"not_picked":["Blade Dance","Underhanded Strike"],"picked":"Acrobatics+1","floor":21.0},{"not_picked":["Dagger Spray+1","Bane","Underhanded Strike+1"],"picked":"SKIP","floor":22.0},{"not_picked":["Dagger Spray","Bane"],"picked":"Infinite Blades","floor":24.0},{"not_picked":["Underhanded Strike","Flechettes"],"picked":"Wraith Form v2","floor":28.0},{"not_picked":["Concentrate","Accuracy","Escape Plan"],"picked":"SKIP","floor":29.0},{"not_picked":["Distraction","Accuracy","Underhanded Strike"],"picked":"SKIP","floor":30.0},{"not_picked":["Flying Knee","Distraction"],"picked":"PiercingWail","floor":31},{"not_picked":["Grand Finale","Envenom"],"picked":"After Image","floor":33},{"not_picked":["Flying Knee+1","Setup+1","Slice+1"],"picked":"SKIP","floor":35},{"not_picked":["Escape Plan+1","Prepared+1","Quick Slash+1"],"picked":"SKIP","floor":37},{"not_picked":["Venomology","Quick Slash+1","Slice"],"picked":"SKIP","floor":41},{"not_picked":["Blade Dance+1","Prepared+1"],"picked":"Crippling Poison+1","floor":42},{"not_picked":["Finesse","Apotheosis"],"picked":"Good Instincts","floor":44},{"not_picked":["Blind","Panacea"],"picked":"Deep Breath","floor":44},{"not_picked":["Finisher+1","Setup+1","Flying Knee"],"picked":"SKIP","floor":45},{"not_picked":["Skewer","Sucker Punch+1"],"picked":"Footwork+1","floor":46},{"not_picked":["Bouncing Flask","Prepared","Eviscerate+1"],"picked":"SKIP","floor":48},{"not_picked":["Infinite Blades+1","Flechettes+1"],"picked":"Burst","floor":54}],"player_experience":213491,"relics_obtained":[{"floor":7.0,"key":"Mummified Hand"},{"floor":9.0,"key":"Letter Opener"},{"floor":13.0,"key":"Oddly Smooth Stone"},{"floor":24.0,"key":"The Courier"},{"floor":26.0,"key":"Gremlin Horn"},{"floor":30.0,"key":"Old Coin"},{"floor":42,"key":"Anchor"},{"floor":43,"key":"Frozen Egg 2"},{"floor":46,"key":"Shovel"},{"floor":49,"key":"StoneCalendar"},{"floor":54,"key":"Tough Bandages"}],"event_choices":[{"damage_healed":0.0,"max_hp_gain":0.0,"max_hp_loss":0.0,"gold_gain":0.0,"event_name":"Shining Light","player_choice":"Entered Light","floor":4.0,"gold_loss":0.0,"damage_taken":14.0,"cards_upgraded":["Strike_G","Escape Plan"]},{"damage_healed":0.0,"max_hp_gain":0.0,"max_hp_loss":0.0,"gold_gain":0.0,"event_name":"Liars Game","player_choice":"Ignored","floor":5.0,"gold_loss":0.0,"damage_taken":0.0},{"damage_healed":0.0,"max_hp_gain":0.0,"max_hp_loss":0.0,"gold_gain":0.0,"event_name":"Addict","player_choice":"Obtained Relic","floor":19.0,"gold_loss":85.0,"damage_taken":0.0,"relics_obtained":["Ninja Scroll"]},{"damage_healed":0,"gold_gain":0,"player_choice":"Ignored","damage_taken":0,"max_hp_gain":0,"max_hp_loss":0,"event_name":"Tomb of Lord Red Mask","floor":36,"gold_loss":0},{"cards_removed":["Strike_G"],"damage_healed":0,"gold_gain":0,"player_choice":"Removed Attack","damage_taken":0,"max_hp_gain":0,"max_hp_loss":0,"event_name":"Falling","floor":39,"gold_loss":0},{"damage_healed":0,"gold_gain":0,"player_choice":"Memory 3","damage_taken":10,"max_hp_gain":0,"max_hp_loss":0,"event_name":"SensoryStone","floor":44,"gold_loss":0}],"is_beta":false,"boss_relics":[{"not_picked":["Philosopher\u0027s Stone","Fusion Hammer"],"picked":"Sozu"},{"not_picked":["HoveringKite","Orrery"],"picked":"Lizard Tail"}],"items_purged_floors":[2,27,38],"is_endless":false,"potions_floor_spawned":[11,16,18,22,24,29,30,31,35,37,41],"ascension_level":5}