{"gold_per_floor":[215,78,92,92,103,103,29,62,86,115,115,130,130,146,146,220,220,194,194,211,48,58,58,58,70,125,36,48,48,48],"floor_reached":30,"playtime":1960,"items_purged":[],"score":456,"play_id":"6e81ef76-011b-40cc-bcd1-03a464568a44","local_time":"20190321211512","is_ascension_mode":true,"campfire_choices":[{"data":"Bandage Up","floor":6.0,"key":"SMITH"},{"floor":11.0,"key":"REST"},{"floor":15,"key":"REST"},{"floor":23,"key":"REST"}],"neow_cost":"NONE","seed_source_timestamp":629052115567524,"circlet_count":0,"master_deck":["AscendersBane","Strike_B","Strike_B","Strike_B","Strike_B","Defend_B","Defend_B","Defend_B","Zap+1","Dualcast+1","Melter+1","Self Repair","Bandage Up+1","Ball Lightning","Leap","Sunder","Double Energy","Electrodynamics","Redo","Cold Snap+1","Buffer","Cold Snap","Conserve Battery","Loop","Compile Driver","Ball Lightning","Gash","Rainbow","Biased Cognition","Chaos+1","Ball Lightning","Self Repair","Static Discharge"],"special_seed":0,"relics":["Cracked Core","Happy Flower","Strawberry","War Paint","Orrery","Whetstone"],"potions_floor_usage":[18,22,28],"damage_taken":[{"damage":9.0,"enemies":"Jaw Worm","floor":1.0,"turns":4.0},{"damage":7.0,"enemies":"Small Slimes","floor":3.0,"turns":3.0},{"damage":1.0,"enemies":"Cultist","floor":5.0,"turns":3.0},{"damage":39.0,"enemies":"Gremlin Nob","floor":8.0,"turns":4.0},{"damage":14.0,"enemies":"3 Sentries","floor":10.0,"turns":8.0},{"damage":0,"enemies":"3 Louse","floor":12,"turns":2},{"damage":12,"enemies":"Exordium Thugs","floor":14,"turns":3},{"damage":68,"enemies":"Hexaghost","floor":16,"turns":11},{"damage":25,"enemies":"2 Thieves","floor":18,"turns":4},{"damage":22,"enemies":"Chosen","floor":20,"turns":4},{"damage":6,"enemies":"Centurion and Healer","floor":22,"turns":6},{"damage":24,"enemies":"Snecko","floor":25,"turns":5},{"damage":36,"enemies":"Snake Plant","floor":28,"turns":4},{"damage":31,"enemies":"Centurion and Healer","floor":30,"turns":6}],"seed_played":"3850421951613956331","potions_obtained":[{"floor":3.0,"key":"LiquidBronze"},{"floor":8.0,"key":"SkillPotion"},{"floor":16,"key":"SkillPotion"},{"floor":18,"key":"Energy Potion"}],"is_trial":false,"path_per_floor":["M","$","M","?","M","R","$","E","T","E","R","M","?","M","R","B",null,"M","?","M","$","M","R","$","M","T","$","M","$","M"],"character_chosen":"DEFECT","items_purchased":["Self Repair","Bandage Up","Sunder","Biased Cognition","Self Repair"],"campfire_rested":3,"item_purchase_floors":[2,2,7,21,27],"current_hp_per_floor":[55,55,59,48,58,58,58,26,33,32,55,55,55,49,72,17,63,45,45,36,36,43,66,66,49,49,49,20,20,0],"gold":48,"neow_bonus":"HUNDRED_GOLD","is_prod":false,"is_daily":false,"chose_seed":false,"campfire_upgraded":1,"win_rate":0,"timestamp":1553195712,"path_taken":["M","$","M","?","M","R","$","E","T","E","R","M","?","M","R","BOSS","M","?","M","$","M","R","?","M","T","$","M","$","M"],"build_version":"2019-01-23","purchased_purges":0,"victory":false,"max_hp_per_floor":[71,71,71,71,71,71,71,71,78,78,78,78,78,78,78,78,78,78,78,78,78,78,78,78,78,78,78,78,78,78],"card_choices":[{"not_picked":["Turbo","Hologram"],"picked":"Melter","floor":1.0},{"not_picked":["Streamline","Gash"],"picked":"Ball Lightning","floor":3.0},{"not_picked":["Blizzard","Gash"],"picked":"Leap","floor":5.0},{"not_picked":["Go for the Eyes","Skim"],"picked":"Double Energy","floor":8.0},{"not_picked":["Compile Driver","Meteor Strike"],"picked":"Electrodynamics","floor":10.0},{"not_picked":["Streamline","Rebound"],"picked":"Redo","floor":12},{"not_picked":["BootSequence","Chaos"],"picked":"Cold Snap","floor":14},{"not_picked":["Hyperbeam","Reboot"],"picked":"Buffer","floor":16},{"not_picked":["Sweeping Beam","Streamline"],"picked":"Cold Snap","floor":17},{"not_picked":["Compile Driver","Leap"],"picked":"Conserve Battery","floor":17},{"not_picked":["Auto Shields","Steam Power"],"picked":"Loop","floor":17},{"not_picked":["Tempest","Sweeping Beam"],"picked":"Compile Driver","floor":17},{"not_picked":["Scrape","Streamline"],"picked":"Ball Lightning","floor":18},{"not_picked":["Go for the Eyes","Leap"],"picked":"Rainbow","floor":20},{"not_picked":["Genetic Algorithm","Leap"],"picked":"Chaos+1","floor":22},{"not_picked":["Go for the Eyes","Rip and Tear"],"picked":"Ball Lightning","floor":25},{"not_picked":["Barrage","Go for the Eyes"],"picked":"Static Discharge","floor":28}],"player_experience":1123407,"relics_obtained":[{"floor":8.0,"key":"Happy Flower"},{"floor":9.0,"key":"Strawberry"},{"floor":10.0,"key":"War Paint"},{"floor":26,"key":"Whetstone"}],"event_choices":[{"damage_healed":0.0,"max_hp_gain":0.0,"max_hp_loss":0.0,"gold_gain":0.0,"event_name":"Scrap Ooze","player_choice":"Fled","floor":4.0,"gold_loss":0.0,"damage_taken":11.0},{"damage_healed":0,"gold_gain":0,"player_choice":"Ignored","damage_taken":0,"max_hp_gain":0,"max_hp_loss":0,"event_name":"Shining Light","floor":13,"gold_loss":0},{"damage_healed":0,"gold_gain":0,"cards_transformed":["Defend_B"],"player_choice":"Transformed","damage_taken":0,"max_hp_gain":0,"max_hp_loss":0,"event_name":"Transmorgrifier","floor":19,"gold_loss":0,"cards_obtained":["Gash"]}],"is_beta":false,"boss_relics":[{"not_picked":["Coffee Dripper","Busted Crown"],"picked":"Orrery"}],"items_purged_floors":[],"is_endless":false,"potions_floor_spawned":[3,8,16,18],"killed_by":"Centurion and Healer","ascension_level":18}