{"gold_per_floor":[209,9,19,36,46,107,107,133,133,147,147],"floor_reached":11,"playtime":484,"items_purged":[],"score":170,"play_id":"cbbf9c2b-3ef7-42fe-a993-69174bc6ba4f","local_time":"20190223134657","is_ascension_mode":true,"campfire_choices":[{"data":"Defragment","floor":7,"key":"SMITH"}],"neow_cost":"NONE","seed_source_timestamp":266129467568500,"circlet_count":0,"master_deck":["AscendersBane","Strike_B","Strike_B","Strike_B","Strike_B","Defend_B","Defend_B","Defend_B","Defend_B","Zap","Dualcast","Defragment+1","Coolheaded","Core Surge","BootSequence","Lockon"],"relics":["Cracked Core","DataDisk","Tiny Chest","Meat on the Bone","Peace Pipe"],"potions_floor_usage":[5,8,11],"damage_taken":[{"damage":1,"enemies":"Cultist","floor":1,"turns":3},{"damage":0,"enemies":"Small Slimes","floor":3,"turns":2},{"damage":9,"enemies":"2 Louse","floor":4,"turns":3},{"damage":11,"enemies":"Gremlin Gang","floor":5,"turns":4},{"damage":12,"enemies":"Lagavulin","floor":6,"turns":8},{"damage":20,"enemies":"3 Sentries","floor":8,"turns":10},{"damage":1,"enemies":"Lots of Slimes","floor":10,"turns":5},{"damage":21,"enemies":"Gremlin Nob","floor":11,"turns":4}],"seed_played":"-6324520370316361135","potions_obtained":[{"floor":3,"key":"SpeedPotion"},{"floor":4,"key":"Block Potion"},{"floor":8,"key":"SpeedPotion"}],"is_trial":false,"path_per_floor":["M","$","M","M","M","E","R","E","T","M","E"],"character_chosen":"DEFECT","items_purchased":["DataDisk","Defragment"],"campfire_rested":0,"item_purchase_floors":[2,2],"current_hp_per_floor":[63,63,63,54,43,31,31,11,11,22,1],"gold":147,"neow_bonus":"HUNDRED_GOLD","is_prod":false,"is_daily":false,"chose_seed":false,"campfire_upgraded":1,"win_rate":0,"timestamp":1550897217,"path_taken":["M","$","M","M","M","E","R","E","T","M","E"],"build_version":"2019-01-23","purchased_purges":0,"victory":false,"max_hp_per_floor":[71,71,71,71,71,71,71,71,71,71,71],"card_choices":[{"not_picked":["Beam Cell","Static Discharge","Go for the Eyes"],"picked":"SKIP","floor":1},{"not_picked":["Rebound","Beam Cell","Undo"],"picked":"SKIP","floor":3},{"not_picked":["Turbo","Consume"],"picked":"Coolheaded","floor":4},{"not_picked":["Auto Shields","Chaos","Steam"],"picked":"SKIP","floor":5},{"not_picked":["Conserve Battery","Leap"],"picked":"Core Surge","floor":6},{"not_picked":["Hello World","Leap"],"picked":"BootSequence","floor":8},{"not_picked":["Beam Cell","Gash"],"picked":"Lockon","floor":10}],"player_experience":1770235,"relics_obtained":[{"floor":6,"key":"Tiny Chest"},{"floor":8,"key":"Meat on the Bone"},{"floor":9,"key":"Peace Pipe"}],"event_choices":[],"is_beta":false,"boss_relics":[],"items_purged_floors":[],"is_endless":false,"potions_floor_spawned":[3,4,8],"killed_by":"Gremlin Nob","ascension_level":20}