{"gold_per_floor":[117,117,117,134,134,134,162,14,14,24,43,63,63,78,78,180,180,191,191,202,202,202,202,234,250,250,250,278,290,19,51,51,147,147,162,175,175,0,11,11,28,60,109,209,209,236,36,51,51,51],"floor_reached":51,"playtime":1552,"items_purged":["Regret"],"score":1273,"play_id":"e99f6551-8644-4635-ba93-ebe794bdf54a","local_time":"20190203190021","is_ascension_mode":true,"campfire_choices":[{"data":"Whirlwind","floor":6,"key":"SMITH"},{"data":"Bash","floor":13,"key":"SMITH"},{"data":"Strike_R","floor":15,"key":"PURGE"},{"data":"Barricade","floor":23,"key":"SMITH"},{"data":"Body Slam","floor":27,"key":"SMITH"},{"data":"Feel No Pain","floor":32,"key":"SMITH"},{"data":"Evolve","floor":40,"key":"SMITH"},{"data":"Fiend Fire","floor":45,"key":"SMITH"},{"data":"Bite","floor":49,"key":"PURGE"}],"neow_cost":"PERCENT_DAMAGE","seed_source_timestamp":122093229252800,"circlet_count":0,"master_deck":["AscendersBane","Defend_R","Defend_R","Defend_R","Defend_R","Bash+1","Whirlwind+1","Evolve+1","Second Wind+1","Rage+1","Spot Weakness+1","Barricade+1","Flex+1","Bite","Bite","Bite","Panacea+1","Body Slam+1","Sword Boomerang","Offering+1","Feel No Pain+1","Fiend Fire+1","Body Slam","Second Wind+1","Sentinel+1","Shrug It Off+1","Shockwave+1","Seeing Red+1"],"relics":["Burning Blood","WingedGreaves","Gremlin Horn","WarpedTongs","Spirit Poop","Toxic Egg 2","Peace Pipe","Coffee Dripper","Lantern","Vajra","Regal Pillow","Lee\u0027s Waffle","Red Skull","Runic Dome","Red Mask","Bronze Scales","Orichalcum","Thread and Needle","Omamori","Oddly Smooth Stone"],"potions_floor_usage":[11,16,24,24,33,50,50],"damage_taken":[{"damage":14,"enemies":"Jaw Worm","floor":1,"turns":5},{"damage":5,"enemies":"2 Louse","floor":4,"turns":3},{"damage":29,"enemies":"3 Sentries","floor":7,"turns":4},{"damage":0,"enemies":"Cultist","floor":10,"turns":4},{"damage":11,"enemies":"Blue Slaver","floor":11,"turns":4},{"damage":0,"enemies":"Gremlin Gang","floor":12,"turns":1},{"damage":13,"enemies":"Large Slime","floor":14,"turns":5},{"damage":20,"enemies":"Hexaghost","floor":16,"turns":11},{"damage":19,"enemies":"Shell Parasite","floor":18,"turns":5},{"damage":20,"enemies":"2 Thieves","floor":20,"turns":3},{"damage":23,"enemies":"Book of Stabbing","floor":24,"turns":4},{"damage":16,"enemies":"Cultist and Chosen","floor":25,"turns":5},{"damage":0,"enemies":"Gremlin Leader","floor":28,"turns":6},{"damage":29,"enemies":"Snake Plant","floor":29,"turns":5},{"damage":35,"enemies":"Slavers","floor":31,"turns":3},{"damage":26,"enemies":"Champ","floor":33,"turns":7},{"damage":6,"enemies":"3 Shapes","floor":35,"turns":6},{"damage":17,"enemies":"Orb Walker","floor":36,"turns":3},{"damage":29,"enemies":"Sphere and 2 Shapes","floor":39,"turns":8},{"damage":19,"enemies":"Spire Growth","floor":41,"turns":3},{"damage":15,"enemies":"Giant Head","floor":42,"turns":4},{"damage":22,"enemies":"Mind Bloom Boss Battle","floor":44,"turns":5},{"damage":9,"enemies":"Nemesis","floor":46,"turns":5},{"damage":6,"enemies":"Transient","floor":48,"turns":5},{"damage":36,"enemies":"Awakened One","floor":50,"turns":8}],"seed_played":"2569420342603371713","potions_obtained":[{"floor":7,"key":"GamblersBrew"},{"floor":10,"key":"LiquidBronze"},{"floor":18,"key":"Dexterity Potion"},{"floor":19,"key":"AttackPotion"},{"floor":19,"key":"Swift Potion"},{"floor":25,"key":"EssenceOfSteel"},{"floor":31,"key":"Strength Potion"},{"floor":35,"key":"AttackPotion"},{"floor":42,"key":"Ancient Potion"},{"floor":48,"key":"SpeedPotion"}],"is_trial":false,"path_per_floor":["M","?","?","M","?","R","E","$","T","M","M","M","R","M","R","B",null,"M","?","M","?","?","R","E","M","T","R","E","M","$","E","R","B",null,"M","M","$","?","M","R","M","E","T","?","R","E","$","M","R","B",null],"character_chosen":"IRONCLAD","items_purchased":["Second Wind+1","Lee\u0027s Waffle","Feel No Pain","Oddly Smooth Stone","SpeedPotion"],"campfire_rested":0,"item_purchase_floors":[8,30,30,47,47],"current_hp_per_floor":[43,43,43,44,44,44,21,21,21,27,22,28,28,21,21,7,62,49,49,35,35,35,35,33,35,35,35,56,38,63,41,41,46,59,63,55,55,55,50,50,43,42,42,37,37,43,43,51,51,36],"gold":51,"neow_bonus":"ONE_RARE_RELIC","is_prod":false,"is_daily":false,"chose_seed":false,"campfire_upgraded":7,"win_rate":0,"timestamp":1549188021,"path_taken":["M","?","?","?","?","R","E","$","T","M","M","?","R","M","R","BOSS","M","?","?","?","?","R","E","?","T","R","E","?","$","E","R","BOSS","M","?","$","?","M","R","M","E","T","?","R","E","$","M","R","BOSS"],"build_version":"2019-01-23","purchased_purges":1,"victory":true,"max_hp_per_floor":[80,80,80,80,80,80,80,80,80,80,80,80,80,80,80,80,80,80,80,80,56,56,56,56,56,56,56,56,56,63,63,63,63,63,63,63,63,63,63,63,63,63,63,63,63,63,63,63,63,63],"card_choices":[{"not_picked":["Wild Strike","Sword Boomerang","True Grit"],"picked":"SKIP","floor":1},{"not_picked":["Burning Pact","Pommel Strike"],"picked":"Whirlwind","floor":4},{"not_picked":["Searing Blow","Perfected Strike"],"picked":"Evolve","floor":7},{"not_picked":["Pommel Strike","Havoc+1"],"picked":"Rage+1","floor":10},{"not_picked":["Heavy Blade","Havoc+1","Sword Boomerang"],"picked":"SKIP","floor":11},{"not_picked":["Hemokinesis","Clash","Dual Wield+1"],"picked":"SKIP","floor":12},{"not_picked":["Battle Trance+1","Reckless Charge"],"picked":"Spot Weakness+1","floor":14},{"not_picked":["Berserk","Juggernaut"],"picked":"Barricade","floor":16},{"not_picked":["Thunderclap","Wild Strike","Perfected Strike"],"picked":"SKIP","floor":18},{"not_picked":["Pommel Strike","Headbutt"],"picked":"Flex+1","floor":20},{"not_picked":["Metallicize","Armaments+1"],"picked":"Body Slam","floor":24},{"not_picked":["Clash","Blood for Blood","Searing Blow"],"picked":"SKIP","floor":25},{"not_picked":["Blood for Blood","Clothesline"],"picked":"Sword Boomerang","floor":28},{"not_picked":["Clothesline","Second Wind+1"],"picked":"Offering+1","floor":29},{"not_picked":["Thunderclap","Sever Soul","Pommel Strike"],"picked":"SKIP","floor":31},{"not_picked":["Immolate","Barricade"],"picked":"Fiend Fire","floor":33},{"not_picked":["Thunderclap","Carnage","Whirlwind"],"picked":"SKIP","floor":35},{"not_picked":["Pommel Strike","Armaments+1"],"picked":"Body Slam","floor":36},{"not_picked":["Whirlwind","Fire Breathing"],"picked":"Second Wind+1","floor":39},{"not_picked":["Seeing Red+1","Clothesline"],"picked":"Sentinel+1","floor":41},{"not_picked":["Warcry+1","Clash"],"picked":"Shrug It Off+1","floor":42},{"not_picked":["Pummel","Berserk"],"picked":"Shockwave+1","floor":44},{"not_picked":["Sever Soul","Spot Weakness+1","Headbutt"],"picked":"SKIP","floor":46},{"not_picked":["Cleave","Thunderclap+1"],"picked":"Seeing Red+1","floor":48}],"player_experience":33890,"relics_obtained":[{"floor":7,"key":"Toxic Egg 2"},{"floor":9,"key":"Peace Pipe"},{"floor":24,"key":"Lantern"},{"floor":26,"key":"Vajra"},{"floor":28,"key":"Regal Pillow"},{"floor":31,"key":"Red Skull"},{"floor":42,"key":"Bronze Scales"},{"floor":43,"key":"Orichalcum"},{"floor":44,"key":"Thread and Needle"},{"floor":46,"key":"Omamori"}],"event_choices":[{"damage_healed":0,"gold_gain":0,"player_choice":"Box","damage_taken":0,"relics_obtained":["Gremlin Horn"],"max_hp_gain":0,"max_hp_loss":0,"event_name":"Big Fish","floor":2,"gold_loss":0,"cards_obtained":["Regret"]},{"damage_healed":0,"gold_gain":0,"player_choice":"Rummage","damage_taken":0,"relics_obtained":["WarpedTongs"],"max_hp_gain":0,"max_hp_loss":0,"event_name":"Accursed Blacksmith","floor":3,"gold_loss":0,"cards_obtained":["Pain"]},{"cards_removed":["Pain"],"damage_healed":0,"gold_gain":0,"player_choice":"Offered Curse","damage_taken":0,"relics_obtained":["Spirit Poop"],"max_hp_gain":0,"max_hp_loss":0,"event_name":"Bonfire Elementals","floor":5,"gold_loss":0},{"damage_healed":0,"gold_gain":0,"player_choice":"Got Potions","damage_taken":0,"max_hp_gain":0,"max_hp_loss":0,"event_name":"Lab","floor":19,"gold_loss":0},{"damage_healed":0,"gold_gain":0,"player_choice":"Became a vampire","damage_taken":0,"max_hp_gain":0,"max_hp_loss":24,"event_name":"Vampires","floor":21,"gold_loss":0,"cards_obtained":["Bite","Bite","Bite","Bite","Bite"]},{"damage_healed":0,"gold_gain":0,"cards_transformed":["Bite"],"player_choice":"Transformed","damage_taken":0,"max_hp_gain":0,"max_hp_loss":0,"event_name":"Transmorgrifier","floor":22,"gold_loss":0,"cards_obtained":["Panacea"]},{"damage_healed":0,"gold_gain":0,"player_choice":"Paid","damage_taken":0,"relics_obtained":["Red Mask"],"max_hp_gain":0,"max_hp_loss":0,"event_name":"Tomb of Lord Red Mask","floor":38,"gold_loss":175},{"damage_healed":0,"gold_gain":0,"player_choice":"Fight","damage_taken":0,"max_hp_gain":0,"max_hp_loss":0,"event_name":"MindBloom","floor":44,"gold_loss":0}],"is_beta":false,"boss_relics":[{"not_picked":["Sozu","Mark of Pain"],"picked":"Coffee Dripper"},{"not_picked":["Empty Cage","Tiny House"],"picked":"Runic Dome"}],"items_purged_floors":[8],"is_endless":false,"potions_floor_spawned":[7,10,18,25,31,35,36,42,48],"ascension_level":12}