{"gold_per_floor":[114,39,114,129,129,129,164,164,164,199,215,249,249,259,259,337,337,357,376,291,33,33,33,65,65,148,148,173,186,197,197,197,268,268,280,280,295,46,0,0,0],"floor_reached":41,"playtime":1130,"items_purged":[],"score":940,"play_id":"481e1a7c-14e2-4c03-8b20-91a6d68739da","local_time":"20190407160634","is_ascension_mode":true,"campfire_choices":[{"data":"Fiend Fire","floor":8.0,"key":"SMITH"},{"data":"Rampage","floor":13.0,"key":"SMITH"},{"data":"Whirlwind","floor":15.0,"key":"SMITH"},{"data":"Feel No Pain","floor":23.0,"key":"SMITH"},{"data":"Demon Form","floor":25.0,"key":"SMITH"},{"floor":32.0,"key":"REST"},{"data":"Corruption","floor":40.0,"key":"SMITH"}],"neow_cost":"NONE","seed_source_timestamp":49961655569700,"circlet_count":0,"master_deck":["AscendersBane","Strike_R","Strike_R","Defend_R+1","Defend_R","Defend_R+1","Defend_R","Bash","Shrug It Off","Entrench","Fiend Fire+1","Second Wind","Whirlwind+1","Rampage+1","Demon Form+1","Feel No Pain+1","Corruption+1","Body Slam","Flame Barrier","Dropkick","Apotheosis","Well Laid Plans","Echo Form","Writhe","Impervious","Impervious"],"special_seed":0,"relics":["Burning Blood","NeowsBlessing","Blue Candle","The Courier","Bronze Scales","Philosopher\u0027s Stone","Ornamental Fan","PrismaticShard","Red Skull","Tiny Chest","Nloth\u0027s Gift","Bottled Flame","Oddly Smooth Stone","Coffee Dripper","Chemical X","Red Mask"],"potions_floor_usage":[],"damage_taken":[{"damage":0.0,"enemies":"Cultist","floor":1.0,"turns":1.0},{"damage":0.0,"enemies":"Small Slimes","floor":4.0,"turns":1.0},{"damage":0.0,"enemies":"Gremlin Nob","floor":7.0,"turns":1.0},{"damage":26.0,"enemies":"3 Sentries","floor":10.0,"turns":13.0},{"damage":0.0,"enemies":"2 Louse","floor":11.0,"turns":3.0},{"damage":37.0,"enemies":"Lagavulin","floor":12.0,"turns":7.0},{"damage":16.0,"enemies":"2 Fungi Beasts","floor":14.0,"turns":2.0},{"damage":25.0,"enemies":"The Guardian","floor":16.0,"turns":10.0},{"damage":0.0,"enemies":"3 Byrds","floor":18.0,"turns":4.0},{"damage":9.0,"enemies":"Chosen","floor":19.0,"turns":7.0},{"damage":30.0,"enemies":"Gremlin Leader","floor":24.0,"turns":7.0},{"damage":20.0,"enemies":"Slavers","floor":28.0,"turns":4.0},{"damage":8.0,"enemies":"Snake Plant","floor":29.0,"turns":4.0},{"damage":0.0,"enemies":"Cultist and Chosen","floor":30.0,"turns":4.0},{"damage":45.0,"enemies":"Collector","floor":33.0,"turns":7.0},{"damage":0.0,"enemies":"3 Shapes","floor":35.0,"turns":1.0},{"damage":24.0,"enemies":"3 Darklings","floor":37.0,"turns":2.0},{"damage":57,"enemies":"Nemesis","floor":41,"turns":5}],"seed_played":"5598342013500111955","potions_obtained":[{"floor":1.0,"key":"Block Potion"},{"floor":4.0,"key":"BloodPotion"},{"floor":14.0,"key":"Fire Potion"},{"floor":16.0,"key":"Strength Potion"},{"floor":19.0,"key":"Dexterity Potion"},{"floor":24.0,"key":"EntropicBrew"},{"floor":28.0,"key":"Weak Potion"},{"floor":30.0,"key":"SteroidPotion"}],"is_trial":false,"path_per_floor":["M","?","?","M","?","?","E","R","T","E","M","E","R","M","R","B",null,"M","M","?","$","?","R","E","R","T","?","E","M","M","?","R","B",null,"M","?","M","$","?","R","E"],"character_chosen":"IRONCLAD","items_purchased":["Body Slam","Flame Barrier","PrismaticShard","Chemical X","Impervious"],"campfire_rested":1,"item_purchase_floors":[21,21,21,38,38],"current_hp_per_floor":[74,74,63,69,69,74,80,80,80,68,74,43,43,33,33,14,64,70,67,67,67,67,67,43,43,43,43,29,27,33,33,57,18,65,71,71,53,53,53,53,0],"gold":0,"neow_bonus":"THREE_ENEMY_KILL","is_prod":false,"is_daily":false,"chose_seed":false,"campfire_upgraded":6,"win_rate":0,"timestamp":1554620794,"path_taken":["M","?","?","M","?","?","E","R","T","E","M","E","R","M","R","BOSS","M","M","?","$","?","R","E","R","T","?","E","M","?","?","R","BOSS","M","?","?","?","?","R","E"],"build_version":"2019-01-23","purchased_purges":0,"victory":false,"max_hp_per_floor":[75,75,75,75,75,80,80,80,80,80,80,80,80,80,80,80,80,80,80,80,80,80,80,80,80,80,80,80,80,80,80,80,80,80,80,80,80,80,80,80,80],"card_choices":[{"not_picked":["Burning Pact","Anger"],"picked":"Shrug It Off","floor":1.0},{"not_picked":["Blood for Blood","Pummel"],"picked":"Entrench","floor":4.0},{"not_picked":["Twin Strike","Rage"],"picked":"Second Wind","floor":7.0},{"not_picked":["Armaments","Sentinel"],"picked":"Whirlwind","floor":10.0},{"not_picked":["Wild Strike","Limit Break","Clash"],"picked":"SKIP","floor":11.0},{"not_picked":["Shrug It Off","Warcry"],"picked":"Rampage","floor":12.0},{"not_picked":["Uppercut","Clash","Wild Strike"],"picked":"SKIP","floor":14.0},{"not_picked":["Impervious","Exhume"],"picked":"Demon Form","floor":16.0},{"not_picked":["True Grit","Searing Blow"],"picked":"Feel No Pain","floor":18.0},{"not_picked":["Clash","Ghostly Armor"],"picked":"Corruption","floor":19.0},{"not_picked":["Glacier","Hologram"],"picked":"Dropkick","floor":24.0},{"not_picked":["Clothesline+1","Blade Dance"],"picked":"Apotheosis","floor":28.0},{"not_picked":["Gash","Steam"],"picked":"Well Laid Plans","floor":29.0},{"not_picked":["Anger","Hologram"],"picked":"Echo Form","floor":30.0},{"not_picked":["Reboot","Violence"],"picked":"Impervious","floor":33.0},{"not_picked":["Poisoned Stab+1","Go for the Eyes+1","Spot Weakness"],"picked":"SKIP","floor":35.0},{"not_picked":["Whirlwind","Clash+1","Uppercut"],"picked":"SKIP","floor":37.0}],"player_experience":2947896,"relics_obtained":[{"floor":7.0,"key":"Blue Candle"},{"floor":9.0,"key":"The Courier"},{"floor":10.0,"key":"War Paint"},{"floor":12.0,"key":"Bronze Scales"},{"floor":24.0,"key":"Red Skull"},{"floor":26.0,"key":"Tiny Chest"},{"floor":28.0,"key":"Bottled Flame"}],"event_choices":[{"cards_removed":["Strike_R"],"damage_healed":0.0,"max_hp_gain":0.0,"max_hp_loss":0.0,"gold_gain":0.0,"event_name":"The Cleric","player_choice":"Card Removal","floor":2.0,"gold_loss":75.0,"damage_taken":0.0},{"damage_healed":0.0,"max_hp_gain":0.0,"max_hp_loss":0.0,"gold_gain":75.0,"event_name":"World of Goop","player_choice":"Gather Gold","floor":3.0,"gold_loss":0.0,"damage_taken":11.0},{"damage_healed":0.0,"max_hp_gain":0.0,"max_hp_loss":0.0,"gold_gain":0.0,"cards_transformed":["Strike_R"],"event_name":"Living Wall","player_choice":"Change","floor":5.0,"gold_loss":0.0,"damage_taken":0.0,"cards_obtained":["Fiend Fire"]},{"damage_healed":0.0,"max_hp_gain":5.0,"max_hp_loss":0.0,"gold_gain":0.0,"event_name":"Big Fish","player_choice":"Donut","floor":6.0,"gold_loss":0.0,"damage_taken":0.0},{"damage_healed":0.0,"max_hp_gain":0.0,"max_hp_loss":0.0,"gold_gain":0.0,"event_name":"Addict","player_choice":"Obtained Relic","floor":20.0,"gold_loss":85.0,"damage_taken":0.0,"relics_obtained":["Ornamental Fan"]},{"damage_healed":0.0,"max_hp_gain":0.0,"max_hp_loss":0.0,"gold_gain":0.0,"event_name":"Beggar","player_choice":"Ignored","floor":22.0,"gold_loss":0.0,"damage_taken":0.0},{"damage_healed":0.0,"max_hp_gain":0.0,"max_hp_loss":0.0,"gold_gain":0.0,"event_name":"N\u0027loth","player_choice":"Traded Relic","floor":27.0,"relics_lost":["War Paint"],"gold_loss":0.0,"damage_taken":0.0,"relics_obtained":["Nloth\u0027s Gift"]},{"damage_healed":0.0,"max_hp_gain":0.0,"max_hp_loss":0.0,"gold_gain":0.0,"event_name":"The Mausoleum","player_choice":"Opened","floor":31.0,"gold_loss":0.0,"damage_taken":0.0,"relics_obtained":["Oddly Smooth Stone"],"cards_obtained":["Writhe"]},{"cards_removed":["Strike_R"],"damage_healed":0.0,"max_hp_gain":0.0,"max_hp_loss":0.0,"gold_gain":0.0,"event_name":"Purifier","player_choice":"Purged","floor":36.0,"gold_loss":0.0,"damage_taken":0.0},{"damage_healed":0.0,"max_hp_gain":0.0,"max_hp_loss":0.0,"gold_gain":0.0,"event_name":"Tomb of Lord Red Mask","player_choice":"Paid","floor":39.0,"gold_loss":46.0,"damage_taken":0.0,"relics_obtained":["Red Mask"]}],"is_beta":false,"boss_relics":[{"not_picked":["Runic Cube","Astrolabe"],"picked":"Philosopher\u0027s Stone"},{"not_picked":["Eternal Feather","Tiny House"],"picked":"Coffee Dripper"}],"items_purged_floors":[],"is_endless":false,"potions_floor_spawned":[1,4,7,14,16,19,24,28,30],"killed_by":"Nemesis","ascension_level":20}