{"gold_per_floor":[116,41,116,128,128,160,171,187,187,199,211,223],"floor_reached":12,"playtime":278,"items_purged":[],"score":206,"play_id":"738a4ebd-e96a-4367-a919-d0860b4570d6","local_time":"20190326185057","is_ascension_mode":true,"campfire_choices":[{"data":"Disarm","floor":10,"key":"SMITH"}],"neow_cost":"NONE","seed_source_timestamp":172570599131200,"circlet_count":0,"master_deck":["AscendersBane","Strike_R","Strike_R","Strike_R","Strike_R","Defend_R","Defend_R","Defend_R","Defend_R","Bash","Disarm+1","True Grit","Impervious"],"relics":["Burning Blood","NeowsBlessing","Bag of Preparation","MawBank"],"potions_floor_usage":[12,12,12],"damage_taken":[{"damage":0,"enemies":"2 Louse","floor":1,"turns":1},{"damage":0,"enemies":"Cultist","floor":4,"turns":1},{"damage":0,"enemies":"Lagavulin","floor":6,"turns":1},{"damage":24,"enemies":"Jaw Worm","floor":7,"turns":6},{"damage":9,"enemies":"Looter","floor":8,"turns":5},{"damage":48,"enemies":"3 Sentries","floor":12,"turns":12}],"seed_played":"-4365348335953683674","potions_obtained":[{"floor":1,"key":"SpeedPotion"},{"floor":5,"key":"EntropicBrew"},{"floor":7,"key":"AttackPotion"}],"is_trial":false,"path_per_floor":["M","?","?","M","?","E","M","M","T","R","$","E"],"character_chosen":"IRONCLAD","items_purchased":[],"campfire_rested":0,"item_purchase_floors":[],"current_hp_per_floor":[74,74,63,69,69,75,57,54,54,54,54,6],"gold":223,"neow_bonus":"THREE_ENEMY_KILL","is_prod":false,"is_daily":false,"chose_seed":false,"campfire_upgraded":1,"win_rate":0,"timestamp":1553593857,"path_taken":["M","?","?","M","?","E","M","?","T","R","?","E"],"build_version":"2019-01-23","purchased_purges":0,"victory":false,"max_hp_per_floor":[75,75,75,75,75,75,75,75,75,75,75,75],"card_choices":[{"not_picked":["Pommel Strike","Perfected Strike"],"picked":"Disarm","floor":1},{"not_picked":["Rage","Perfected Strike"],"picked":"True Grit","floor":4},{"not_picked":["Sever Soul","Iron Wave","Searing Blow"],"picked":"SKIP","floor":6},{"not_picked":["Fire Breathing","Wild Strike","Flex"],"picked":"SKIP","floor":7},{"not_picked":["Iron Wave","Shrug It Off"],"picked":"Impervious","floor":8}],"player_experience":2607738,"relics_obtained":[{"floor":6,"key":"Bag of Preparation"},{"floor":9,"key":"MawBank"}],"event_choices":[{"cards_removed":["Strike_R"],"damage_healed":0,"gold_gain":0,"player_choice":"Card Removal","damage_taken":0,"max_hp_gain":0,"max_hp_loss":0,"event_name":"The Cleric","floor":2,"gold_loss":75},{"damage_healed":0,"gold_gain":75,"player_choice":"Gather Gold","damage_taken":11,"max_hp_gain":0,"max_hp_loss":0,"event_name":"World of Goop","floor":3,"gold_loss":0},{"damage_healed":0,"gold_gain":0,"player_choice":"Got Potions","damage_taken":0,"max_hp_gain":0,"max_hp_loss":0,"event_name":"Lab","floor":5,"gold_loss":0}],"is_beta":false,"boss_relics":[],"items_purged_floors":[],"is_endless":false,"potions_floor_spawned":[1,7,8],"killed_by":"3 Sentries","ascension_level":20}