{"gold_per_floor":[110,260,260,274,274,274,274,318,400,423,423,459,459,494,494,588,588,613,135,135,135,156,156,174,209,209,232,276,276,296,296,296,387,387,403,403,31,52,67,67,110,110,134,172,196,231,564,579,579,579],"floor_reached":50,"playtime":1870,"items_purged":["Strike_R","Strike_R+1"],"score":1347,"play_id":"1243f8b9-cc59-450e-9f50-e699b916cace","local_time":"20190417190600","is_ascension_mode":true,"campfire_choices":[{"data":"Carnage","floor":6,"key":"SMITH"},{"data":"Inflame","floor":11,"key":"SMITH"},{"data":"Juggernaut","floor":15,"key":"SMITH"},{"data":"Demon Form","floor":23,"key":"SMITH"},{"floor":29,"key":"REST"},{"data":"Entrench","floor":32,"key":"SMITH"},{"data":"Body Slam","floor":40,"key":"SMITH"},{"data":"Power Through","floor":42,"key":"SMITH"},{"floor":49,"key":"RECALL"}],"neow_cost":"NONE","seed_source_timestamp":139513362239200,"circlet_count":0,"master_deck":["AscendersBane","Strike_R+1","Strike_R+1","Strike_R+1","Defend_R+1","Defend_R+1","Defend_R+1","Defend_R+1","Bash","True Grit+1","Carnage+1","Reaper","Inflame+1","Juggernaut+1","Battle Trance","Demon Form+1","Feel No Pain","Offering","Entrench+1","Second Wind","Evolve","Fiend Fire","Impervious","Power Through+1","Warcry","Body Slam+1","Whirlwind","True Grit+1","Parasite","Entrench"],"relics":["Burning Blood","NeowsBlessing","Vajra","Singing Bowl","Mercury Hourglass","Turnip","Meat on the Bone","Runic Dome","Prayer Wheel","Bottled Lightning","Smiling Mask","Orrery","Magic Flower","Bird Faced Urn","Potion Belt","Nunchaku","Centennial Puzzle"],"potions_floor_usage":[14,25,33,39,41],"damage_taken":[{"damage":0,"enemies":"2 Louse","floor":1,"turns":1},{"damage":0,"enemies":"Small Slimes","floor":4,"turns":1},{"damage":0,"enemies":"Lagavulin","floor":8,"turns":1},{"damage":1,"enemies":"Cultist","floor":10,"turns":3},{"damage":8,"enemies":"Gremlin Nob","floor":12,"turns":3},{"damage":11,"enemies":"3 Sentries","floor":14,"turns":5},{"damage":49,"enemies":"Hexaghost","floor":16,"turns":9},{"damage":24,"enemies":"3 Byrds","floor":18,"turns":4},{"damage":0,"enemies":"Chosen","floor":22,"turns":3},{"damage":15,"enemies":"Centurion and Healer","floor":24,"turns":7},{"damage":66,"enemies":"Gremlin Leader","floor":25,"turns":6},{"damage":44,"enemies":"Shelled Parasite and Fungi","floor":27,"turns":4},{"damage":57,"enemies":"Book of Stabbing","floor":28,"turns":5},{"damage":24,"enemies":"Cultist and Chosen","floor":30,"turns":4},{"damage":75,"enemies":"Champ","floor":33,"turns":13},{"damage":27,"enemies":"3 Darklings","floor":35,"turns":4},{"damage":9,"enemies":"Orb Walker","floor":38,"turns":5},{"damage":14,"enemies":"Writhing Mass","floor":39,"turns":6},{"damage":58,"enemies":"Reptomancer","floor":41,"turns":6},{"damage":122,"enemies":"Giant Head","floor":44,"turns":9},{"damage":14,"enemies":"4 Shapes","floor":45,"turns":5},{"damage":43,"enemies":"Nemesis","floor":46,"turns":11},{"damage":56,"enemies":"Spire Growth","floor":48,"turns":5},{"damage":93,"enemies":"Awakened One","floor":50,"turns":4}],"seed_played":"1527014574946062589","potions_obtained":[{"floor":4,"key":"Ancient Potion"},{"floor":8,"key":"Explosive Potion"},{"floor":14,"key":"GamblersBrew"},{"floor":21,"key":"SteroidPotion"},{"floor":25,"key":"PowerPotion"},{"floor":33,"key":"SkillPotion"},{"floor":41,"key":"Dexterity Potion"}],"is_trial":false,"path_per_floor":["M","?","?","M","?","R","?","E","T","M","R","E","?","E","R","B",null,"M","$","?","?","M","R","M","E","T","M","E","R","M","?","R","B",null,"M","?","$","M","M","R","E","R","T","E","M","E","?","M","R","B"],"character_chosen":"IRONCLAD","items_purchased":["Prayer Wheel","Feel No Pain","Magic Flower"],"campfire_rested":1,"item_purchase_floors":[19,19,37],"current_hp_per_floor":[74,74,74,75,49,49,49,55,55,60,60,58,58,53,53,22,62,46,46,46,46,54,54,67,49,49,56,28,52,62,62,62,34,76,59,59,59,61,89,89,101,101,101,51,93,76,76,75,75,0],"gold":579,"neow_bonus":"THREE_ENEMY_KILL","is_prod":false,"is_daily":false,"chose_seed":false,"campfire_upgraded":7,"win_rate":0,"timestamp":1555495560,"path_taken":["M","?","?","M","?","R","?","E","T","?","R","E","?","E","R","BOSS","M","$","?","?","?","R","M","E","T","M","E","R","M","?","R","BOSS","M","?","$","M","M","R","E","R","T","E","M","E","?","M","R","BOSS"],"build_version":"2019-01-23","purchased_purges":2,"victory":false,"max_hp_per_floor":[75,75,75,75,75,75,75,75,75,75,75,75,75,75,75,75,75,77,77,77,77,79,79,81,83,83,83,83,83,87,87,87,87,89,93,93,93,95,99,99,101,101,101,103,105,107,107,111,111,111],"card_choices":[{"not_picked":["Iron Wave","Heavy Blade"],"picked":"True Grit","floor":1},{"not_picked":["Body Slam","Iron Wave"],"picked":"Carnage","floor":4},{"not_picked":["Warcry","Brutality"],"picked":"Reaper","floor":8},{"not_picked":["Armaments","Intimidate"],"picked":"Inflame","floor":10},{"not_picked":["Reckless Charge","Shrug It Off"],"picked":"Juggernaut","floor":12},{"not_picked":["Sever Soul","Rage"],"picked":"Battle Trance","floor":14},{"not_picked":["Barricade","Exhume"],"picked":"Demon Form","floor":16},{"not_picked":["Rage","Thunderclap","Cleave"],"picked":"Singing Bowl","floor":18},{"not_picked":["Rupture+1","Thunderclap","Flame Barrier"],"picked":"Singing Bowl","floor":22},{"not_picked":["Iron Wave","Flex"],"picked":"Offering","floor":22},{"not_picked":["Rage","Burning Pact"],"picked":"Entrench","floor":24},{"not_picked":["Iron Wave","Bludgeon","Seeing Red"],"picked":"Singing Bowl","floor":24},{"not_picked":["Perfected Strike","Flex","Heavy Blade"],"picked":"Singing Bowl","floor":25},{"not_picked":["Warcry","Iron Wave"],"picked":"Second Wind","floor":27},{"not_picked":["Dropkick+1","Iron Wave"],"picked":"Evolve","floor":27},{"not_picked":["Fire Breathing","Sword Boomerang"],"picked":"Fiend Fire","floor":28},{"not_picked":["Dual Wield","Entrench","Havoc"],"picked":"Singing Bowl","floor":30},{"not_picked":["Headbutt","Havoc+1","Blood for Blood+1"],"picked":"Singing Bowl","floor":30},{"not_picked":["Berserk","Dark Embrace"],"picked":"Impervious","floor":33},{"not_picked":["Warcry","Rampage"],"picked":"Power Through","floor":34},{"not_picked":["Havoc","Inflame"],"picked":"Warcry","floor":34},{"not_picked":["Cleave","Iron Wave+1"],"picked":"Body Slam","floor":34},{"not_picked":["Body Slam","Headbutt","Clothesline"],"picked":"Singing Bowl","floor":34},{"not_picked":["Rampage","Sever Soul"],"picked":"Whirlwind","floor":34},{"not_picked":["Clothesline","Bloodletting","Heavy Blade+1"],"picked":"Singing Bowl","floor":35},{"not_picked":["Iron Wave+1","Rampage","Rage"],"picked":"Singing Bowl","floor":35},{"not_picked":["Flame Barrier+1","Rage+1"],"picked":"True Grit+1","floor":38},{"not_picked":["Uppercut","Perfected Strike","Rampage"],"picked":"Singing Bowl","floor":38},{"not_picked":["Flame Barrier","Brutality","Wild Strike"],"picked":"Singing Bowl","floor":39},{"not_picked":["Sentinel","Corruption","Clash"],"picked":"Singing Bowl","floor":39},{"not_picked":["Anger","Rage","Headbutt"],"picked":"Singing Bowl","floor":41},{"not_picked":["Anger","Cleave+1","Shockwave"],"picked":"Singing Bowl","floor":44},{"not_picked":["Heavy Blade","Intimidate","Headbutt"],"picked":"Singing Bowl","floor":45},{"not_picked":["True Grit","Sword Boomerang"],"picked":"Entrench","floor":45},{"not_picked":["Havoc","Feed","Body Slam"],"picked":"Singing Bowl","floor":46},{"not_picked":["Heavy Blade","Rage","Sentinel"],"picked":"Singing Bowl","floor":48},{"not_picked":["Anger+1","Pommel Strike","Clothesline"],"picked":"Singing Bowl","floor":48}],"player_experience":3198930,"relics_obtained":[{"floor":8,"key":"Singing Bowl"},{"floor":9,"key":"Mercury Hourglass"},{"floor":12,"key":"Turnip"},{"floor":14,"key":"Meat on the Bone"},{"floor":25,"key":"Bottled Lightning"},{"floor":28,"key":"Smiling Mask"},{"floor":41,"key":"Bird Faced Urn"},{"floor":43,"key":"Potion Belt"},{"floor":44,"key":"Nunchaku"},{"floor":46,"key":"Centennial Puzzle"}],"event_choices":[{"damage_healed":0,"gold_gain":150,"player_choice":"AGREE","damage_taken":0,"max_hp_gain":0,"max_hp_loss":0,"event_name":"Liars Game","floor":2,"gold_loss":0,"cards_obtained":["Doubt"]},{"cards_removed":["Doubt"],"damage_healed":0,"gold_gain":0,"player_choice":"Forget","damage_taken":0,"max_hp_gain":0,"max_hp_loss":0,"event_name":"Living Wall","floor":3,"gold_loss":0},{"damage_healed":0,"gold_gain":0,"player_choice":"Take Damage","damage_taken":26,"relics_obtained":["Golden Idol"],"max_hp_gain":0,"max_hp_loss":0,"event_name":"Golden Idol","floor":5,"gold_loss":0},{"damage_healed":0,"gold_gain":0,"player_choice":"Gave Potion","damage_taken":0,"relics_obtained":["Vajra"],"max_hp_gain":0,"max_hp_loss":0,"event_name":"WeMeetAgain","floor":7,"gold_loss":0},{"damage_healed":0,"gold_gain":0,"player_choice":"Upgraded","damage_taken":0,"max_hp_gain":0,"max_hp_loss":0,"event_name":"Upgrade Shrine","floor":13,"gold_loss":0,"cards_upgraded":["True Grit"]},{"damage_healed":0,"gold_gain":0,"player_choice":"Simplicity","damage_taken":0,"max_hp_gain":0,"max_hp_loss":0,"event_name":"Back to Basics","floor":20,"gold_loss":0,"cards_upgraded":["Strike_R","Strike_R","Strike_R","Strike_R","Defend_R","Defend_R","Defend_R","Defend_R"]},{"damage_healed":0,"gold_gain":0,"player_choice":"Got Potions","damage_taken":0,"max_hp_gain":0,"max_hp_loss":0,"event_name":"Lab","floor":21,"gold_loss":0},{"damage_healed":0,"gold_gain":0,"player_choice":"Ignored","damage_taken":0,"max_hp_gain":0,"max_hp_loss":0,"event_name":"The Mausoleum","floor":31,"gold_loss":0},{"damage_healed":0,"gold_gain":0,"player_choice":"Ignored","damage_taken":0,"max_hp_gain":0,"max_hp_loss":0,"event_name":"Tomb of Lord Red Mask","floor":36,"gold_loss":0},{"damage_healed":0,"gold_gain":333,"player_choice":"Gave Idol","damage_taken":0,"max_hp_gain":0,"max_hp_loss":0,"event_name":"The Moai Head","floor":47,"relics_lost":["Golden Idol"],"gold_loss":0}],"is_beta":false,"boss_relics":[{"not_picked":["Lizard Tail","Black Blood"],"picked":"Runic Dome"},{"not_picked":["Calling Bell","Black Star"],"picked":"Orrery"}],"items_purged_floors":[19,37],"is_endless":false,"potions_floor_spawned":[4,8,14,25,27,30,33,35,41],"killed_by":"Awakened One","ascension_level":20}