{"path_per_floor":["M","M","M","T","?","R","M","R","T","M","?","R","M"],"character_chosen":"DEFECT","items_purchased":[],"gold_per_floor":[113,128,141,197,197,197,216,216,239,252,252,252,267,267],"floor_reached":14,"campfire_rested":0,"playtime":422,"item_purchase_floors":[],"current_hp_per_floor":[68,58,51,51,51,51,35,35,35,17,17,17,4,0],"items_purged":[],"gold":267,"score":115,"play_id":"1de1ffe9-d97e-4455-abdb-87f77c98df68","local_time":"20180609121834","is_prod":false,"is_daily":false,"chose_seed":false,"is_ascension_mode":true,"campfire_upgraded":3,"win_rate":0,"timestamp":1528517914,"campfire_choices":[{"data":"White Noise","floor":6,"key":"SMITH"},{"data":"Zap","floor":8,"key":"SMITH"},{"data":"Gash","floor":12,"key":"SMITH"}],"path_taken":["M","M","M","?","?","R","?","R","T","M","?","R","M","?"],"build_version":"2018-06-07v2","seed_source_timestamp":1123939165898797,"purchased_purges":0,"victory":false,"master_deck":["Strike_B","Strike_B","Strike_B","Defend_B","Defend_B","Defend_B","Defend_B","Zap+1","Dualcast","Skim","Gash+1","White Noise+1","White Noise","Hologram","Conserve Battery"],"max_hp_per_floor":[75,75,75,75,75,75,75,75,75,75,75,75,75,75],"relics":["Cracked Core","Tiny Chest","Art of War"],"card_choices":[{"not_picked":["Stack","Cold Snap"],"picked":"Skim","floor":1},{"not_picked":["Rebound","Barrage"],"picked":"Gash","floor":2},{"not_picked":["Chill","Steam Power"],"picked":"White Noise","floor":3},{"not_picked":["Chill","Hologram"],"picked":"White Noise","floor":7},{"not_picked":["Leap","Stack"],"picked":"Hologram","floor":10},{"not_picked":["Consume","Steam Power"],"picked":"Conserve Battery","floor":13}],"player_experience":412184,"potions_floor_usage":[2],"damage_taken":[{"damage":0,"enemies":"Cultist","floor":1,"turns":4},{"damage":10,"enemies":"Small Slimes","floor":2,"turns":2},{"damage":7,"enemies":"2 Louse","floor":3,"turns":2},{"damage":16,"enemies":"2 Fungi Beasts","floor":7,"turns":3},{"damage":18,"enemies":"Gremlin Gang","floor":10,"turns":5},{"damage":13,"enemies":"Large Slime","floor":13,"turns":4},{"damage":10,"enemies":"Blue Slaver","floor":14,"turns":1}],"relics_obtained":[{"floor":4,"key":"Tiny Chest"},{"floor":9,"key":"Art of War"}],"event_choices":[{"event_name":"Living Wall","player_choice":"Forget","floor":5,"damage_taken":0},{"event_name":"Liars Game","player_choice":"disagreed","floor":11,"damage_taken":0}],"boss_relics":[],"items_purged_floors":[],"potions_floor_spawned":[1,2,10],"seed_played":"3795313232856464984","killed_by":"Blue Slaver","ascension_level":8,"potions_obtained":[{"floor":1,"key":"Energy Potion"},{"floor":2,"key":"Strength Potion"},{"floor":10,"key":"Strength Potion"}],"is_trial":false}