{"gold_per_floor":[114,39,39,64,82,111,111,128,128,144,160,195,195,228,228,305,305,323,340,386,386,386,386,404,432,458,458,60,73,102,126,138,150],"floor_reached":33,"playtime":1156,"items_purged":["Strike_R","Strike_R"],"score":660,"play_id":"95a1eadc-28e7-4ac5-a05f-71c9abc413e9","local_time":"20190407210440","is_ascension_mode":true,"campfire_choices":[{"data":"Body Slam","floor":7.0,"key":"SMITH"},{"data":"Entrench","floor":15.0,"key":"SMITH"},{"data":"Fiend Fire","floor":23.0,"key":"SMITH"},{"floor":27.0,"key":"REST"},{"data":"True Grit","floor":32.0,"key":"SMITH"}],"neow_cost":"NONE","seed_source_timestamp":67903701888400,"circlet_count":0,"master_deck":["AscendersBane","Strike_R","Strike_R","Strike_R","Defend_R","Defend_R","Defend_R","Defend_R","Bash","Body Slam+1","Entrench+1","Juggernaut+1","Ghostly Armor","Feel No Pain","Impervious","Fiend Fire+1","True Grit+1","Warcry","Battle Trance","Headbutt+1","Enlightenment","Ghostly Armor","Shrug It Off","Power Through"],"special_seed":0,"relics":["Burning Blood","NeowsBlessing","Centennial Puzzle","Regal Pillow","Vajra","Pear","Paper Frog","Dodecahedron","Orrery","Potion Belt","Pocketwatch","Shuriken","MawBank"],"potions_floor_usage":[33,33,33],"damage_taken":[{"damage":0.0,"enemies":"2 Louse","floor":1.0,"turns":1.0},{"damage":0.0,"enemies":"Jaw Worm","floor":5.0,"turns":1.0},{"damage":0.0,"enemies":"Gremlin Nob","floor":6.0,"turns":1.0},{"damage":6.0,"enemies":"Cultist","floor":8.0,"turns":3.0},{"damage":2.0,"enemies":"Looter","floor":10.0,"turns":3.0},{"damage":25.0,"enemies":"Red Slaver","floor":11.0,"turns":4.0},{"damage":16.0,"enemies":"Lagavulin","floor":12.0,"turns":7.0},{"damage":11.0,"enemies":"3 Sentries","floor":14.0,"turns":7.0},{"damage":16.0,"enemies":"The Guardian","floor":16.0,"turns":11.0},{"damage":17.0,"enemies":"Chosen","floor":18.0,"turns":4.0},{"damage":12.0,"enemies":"Shell Parasite","floor":19.0,"turns":3.0},{"damage":23.0,"enemies":"Centurion and Healer","floor":24.0,"turns":4.0},{"damage":38.0,"enemies":"Slavers","floor":25.0,"turns":6.0},{"damage":19.0,"enemies":"Snake Plant","floor":29.0,"turns":4.0},{"damage":19.0,"enemies":"Gremlin Leader","floor":30.0,"turns":6.0},{"damage":6.0,"enemies":"Cultist and Chosen","floor":31.0,"turns":4.0},{"damage":40,"enemies":"Collector","floor":33,"turns":8}],"seed_played":"-7195268366175257265","potions_obtained":[{"floor":10.0,"key":"SteroidPotion"},{"floor":11.0,"key":"Ancient Potion"},{"floor":16.0,"key":"Weak Potion"},{"floor":18.0,"key":"BloodPotion"},{"floor":29.0,"key":"Weak Potion"},{"floor":31.0,"key":"SteroidPotion"}],"is_trial":false,"path_per_floor":["M","$","?","T","M","E","R","M","T","M","M","E","?","E","R","B",null,"M","M","T","T","?","R","M","E","T","R","$","M","E","M","R","B"],"character_chosen":"IRONCLAD","items_purchased":["Enlightenment","EntropicBrew","Ghostly Armor"],"campfire_rested":1,"item_purchase_floors":[28,28,28],"current_hp_per_floor":[74,74,63,63,69,75,75,75,85,85,66,56,56,51,51,41,74,63,65,65,65,65,65,48,16,16,56,56,43,30,30,30,0],"gold":150,"neow_bonus":"THREE_ENEMY_KILL","is_prod":false,"is_daily":false,"chose_seed":false,"campfire_upgraded":4,"win_rate":0,"timestamp":1554638680,"path_taken":["M","$","?","?","?","E","R","M","T","M","M","E","?","E","R","BOSS","M","M","?","?","?","R","M","E","T","R","$","M","E","?","R","BOSS"],"build_version":"2019-01-23","purchased_purges":2,"victory":false,"max_hp_per_floor":[75,75,75,75,75,75,75,75,85,85,85,85,85,85,85,85,85,85,85,85,85,85,85,85,85,85,85,85,85,85,85,85,85],"card_choices":[{"not_picked":["Pummel","Rupture"],"picked":"Body Slam","floor":1.0},{"not_picked":["Clothesline","Burning Pact","Anger"],"picked":"SKIP","floor":5.0},{"not_picked":["Intimidate","Clash","Anger"],"picked":"SKIP","floor":6.0},{"not_picked":["True Grit","Body Slam"],"picked":"Entrench","floor":8.0},{"not_picked":["Seeing Red","Pommel Strike"],"picked":"Juggernaut","floor":10.0},{"not_picked":["Havoc","Clothesline"],"picked":"Ghostly Armor","floor":11.0},{"not_picked":["Armaments","Immolate"],"picked":"Feel No Pain","floor":12.0},{"not_picked":["Clash","Havoc","Perfected Strike"],"picked":"SKIP","floor":14.0},{"not_picked":["Bludgeon","Immolate"],"picked":"Impervious","floor":16.0},{"not_picked":["Dual Wield","Clash"],"picked":"Fiend Fire","floor":17.0},{"not_picked":["Flex","Rampage"],"picked":"True Grit","floor":17.0},{"not_picked":["Body Slam","Searing Blow"],"picked":"Warcry","floor":17.0},{"not_picked":["Thunderclap","Blood for Blood"],"picked":"Battle Trance","floor":18.0},{"not_picked":["Thunderclap","Iron Wave","Hemokinesis"],"picked":"SKIP","floor":19.0},{"not_picked":["Pummel","Heavy Blade","Headbutt"],"picked":"SKIP","floor":24.0},{"not_picked":["Cleave","Clothesline"],"picked":"Headbutt+1","floor":25.0},{"not_picked":["Heavy Blade","Twin Strike","Pommel Strike"],"picked":"SKIP","floor":29.0},{"not_picked":["Twin Strike","Fire Breathing+1"],"picked":"Shrug It Off","floor":30.0},{"not_picked":["Twin Strike","Reckless Charge"],"picked":"Power Through","floor":31.0}],"player_experience":2956760,"relics_obtained":[{"floor":4.0,"key":"Regal Pillow"},{"floor":6.0,"key":"Vajra"},{"floor":9.0,"key":"Pear"},{"floor":12.0,"key":"Paper Frog"},{"floor":14.0,"key":"Dodecahedron"},{"floor":20.0,"key":"Potion Belt"},{"floor":21.0,"key":"Pocketwatch"},{"floor":25.0,"key":"Shuriken"},{"floor":30.0,"key":"MawBank"}],"event_choices":[{"damage_healed":0.0,"max_hp_gain":0.0,"max_hp_loss":0.0,"gold_gain":0.0,"event_name":"Scrap Ooze","player_choice":"Success","floor":3.0,"gold_loss":0.0,"damage_taken":11.0,"relics_obtained":["Centennial Puzzle"]},{"damage_healed":0.0,"max_hp_gain":0.0,"max_hp_loss":0.0,"gold_gain":0.0,"event_name":"Upgrade Shrine","player_choice":"Upgraded","floor":13.0,"gold_loss":0.0,"damage_taken":0.0,"cards_upgraded":["Juggernaut"]},{"damage_healed":0.0,"max_hp_gain":0.0,"max_hp_loss":0.0,"gold_gain":0.0,"event_name":"Vampires","player_choice":"Ignored","floor":22.0,"gold_loss":0.0,"damage_taken":0.0}],"is_beta":false,"boss_relics":[{"not_picked":["Runic Pyramid","Runic Dome"],"picked":"Orrery"}],"items_purged_floors":[2,28],"is_endless":false,"potions_floor_spawned":[10,11,12,16,18,29,31],"killed_by":"Collector","ascension_level":20}