{"gold_per_floor":[114,189,209,224,149,176,176,189,189,159,184,203,203,223,223,294,294,304,323,238,238,238,238,265,265,292,321,331,347,347,347,347,347],"floor_reached":33,"playtime":850,"items_purged":[],"score":640,"play_id":"7d262259-c672-4a9e-9cbd-19adcc4ed6c6","local_time":"20190419222757","is_ascension_mode":true,"campfire_choices":[{"data":"Carnage","floor":7,"key":"SMITH"},{"data":"Flame Barrier","floor":13,"key":"SMITH"},{"data":"Bash","floor":15,"key":"SMITH"},{"data":"Whirlwind","floor":23,"key":"SMITH"},{"data":"Sword Boomerang","floor":25,"key":"SMITH"},{"data":"Spot Weakness","floor":30,"key":"SMITH"},{"data":"Fiend Fire","floor":32,"key":"SMITH"}],"neow_cost":"NONE","seed_source_timestamp":325454410409500,"circlet_count":0,"master_deck":["AscendersBane","Strike_R+1","Strike_R+1","Strike_R+1","Strike_R+1","Defend_R+1","Defend_R+1","Defend_R+1","Defend_R+1","Bash+1","Spot Weakness+1","Carnage+1","Flame Barrier+1","Impervious","Fiend Fire+1","Feel No Pain+1","Whirlwind+1","Sword Boomerang+1","Clumsy","Second Wind+1","Shrug It Off","Injury"],"relics":["Burning Blood","NeowsBlessing","Red Skull","Mummified Hand","Torii","Cursed Key","Champion Belt","Blood Vial","Meat on the Bone","Self Forming Clay"],"potions_floor_usage":[6,11,11,16,24,28,33],"damage_taken":[{"damage":0,"enemies":"2 Louse","floor":1,"turns":1},{"damage":0,"enemies":"Jaw Worm","floor":3,"turns":1},{"damage":0,"enemies":"Cultist","floor":4,"turns":1},{"damage":45,"enemies":"3 Sentries","floor":6,"turns":10},{"damage":19,"enemies":"Exordium Wildlife","floor":8,"turns":5},{"damage":0,"enemies":"Gremlin Nob","floor":11,"turns":2},{"damage":1,"enemies":"Looter","floor":12,"turns":3},{"damage":3,"enemies":"Lots of Slimes","floor":14,"turns":4},{"damage":17,"enemies":"Hexaghost","floor":16,"turns":7},{"damage":6,"enemies":"Spheric Guardian","floor":18,"turns":4},{"damage":12,"enemies":"Shell Parasite","floor":19,"turns":6},{"damage":22,"enemies":"Slavers","floor":24,"turns":3},{"damage":16,"enemies":"Gremlin Leader","floor":27,"turns":5},{"damage":1,"enemies":"3 Cultists","floor":28,"turns":4},{"damage":10,"enemies":"Snecko","floor":29,"turns":7},{"damage":75,"enemies":"Automaton","floor":33,"turns":10}],"seed_played":"3816901331481318800","potions_obtained":[{"floor":4,"key":"Fire Potion"},{"floor":6,"key":"Ancient Potion"},{"floor":10,"key":"Fire Potion"},{"floor":10,"key":"Poison Potion"},{"floor":11,"key":"Explosive Potion"},{"floor":14,"key":"Weak Potion"},{"floor":19,"key":"GamblersBrew"},{"floor":27,"key":"Regen Potion"}],"is_trial":false,"path_per_floor":["M","?","M","M","?","E","R","M","T","?","E","M","R","M","R","B",null,"M","M","?","?","?","R","E","R","T","E","M","M","R","T","R","B"],"character_chosen":"IRONCLAD","items_purchased":[],"campfire_rested":0,"item_purchase_floors":[],"current_hp_per_floor":[74,63,69,75,75,36,36,23,23,23,29,34,34,37,37,26,63,63,57,57,57,57,57,41,41,41,33,52,50,50,50,50,0],"gold":347,"neow_bonus":"THREE_ENEMY_KILL","is_prod":false,"is_daily":false,"chose_seed":false,"campfire_upgraded":7,"win_rate":0,"timestamp":1555680477,"path_taken":["M","?","M","M","?","E","R","M","T","?","E","M","R","M","R","BOSS","M","M","?","?","?","R","E","R","T","E","M","M","R","?","R","BOSS"],"build_version":"2019-01-23","purchased_purges":0,"victory":false,"max_hp_per_floor":[75,75,75,75,75,75,75,75,75,75,75,75,75,75,75,75,75,75,75,75,75,75,75,75,75,75,75,75,75,75,75,75,75],"card_choices":[{"not_picked":["Warcry","Combust"],"picked":"Spot Weakness","floor":1},{"not_picked":["Body Slam","Hemokinesis"],"picked":"Carnage","floor":3},{"not_picked":["Twin Strike","Warcry","Uppercut"],"picked":"SKIP","floor":4},{"not_picked":["Burning Pact","Rage","Clothesline"],"picked":"SKIP","floor":6},{"not_picked":["Sever Soul","Blood for Blood","Dual Wield"],"picked":"SKIP","floor":8},{"not_picked":["Dark Embrace","Iron Wave"],"picked":"Flame Barrier","floor":11},{"not_picked":["Flex","Wild Strike","Searing Blow"],"picked":"SKIP","floor":12},{"not_picked":["Anger","Reckless Charge"],"picked":"Impervious","floor":14},{"not_picked":["Bludgeon","Dark Embrace"],"picked":"Fiend Fire","floor":16},{"not_picked":["Shrug It Off","Clothesline+1"],"picked":"Feel No Pain+1","floor":18},{"not_picked":["Shrug It Off","Reckless Charge"],"picked":"Whirlwind","floor":19},{"not_picked":["Clash","Rampage"],"picked":"Sword Boomerang","floor":24},{"not_picked":["Pommel Strike","Flame Barrier"],"picked":"Second Wind+1","floor":27},{"not_picked":["Rampage","Bludgeon","Armaments"],"picked":"SKIP","floor":28},{"not_picked":["Burning Pact","Heavy Blade"],"picked":"Shrug It Off","floor":29}],"player_experience":3241537,"relics_obtained":[{"floor":6,"key":"Red Skull"},{"floor":9,"key":"Mummified Hand"},{"floor":11,"key":"Torii"},{"floor":24,"key":"Blood Vial"},{"floor":27,"key":"Meat on the Bone"},{"floor":31,"key":"Self Forming Clay"}],"event_choices":[{"damage_healed":0,"gold_gain":75,"player_choice":"Gather Gold","damage_taken":11,"max_hp_gain":0,"max_hp_loss":0,"event_name":"World of Goop","floor":2,"gold_loss":0},{"cards_removed":["Strike_R"],"damage_healed":0,"gold_gain":0,"player_choice":"Card Removal","damage_taken":0,"max_hp_gain":0,"max_hp_loss":0,"event_name":"The Cleric","floor":5,"gold_loss":75},{"damage_healed":0,"gold_gain":0,"player_choice":"Bought 2 Potions","damage_taken":0,"max_hp_gain":0,"max_hp_loss":0,"event_name":"The Woman in Blue","floor":10,"gold_loss":0},{"damage_healed":0,"gold_gain":0,"player_choice":"Obtained Relic","damage_taken":0,"relics_obtained":["Champion Belt"],"max_hp_gain":0,"max_hp_loss":0,"event_name":"Addict","floor":20,"gold_loss":85},{"damage_healed":0,"gold_gain":0,"player_choice":"Ignored","damage_taken":0,"max_hp_gain":0,"max_hp_loss":0,"event_name":"The Mausoleum","floor":21,"gold_loss":0},{"damage_healed":0,"gold_gain":0,"player_choice":"Simplicity","damage_taken":0,"max_hp_gain":0,"max_hp_loss":0,"event_name":"Back to Basics","floor":22,"gold_loss":0,"cards_upgraded":["Strike_R","Strike_R","Strike_R","Strike_R","Defend_R","Defend_R","Defend_R","Defend_R"]}],"is_beta":false,"boss_relics":[{"not_picked":["Black Star","Busted Crown"],"picked":"Cursed Key"}],"items_purged_floors":[],"is_endless":false,"potions_floor_spawned":[4,6,11,14,19,27],"killed_by":"Automaton","ascension_level":20}