{"gold_per_floor":[119,119,119,183,383,398,415,545,545,595,570,570,598,1,1,77,77,92,34,44,94,221,221,271,271,298,358,370,420,436,448,448,524,524,539,552,567,1616,1666,1666],"floor_reached":40,"playtime":2068,"items_purged":["Strike_R"],"score":872,"play_id":"b0ca749d-e13c-4ba3-9428-a74fab722069","local_time":"20190315150240","is_ascension_mode":true,"campfire_choices":[{"data":"Armaments","floor":12,"key":"SMITH"},{"floor":15,"key":"REST"},{"data":"Apotheosis","floor":23,"key":"SMITH"},{"floor":25,"key":"REST"},{"floor":32,"key":"REST"}],"neow_cost":"NONE","seed_source_timestamp":102518343884400,"circlet_count":0,"master_deck":["AscendersBane","Strike_R+1","Strike_R","Strike_R","Strike_R","Defend_R","Defend_R","Defend_R","Defend_R","Bash+1","Feel No Pain","Evolve","Armaments+1","Entrench","Feel No Pain","Apotheosis+1","True Grit","Master of Strategy+1","Body Slam+1","Die Die Die+1","Backflip","Self Repair","Body Slam+1","Undo+1","Fiend Fire+1","PiercingWail+1"],"relics":["Burning Blood","NeowsBlessing","SsserpentHead","Tiny Chest","Molten Egg 2","Art of War","Matryoshka","PrismaticShard","Orrery","Omamori","Singing Bowl","Smiling Mask","Whetstone","Nilry\u0027s Codex","Runic Dome"],"potions_floor_usage":[13,13,16,16,16,30,40],"damage_taken":[{"damage":0,"enemies":"Small Slimes","floor":1,"turns":1},{"damage":0,"enemies":"Cultist","floor":4,"turns":1},{"damage":0,"enemies":"2 Louse","floor":6,"turns":1},{"damage":18,"enemies":"Exordium Wildlife","floor":7,"turns":6},{"damage":44,"enemies":"Lagavulin","floor":13,"turns":8},{"damage":7,"enemies":"The Guardian","floor":16,"turns":17},{"damage":26,"enemies":"Spheric Guardian","floor":18,"turns":11},{"damage":12,"enemies":"3 Byrds","floor":20,"turns":8},{"damage":32,"enemies":"Centurion and Healer","floor":27,"turns":10},{"damage":6,"enemies":"Snake Plant","floor":28,"turns":7},{"damage":3,"enemies":"Chosen and Byrds","floor":30,"turns":10},{"damage":43,"enemies":"Snecko","floor":31,"turns":10},{"damage":22,"enemies":"Champ","floor":33,"turns":11},{"damage":0,"enemies":"3 Shapes","floor":35,"turns":4},{"damage":64,"enemies":"3 Darklings","floor":36,"turns":9},{"damage":20,"enemies":"Spire Growth","floor":37,"turns":6},{"damage":57,"enemies":"Giant Head","floor":40,"turns":8}],"seed_played":"2936847568947333474","potions_obtained":[{"floor":1,"key":"FearPotion"},{"floor":7,"key":"Explosive Potion"},{"floor":20,"key":"SteroidPotion"},{"floor":28,"key":"SkillPotion"},{"floor":31,"key":"Weak Potion"}],"is_trial":false,"path_per_floor":["M","$","?","M","?","M","M","T","T","?","?","R","E","$","R","B",null,"M","$","M","?","T","R","?","R","T","M","M","?","M","M","R","B",null,"M","M","M","?","?","E"],"character_chosen":"IRONCLAD","items_purchased":["Apotheosis","EntropicBrew","PrismaticShard","True Grit","Body Slam+1"],"campfire_rested":3,"item_purchase_floors":[14,14,14,14,19],"current_hp_per_floor":[74,74,74,75,75,75,63,63,63,63,63,63,25,25,47,46,68,58,58,62,41,41,41,41,65,65,48,60,39,51,26,52,46,78,86,37,33,33,33,0],"gold":1666,"neow_bonus":"THREE_ENEMY_KILL","is_prod":false,"is_daily":false,"chose_seed":false,"campfire_upgraded":2,"win_rate":0,"timestamp":1552629760,"path_taken":["M","$","?","?","?","M","M","?","T","?","?","R","E","?","R","BOSS","M","$","M","?","?","R","?","R","T","?","M","?","M","M","R","BOSS","M","M","M","?","?","E"],"build_version":"2019-01-23","purchased_purges":1,"victory":false,"max_hp_per_floor":[75,75,75,75,75,75,75,75,75,75,75,75,75,75,75,75,75,75,75,75,80,80,80,80,80,80,82,84,84,86,88,88,88,88,90,92,92,92,92,92],"card_choices":[{"not_picked":["Fire Breathing","Clash"],"picked":"Feel No Pain","floor":1},{"not_picked":["Ghostly Armor","Reckless Charge"],"picked":"Evolve","floor":4},{"not_picked":["Pommel Strike","Heavy Blade"],"picked":"Armaments","floor":6},{"not_picked":["Pommel Strike","Warcry"],"picked":"Entrench","floor":7},{"not_picked":["Sever Soul+1","Rupture"],"picked":"Feel No Pain","floor":13},{"not_picked":["Thinking Ahead","Secret Weapon"],"picked":"Master of Strategy","floor":16},{"not_picked":["Eviscerate+1","Steam"],"picked":"Body Slam+1","floor":17},{"not_picked":["Battle Trance","Cleave+1"],"picked":"Die Die Die+1","floor":17},{"not_picked":["Gash+1","Poisoned Stab+1"],"picked":"Backflip","floor":17},{"not_picked":["Warcry","Bouncing Flask"],"picked":"Self Repair","floor":17},{"not_picked":["Acrobatics","Steam","Rupture"],"picked":"SKIP","floor":18},{"not_picked":["Beam Cell+1","Underhanded Strike+1"],"picked":"Undo+1","floor":20},{"not_picked":["Hello World","HandOfGreed+1","Poisoned Stab+1"],"picked":"Singing Bowl","floor":27},{"not_picked":["Perfected Strike+1","Quick Slash+1","Stack"],"picked":"Singing Bowl","floor":28},{"not_picked":["Perfected Strike+1","Clash+1","Iron Wave+1"],"picked":"Singing Bowl","floor":30},{"not_picked":["Auto Shields","Sucker Punch+1","Reckless Charge+1"],"picked":"Singing Bowl","floor":31},{"not_picked":["Chrysalis","Tools of the Trade"],"picked":"Fiend Fire+1","floor":33},{"not_picked":["Flex","Beam Cell+1","Quick Slash+1"],"picked":"Singing Bowl","floor":35},{"not_picked":["Bane+1","Uppercut+1","Loop"],"picked":"Singing Bowl","floor":36},{"not_picked":["Slice+1","Havoc"],"picked":"PiercingWail+1","floor":37}],"player_experience":2287601,"relics_obtained":[{"floor":8,"key":"Tiny Chest"},{"floor":9,"key":"Molten Egg 2"},{"floor":13,"key":"Matryoshka"},{"floor":22,"key":"Omamori"},{"floor":22,"key":"Singing Bowl"},{"floor":26,"key":"Smiling Mask"},{"floor":26,"key":"Whetstone"},{"floor":29,"key":"Nilry\u0027s Codex"}],"event_choices":[{"damage_healed":0,"gold_gain":0,"player_choice":"Trade","damage_taken":0,"relics_obtained":["SsserpentHead"],"max_hp_gain":0,"max_hp_loss":0,"event_name":"FaceTrader","floor":3,"gold_loss":0},{"damage_healed":0,"gold_gain":150,"player_choice":"AGREE","damage_taken":0,"max_hp_gain":0,"max_hp_loss":0,"event_name":"Liars Game","floor":5,"gold_loss":0,"cards_obtained":["Doubt"]},{"damage_healed":0,"gold_gain":0,"player_choice":"Searched \u00271\u0027 times","damage_taken":0,"relics_obtained":["Art of War"],"max_hp_gain":0,"max_hp_loss":0,"event_name":"Dead Adventurer","floor":10,"gold_loss":0},{"cards_removed":["Doubt"],"damage_healed":0,"gold_gain":0,"player_choice":"Card Removal","damage_taken":0,"max_hp_gain":0,"max_hp_loss":0,"event_name":"The Cleric","floor":11,"gold_loss":75},{"damage_healed":0,"gold_gain":0,"player_choice":"Shed Blood","damage_taken":26,"max_hp_gain":5,"max_hp_loss":0,"event_name":"Forgotten Altar","floor":21,"gold_loss":0},{"damage_healed":0,"gold_gain":0,"player_choice":"Upgraded","damage_taken":0,"max_hp_gain":0,"max_hp_loss":0,"event_name":"Upgrade Shrine","floor":24,"gold_loss":0,"cards_upgraded":["Master of Strategy"]},{"damage_healed":0,"gold_gain":0,"player_choice":"Obtained Book","damage_taken":21,"max_hp_gain":0,"max_hp_loss":0,"event_name":"Cursed Tome","floor":29,"gold_loss":0},{"damage_healed":0,"gold_gain":999,"player_choice":"Gold","damage_taken":0,"max_hp_gain":0,"max_hp_loss":0,"event_name":"MindBloom","floor":38,"gold_loss":0,"cards_obtained":["Normality","Normality"]},{"damage_healed":0,"gold_gain":0,"player_choice":"Ignored","damage_taken":0,"max_hp_gain":0,"max_hp_loss":0,"event_name":"Tomb of Lord Red Mask","floor":39,"gold_loss":0}],"is_beta":false,"boss_relics":[{"not_picked":["Busted Crown","Velvet Choker"],"picked":"Orrery"},{"not_picked":["Sozu","Runic Cube"],"picked":"Runic Dome"}],"items_purged_floors":[14],"is_endless":false,"potions_floor_spawned":[1,7,20,28,31],"killed_by":"Giant Head","ascension_level":20}