{"gold_per_floor":[114,128,142,40,40,40,71,82,82,101,41,41,41,41,41,142,142,161,178,194,53,53],"floor_reached":22,"playtime":1458,"items_purged":["Defend_R","Strike_R"],"score":186,"play_id":"a08be858-9871-45d1-973e-3d456b143caa","local_time":"20190326204318","is_ascension_mode":false,"campfire_choices":[{"data":"Offering","floor":6.0,"key":"SMITH"},{"floor":12.0,"key":"REST"},{"floor":15.0,"key":"REST"}],"neow_cost":"NONE","seed_source_timestamp":1648335186400,"circlet_count":0,"master_deck":["Strike_R","Strike_R","Strike_R","Strike_R","Defend_R+1","Defend_R","Defend_R+1","Bash","Shrug It Off","Offering+1","Armaments","Whirlwind","Thunderclap","Flex","Sword Boomerang","True Grit","Spot Weakness","Sword Boomerang","Heavy Blade","Headbutt","Rage+1","Metallicize"],"special_seed":0,"relics":["Burning Blood","War Paint","The Courier","Orrery"],"potions_floor_usage":[22],"damage_taken":[{"damage":1.0,"enemies":"2 Louse","floor":1.0,"turns":3.0},{"damage":2.0,"enemies":"Jaw Worm","floor":2.0,"turns":5.0},{"damage":7.0,"enemies":"Cultist","floor":3.0,"turns":3.0},{"damage":35.0,"enemies":"Lagavulin","floor":7.0,"turns":7.0},{"damage":6.0,"enemies":"3 Louse","floor":8.0,"turns":2.0},{"damage":33.0,"enemies":"Exordium Thugs","floor":10.0,"turns":4.0},{"damage":14.0,"enemies":"Slime Boss","floor":16.0,"turns":5.0},{"damage":6.0,"enemies":"3 Byrds","floor":18.0,"turns":5.0},{"damage":32.0,"enemies":"Shell Parasite","floor":19.0,"turns":5.0},{"damage":42.0,"enemies":"3 Cultists","floor":20.0,"turns":5.0},{"damage":26,"enemies":"Centurion and Healer","floor":22,"turns":5}],"seed_played":"-1861928476989464363","potions_obtained":[{"floor":7.0,"key":"Strength Potion"},{"floor":8.0,"key":"PowerPotion"},{"floor":16.0,"key":"Swift Potion"},{"floor":18.0,"key":"FearPotion"},{"floor":20.0,"key":"Swift Potion"}],"is_trial":false,"path_per_floor":["M","M","M","$","?","R","E","M","T","M","$","R","?","?","R","B",null,"M","M","M","$","M"],"character_chosen":"IRONCLAD","items_purchased":["Whirlwind","Thunderclap","Metallicize"],"campfire_rested":2,"item_purchase_floors":[4,4,21],"current_hp_per_floor":[88,88,87,87,87,87,58,58,58,31,31,57,57,57,83,75,88,88,62,26,26,0],"gold":53,"neow_bonus":"TEN_PERCENT_HP_BONUS","is_prod":false,"is_daily":false,"chose_seed":false,"campfire_upgraded":1,"win_rate":0,"timestamp":1553600598,"path_taken":["M","M","M","$","?","R","E","M","T","M","$","R","?","?","R","BOSS","M","M","M","$","M"],"build_version":"2019-01-23","purchased_purges":2,"victory":false,"max_hp_per_floor":[88,88,88,88,88,88,88,88,88,88,88,88,88,88,88,88,88,88,88,88,88,88],"card_choices":[{"not_picked":["True Grit","Wild Strike"],"picked":"Shrug It Off","floor":1.0},{"not_picked":["Burning Pact","Evolve"],"picked":"Offering","floor":2.0},{"not_picked":["Havoc","Pommel Strike"],"picked":"Armaments","floor":3.0},{"not_picked":["Thunderclap","Anger"],"picked":"Flex","floor":7.0},{"not_picked":["Corruption","Armaments"],"picked":"Sword Boomerang","floor":8.0},{"not_picked":["Cleave","Warcry"],"picked":"True Grit","floor":10.0},{"not_picked":["Dark Embrace","Sword Boomerang"],"picked":"Spot Weakness","floor":17.0},{"not_picked":["Wild Strike","Power Through"],"picked":"Sword Boomerang","floor":17.0},{"not_picked":["Thunderclap","Clash"],"picked":"Heavy Blade","floor":17.0},{"not_picked":["True Grit","Evolve"],"picked":"Headbutt","floor":17.0},{"not_picked":["Power Through","Cleave"],"picked":"Rage+1","floor":18.0},{"not_picked":["Disarm","Fire Breathing+1","Warcry"],"picked":"SKIP","floor":19.0},{"not_picked":["Dropkick","Clash+1","Perfected Strike"],"picked":"SKIP","floor":20.0},{"not_picked":["Dropkick","Clash+1","Perfected Strike"],"picked":"SKIP","floor":20.0}],"player_experience":218538,"relics_obtained":[{"floor":7.0,"key":"War Paint"},{"floor":9.0,"key":"The Courier"}],"event_choices":[{"damage_healed":0.0,"max_hp_gain":0.0,"max_hp_loss":0.0,"gold_gain":0.0,"event_name":"Scrap Ooze","player_choice":"Fled","floor":5.0,"gold_loss":0.0,"damage_taken":0.0},{"damage_healed":0.0,"max_hp_gain":0.0,"max_hp_loss":0.0,"gold_gain":0.0,"event_name":"Liars Game","player_choice":"Ignored","floor":13.0,"gold_loss":0.0,"damage_taken":0.0},{"damage_healed":0.0,"max_hp_gain":0.0,"max_hp_loss":0.0,"gold_gain":0.0,"event_name":"Dead Adventurer","player_choice":"Searched \u00270\u0027 times","floor":14.0,"gold_loss":0.0,"damage_taken":0.0}],"is_beta":false,"boss_relics":[{"not_picked":["Cursed Key","Runic Cube"],"picked":"Orrery"}],"items_purged_floors":[11,21],"is_endless":false,"potions_floor_spawned":[7,8,16,18,20],"killed_by":"Centurion and Healer","ascension_level":0}