{"gold_per_floor":[115,133,145,156,60,60,25,40,86,86,119,119,138,138,138,138],"floor_reached":16,"playtime":391,"items_purged":[],"score":204,"play_id":"037c4594-d1c3-4c76-bca0-b5096de02336","local_time":"20190411201637","is_ascension_mode":true,"campfire_choices":[{"data":"Discovery","floor":6,"key":"SMITH"},{"data":"Armaments","floor":12,"key":"SMITH"},{"floor":15,"key":"REST"}],"neow_cost":"NONE","seed_source_timestamp":411539548518300,"circlet_count":0,"master_deck":["AscendersBane","Strike_R","Strike_R","Strike_R","Strike_R","Defend_R","Defend_R","Defend_R","Defend_R+1","Bash+1","True Grit","Shrug It Off","Armaments+1","Discovery+1"],"relics":["Burning Blood","NeowsBlessing","Vajra","Self Forming Clay"],"potions_floor_usage":[11,16],"damage_taken":[{"damage":0,"enemies":"Cultist","floor":1,"turns":1},{"damage":0,"enemies":"Small Slimes","floor":2,"turns":1},{"damage":0,"enemies":"2 Louse","floor":3,"turns":2},{"damage":11,"enemies":"Looter","floor":4,"turns":4},{"damage":18,"enemies":"Large Slime","floor":8,"turns":8},{"damage":35,"enemies":"3 Sentries","floor":11,"turns":10},{"damage":4,"enemies":"Exordium Wildlife","floor":13,"turns":5},{"damage":24,"enemies":"Hexaghost","floor":16,"turns":9}],"seed_played":"-3943759478757113535","potions_obtained":[{"floor":3,"key":"FairyPotion"},{"floor":8,"key":"Block Potion"},{"floor":13,"key":"SteroidPotion"}],"is_trial":false,"path_per_floor":["M","M","M","M","$","R","?","M","T","?","E","R","M","?","R","B"],"character_chosen":"IRONCLAD","items_purchased":["Discovery"],"campfire_rested":1,"item_purchase_floors":[5],"current_hp_per_floor":[74,75,75,70,70,70,75,63,63,40,11,11,13,6,28,4],"gold":138,"neow_bonus":"THREE_ENEMY_KILL","is_prod":false,"is_daily":false,"chose_seed":false,"campfire_upgraded":2,"win_rate":0,"timestamp":1554981397,"path_taken":["M","M","M","M","?","R","?","M","T","?","E","R","M","?","R","BOSS"],"build_version":"2019-01-23","purchased_purges":0,"victory":false,"max_hp_per_floor":[75,75,75,75,75,75,75,75,75,75,75,75,75,75,75,75],"card_choices":[{"not_picked":["Headbutt","Rage","Sword Boomerang"],"picked":"SKIP","floor":1},{"not_picked":["Shrug It Off","Entrench"],"picked":"True Grit","floor":2},{"not_picked":["Sword Boomerang","Rage"],"picked":"Shrug It Off","floor":3},{"not_picked":["Clothesline","Heavy Blade"],"picked":"Armaments","floor":4},{"not_picked":["Armaments","Heavy Blade","Iron Wave"],"picked":"SKIP","floor":8},{"not_picked":["Bloodletting","Cleave","Searing Blow"],"picked":"SKIP","floor":11},{"not_picked":["Bludgeon","Perfected Strike","Wild Strike"],"picked":"SKIP","floor":13}],"player_experience":3061541,"relics_obtained":[{"floor":9,"key":"Vajra"},{"floor":11,"key":"Self Forming Clay"}],"event_choices":[{"damage_healed":18,"gold_gain":0,"player_choice":"Healed","damage_taken":0,"max_hp_gain":0,"max_hp_loss":0,"event_name":"The Cleric","floor":7,"gold_loss":35},{"damage_healed":0,"gold_gain":0,"player_choice":"Entered Light","damage_taken":23,"max_hp_gain":0,"max_hp_loss":0,"event_name":"Shining Light","floor":10,"gold_loss":0,"cards_upgraded":["Defend_R","Bash"]},{"cards_removed":["Strike_R"],"damage_healed":0,"gold_gain":0,"player_choice":"Card Removal","damage_taken":7,"max_hp_gain":0,"max_hp_loss":0,"event_name":"Golden Wing","floor":14,"gold_loss":0}],"is_beta":false,"boss_relics":[],"items_purged_floors":[],"is_endless":false,"potions_floor_spawned":[3,8,13],"killed_by":"Hexaghost","ascension_level":20}