{"gold_per_floor":[109,125,2,2,2,2,77,104,104,139,151,193,205,55,55,55],"floor_reached":16,"playtime":352,"items_purged":["Defend_B"],"score":278,"play_id":"778db0cb-0e5f-4a53-9ccc-da2204d5bb78","local_time":"20190224115116","is_ascension_mode":true,"campfire_choices":[{"data":"Streamline","floor":6,"key":"SMITH"},{"data":"Zap","floor":11,"key":"SMITH"},{"data":"Defragment","floor":15,"key":"SMITH"}],"neow_cost":"NONE","seed_source_timestamp":345721582946700,"circlet_count":0,"master_deck":["AscendersBane","Strike_B","Strike_B","Strike_B","Strike_B","Defend_B","Defend_B","Defend_B","Zap+1","Dualcast+1","Self Repair+1","Discovery+1","Streamline+1","Core Surge","White Noise","Capacitor","Defragment+1"],"relics":["Cracked Core","NeowsBlessing","Strawberry","Pantograph","MawBank","WingedGreaves"],"potions_floor_usage":[16],"damage_taken":[{"damage":0,"enemies":"Cultist","floor":1,"turns":1},{"damage":0,"enemies":"Small Slimes","floor":2,"turns":1},{"damage":0,"enemies":"Lagavulin","floor":8,"turns":2},{"damage":27,"enemies":"3 Sentries","floor":10,"turns":8},{"damage":24,"enemies":"Gremlin Nob","floor":12,"turns":4},{"damage":44,"enemies":"Slime Boss","floor":16,"turns":7}],"seed_played":"48338326976068532","potions_obtained":[{"floor":8,"key":"Weak Potion"}],"is_trial":false,"path_per_floor":["M","M","$","?","$","R","?","E","T","E","R","E","?","$","R","B"],"character_chosen":"DEFECT","items_purchased":["Discovery","Streamline","Defragment"],"campfire_rested":0,"item_purchase_floors":[3,3,14],"current_hp_per_floor":[64,64,64,43,43,43,32,49,49,32,32,18,18,18,18,0],"gold":55,"neow_bonus":"THREE_ENEMY_KILL","is_prod":false,"is_daily":false,"chose_seed":false,"campfire_upgraded":3,"win_rate":0,"timestamp":1550976676,"path_taken":["M","?","$","?","?","R","?","E","T","E","R","E","?","?","R","BOSS"],"build_version":"2019-01-23","purchased_purges":1,"victory":false,"max_hp_per_floor":[71,71,71,71,71,71,71,78,78,78,78,78,78,78,78,78],"card_choices":[{"not_picked":["Turbo","Steam","Barrage"],"picked":"SKIP","floor":1},{"not_picked":["Barrage","Steam"],"picked":"Self Repair","floor":2},{"not_picked":["Capacitor","Go for the Eyes"],"picked":"Core Surge","floor":8},{"not_picked":["Scrape","Machine Learning"],"picked":"White Noise","floor":10},{"not_picked":["Gash","Hologram"],"picked":"Capacitor","floor":12}],"player_experience":1786669,"relics_obtained":[{"floor":8,"key":"Strawberry"},{"floor":9,"key":"Pantograph"},{"floor":10,"key":"MawBank"},{"floor":12,"key":"WingedGreaves"}],"event_choices":[{"damage_healed":0,"gold_gain":0,"player_choice":"Entered Light","damage_taken":21,"max_hp_gain":0,"max_hp_loss":0,"event_name":"Shining Light","floor":4,"gold_loss":0,"cards_upgraded":["Self Repair","Discovery"]},{"damage_healed":0,"gold_gain":75,"player_choice":"Gather Gold","damage_taken":11,"max_hp_gain":0,"max_hp_loss":0,"event_name":"World of Goop","floor":7,"gold_loss":0},{"damage_healed":0,"gold_gain":0,"player_choice":"Grow","damage_taken":0,"max_hp_gain":0,"max_hp_loss":0,"event_name":"Living Wall","floor":13,"gold_loss":0,"cards_upgraded":["Dualcast"]}],"is_beta":false,"boss_relics":[],"items_purged_floors":[14],"is_endless":false,"potions_floor_spawned":[8],"killed_by":"Slime Boss","ascension_level":20}