{"gold_per_floor":[112,112,191,191,210,241,265,298,298,316,316,316,340,363,363,452,452,470,431,431,431,431],"floor_reached":22,"playtime":889,"items_purged":[],"score":427,"play_id":"46508a84-66d6-4086-9302-c5d722e6fc91","local_time":"20190415174655","is_ascension_mode":true,"campfire_choices":[{"floor":12,"key":"REST"},{"floor":15,"key":"REST"}],"neow_cost":"NONE","seed_source_timestamp":346169168240364,"circlet_count":0,"master_deck":["AscendersBane","Strike_B","Strike_B","Strike_B","Defend_B","Defend_B","Defend_B","Zap","Dualcast","Barrage","Injury","Capacitor","Static Discharge","Force Field","BootSequence","Loop","Leap","Electrodynamics","Glacier+1","Hyperbeam+1","Cold Snap","Storm","Writhe","Darkness"],"relics":["Cracked Core","NeowsBlessing","Golden Idol","Blue Candle","StoneCalendar","Ginger","Matryoshka","Astrolabe","Vajra"],"potions_floor_usage":[8,16],"damage_taken":[{"damage":0,"enemies":"2 Louse","floor":1,"turns":1},{"damage":0,"enemies":"Jaw Worm","floor":5,"turns":1},{"damage":0,"enemies":"3 Sentries","floor":6,"turns":2},{"damage":7,"enemies":"Small Slimes","floor":7,"turns":3},{"damage":30,"enemies":"Lagavulin","floor":8,"turns":7},{"damage":0,"enemies":"3 Louse","floor":10,"turns":2},{"damage":9,"enemies":"Exordium Thugs","floor":13,"turns":4},{"damage":19,"enemies":"Exordium Wildlife","floor":14,"turns":5},{"damage":40,"enemies":"The Guardian","floor":16,"turns":8},{"damage":33,"enemies":"Shell Parasite","floor":18,"turns":7},{"damage":24,"enemies":"Chosen","floor":22,"turns":3}],"seed_played":"5368029977284741531","potions_obtained":[{"floor":6,"key":"SpeedPotion"},{"floor":8,"key":"Fire Potion"},{"floor":10,"key":"SmokeBomb"},{"floor":14,"key":"PowerPotion"}],"is_trial":false,"path_per_floor":["M","?","T","?","M","E","M","E","T","M","?","R","M","M","R","B",null,"M","$","?","?","M"],"character_chosen":"DEFECT","items_purchased":["Storm"],"campfire_rested":2,"item_purchase_floors":[19],"current_hp_per_floor":[64,64,64,64,64,64,57,27,27,27,27,48,39,20,41,1,54,21,21,21,21,0],"gold":431,"neow_bonus":"THREE_ENEMY_KILL","is_prod":false,"is_daily":false,"chose_seed":false,"campfire_upgraded":0,"win_rate":0,"timestamp":1555339615,"path_taken":["M","?","?","?","M","E","M","E","T","M","?","R","?","M","R","BOSS","M","$","?","?","?"],"build_version":"2019-01-23","purchased_purges":0,"victory":false,"max_hp_per_floor":[71,71,71,71,71,71,71,71,71,71,71,71,71,71,71,71,71,71,71,71,71,71],"card_choices":[{"not_picked":["Compile Driver","Aggregate"],"picked":"Barrage","floor":1},{"not_picked":["Steam","Turbo"],"picked":"Capacitor","floor":5},{"not_picked":["Steam","Heatsinks"],"picked":"Static Discharge","floor":6},{"not_picked":["Chill","Reprogram"],"picked":"Sunder","floor":7},{"not_picked":["Hologram","Gash"],"picked":"Force Field","floor":8},{"not_picked":["Doom and Gloom","Blizzard"],"picked":"Fusion","floor":10},{"not_picked":["Glacier","Barrage"],"picked":"Loop","floor":13},{"not_picked":["Sweeping Beam","Rebound"],"picked":"Leap","floor":14},{"not_picked":["Thunder Strike","Biased Cognition"],"picked":"Electrodynamics","floor":16},{"not_picked":["Undo","Hologram"],"picked":"Cold Snap","floor":18}],"player_experience":1196980,"relics_obtained":[{"floor":3,"key":"Blue Candle"},{"floor":6,"key":"StoneCalendar"},{"floor":8,"key":"Ginger"},{"floor":9,"key":"Matryoshka"}],"event_choices":[{"damage_healed":0,"gold_gain":0,"player_choice":"Take Wound","damage_taken":0,"relics_obtained":["Golden Idol"],"max_hp_gain":0,"max_hp_loss":0,"event_name":"Golden Idol","floor":2,"gold_loss":0,"cards_obtained":["Injury"]},{"damage_healed":0,"gold_gain":0,"player_choice":"Ignored","damage_taken":0,"max_hp_gain":0,"max_hp_loss":0,"event_name":"Shining Light","floor":4,"gold_loss":0},{"damage_healed":0,"gold_gain":0,"cards_transformed":["Fusion"],"player_choice":"Transformed","damage_taken":0,"max_hp_gain":0,"max_hp_loss":0,"event_name":"Transmorgrifier","floor":11,"gold_loss":0,"cards_obtained":["BootSequence"]},{"damage_healed":0,"gold_gain":0,"player_choice":"Opened","damage_taken":0,"relics_obtained":["Vajra"],"max_hp_gain":0,"max_hp_loss":0,"event_name":"The Mausoleum","floor":20,"gold_loss":0,"cards_obtained":["Writhe"]},{"damage_healed":0,"gold_gain":0,"cards_transformed":["Scrape"],"player_choice":"Transformed","damage_taken":0,"max_hp_gain":0,"max_hp_loss":0,"event_name":"Transmorgrifier","floor":21,"gold_loss":0,"cards_obtained":["Darkness"]}],"is_beta":false,"boss_relics":[{"not_picked":["Black Star","Sozu"],"picked":"Astrolabe"}],"items_purged_floors":[],"is_endless":false,"potions_floor_spawned":[6,8,10,14],"killed_by":"Chosen","ascension_level":19}