{"gold_per_floor":[113,113,124,135,149,149,168,179,179,254,254,254,265,5,5,79,79,91,91,91],"floor_reached":20,"playtime":963,"items_purged":[],"score":315,"play_id":"5e3d9b19-9a6f-42fa-8af1-30cb688a9028","local_time":"20190321201916","is_ascension_mode":true,"campfire_choices":[{"floor":6,"key":"REST"},{"floor":11,"key":"REST"},{"floor":15,"key":"REST"}],"neow_cost":"NONE","seed_source_timestamp":626716044632289,"circlet_count":0,"master_deck":["AscendersBane","Strike_B+1","Strike_B+1","Strike_B+1","Strike_B+1","Defend_B+1","Defend_B+1","Defend_B+1","Defend_B+1","Zap","Dualcast","Streamline","Stack","Ball Lightning","Force Field","Beam Cell","Storm","Dramatic Entrance","Compile Driver","Coolheaded","Amplify","Streamline","Cold Snap","Rainbow","Hello World","Melter","Stack+1"],"relics":["Cracked Core","Happy Flower","Anchor","Symbiotic Virus","Orrery"],"potions_floor_usage":[18],"damage_taken":[{"damage":2,"enemies":"Jaw Worm","floor":1,"turns":4},{"damage":0,"enemies":"2 Louse","floor":3,"turns":2},{"damage":0,"enemies":"Small Slimes","floor":4,"turns":3},{"damage":0,"enemies":"Looter","floor":5,"turns":2},{"damage":6,"enemies":"Exordium Thugs","floor":7,"turns":4},{"damage":27,"enemies":"Gremlin Gang","floor":8,"turns":4},{"damage":10,"enemies":"3 Louse","floor":13,"turns":3},{"damage":41,"enemies":"Hexaghost","floor":16,"turns":9},{"damage":12,"enemies":"3 Byrds","floor":18,"turns":3},{"damage":15,"enemies":"Colosseum Slavers","floor":20,"turns":4},{"damage":37,"enemies":"Colosseum Nobs","floor":20,"turns":3}],"seed_played":"-6310566092997091352","potions_obtained":[{"floor":1,"key":"Strength Potion"},{"floor":3,"key":"LiquidBronze"}],"is_trial":false,"path_per_floor":["M","?","M","M","M","R","M","M","T","?","R","?","M","$","R","B",null,"M","?","?"],"character_chosen":"DEFECT","items_purchased":["Storm","Dramatic Entrance","Compile Driver","Coolheaded"],"campfire_rested":3,"item_purchase_floors":[14,14,14,14],"current_hp_per_floor":[62,57,57,57,57,71,65,38,38,27,48,48,38,38,59,18,58,46,46,0],"gold":91,"neow_bonus":"RANDOM_COMMON_RELIC","is_prod":false,"is_daily":false,"chose_seed":false,"campfire_upgraded":0,"win_rate":0,"timestamp":1553192356,"path_taken":["M","?","M","M","M","R","M","M","T","?","R","?","M","$","R","BOSS","M","?","?"],"build_version":"2019-01-23","purchased_purges":0,"victory":false,"max_hp_per_floor":[71,71,71,71,71,71,71,71,71,71,71,71,71,71,71,71,71,71,71,71],"card_choices":[{"not_picked":["Tempest","Leap"],"picked":"Streamline","floor":1},{"not_picked":["Streamline","Turbo"],"picked":"Stack","floor":3},{"not_picked":["Leap","Hologram","Beam Cell"],"picked":"SKIP","floor":4},{"not_picked":["Thunder Strike","Barrage","Go for the Eyes"],"picked":"SKIP","floor":5},{"not_picked":["Reprogram","Steam Power"],"picked":"Ball Lightning","floor":7},{"not_picked":["Turbo","Genetic Algorithm"],"picked":"Force Field","floor":8},{"not_picked":["Aggregate","Leap"],"picked":"Beam Cell","floor":13},{"not_picked":["All For One","Machine Learning"],"picked":"Amplify","floor":16},{"not_picked":["Lockon","Sweeping Beam"],"picked":"Streamline","floor":17},{"not_picked":["Barrage","Coolheaded"],"picked":"Cold Snap","floor":17},{"not_picked":["Rebound","Barrage"],"picked":"Rainbow","floor":17},{"not_picked":["FTL","Chaos"],"picked":"Hello World","floor":17},{"not_picked":["Conserve Battery","Leap"],"picked":"Melter","floor":17},{"not_picked":["Tempest","Gash+1"],"picked":"Stack+1","floor":18}],"player_experience":1121103,"relics_obtained":[{"floor":9,"key":"Symbiotic Virus"}],"event_choices":[{"damage_healed":0,"gold_gain":0,"player_choice":"Success","damage_taken":5,"relics_obtained":["Anchor"],"max_hp_gain":0,"max_hp_loss":0,"event_name":"Scrap Ooze","floor":2,"gold_loss":0},{"damage_healed":0,"gold_gain":75,"player_choice":"Gather Gold","damage_taken":11,"max_hp_gain":0,"max_hp_loss":0,"event_name":"World of Goop","floor":10,"gold_loss":0},{"damage_healed":0,"gold_gain":0,"player_choice":"Ignored","damage_taken":0,"max_hp_gain":0,"max_hp_loss":0,"event_name":"Shining Light","floor":12,"gold_loss":0},{"damage_healed":0,"gold_gain":0,"player_choice":"Simplicity","damage_taken":0,"max_hp_gain":0,"max_hp_loss":0,"event_name":"Back to Basics","floor":19,"gold_loss":0,"cards_upgraded":["Strike_B","Strike_B","Strike_B","Strike_B","Defend_B","Defend_B","Defend_B","Defend_B"]},{"damage_healed":0,"gold_gain":0,"player_choice":"Fight","damage_taken":0,"max_hp_gain":0,"max_hp_loss":0,"event_name":"Colosseum","floor":20,"gold_loss":0},{"damage_healed":0,"gold_gain":0,"player_choice":"Fought Nobs","damage_taken":0,"max_hp_gain":0,"max_hp_loss":0,"event_name":"Colosseum","floor":20,"gold_loss":0}],"is_beta":false,"boss_relics":[{"not_picked":["Velvet Choker","Black Star"],"picked":"Orrery"}],"items_purged_floors":[],"is_endless":false,"potions_floor_spawned":[1,3,13],"killed_by":"Colosseum Nobs","ascension_level":18}