{"gold_per_floor":[110,110,110,25,41,41,41,116,116,127,139,139,139,154,154,229,229,243,257,85,85],"floor_reached":21,"playtime":1168,"items_purged":[],"score":321,"play_id":"ba771ff8-81f9-4cae-9d33-075f057e207c","local_time":"20190403155821","is_ascension_mode":true,"campfire_choices":[{"floor":6.0,"key":"REST"},{"floor":13.0,"key":"REST"},{"floor":15.0,"key":"REST"}],"neow_cost":"NONE","seed_source_timestamp":0,"circlet_count":0,"master_deck":["AscendersBane","Strike_B","Strike_B","Strike_B","Strike_B","Defend_B","Defend_B","Zap+1","Dualcast+1","Conserve Battery","Hello World","Redo","Steam","Parasite","Capacitor","Echo Form","Recycle+1","Fission+1","Leap+1","Force Field","Force Field","Storm","Melter"],"special_seed":0,"relics":["Cracked Core","Juzu Bracelet","Turnip","War Paint","Astrolabe"],"potions_floor_usage":[19,21],"damage_taken":[{"damage":7.0,"enemies":"Jaw Worm","floor":1.0,"turns":3.0},{"damage":0.0,"enemies":"2 Louse","floor":5.0,"turns":3.0},{"damage":0.0,"enemies":"Cultist","floor":10.0,"turns":2.0},{"damage":45.0,"enemies":"Exordium Thugs","floor":11.0,"turns":5.0},{"damage":4.0,"enemies":"3 Louse","floor":14.0,"turns":4.0},{"damage":38.0,"enemies":"Slime Boss","floor":16.0,"turns":9.0},{"damage":36.0,"enemies":"Shell Parasite","floor":18.0,"turns":9.0},{"damage":21,"enemies":"Chosen","floor":19,"turns":7},{"damage":10,"enemies":"Sentry and Sphere","floor":21,"turns":2}],"seed_played":"3980264802885327253","potions_obtained":[{"floor":10.0,"key":"PowerPotion"},{"floor":11.0,"key":"SpeedPotion"},{"floor":14.0,"key":"Ancient Potion"}],"is_trial":false,"path_per_floor":["M","?","?","$","M","R","?","?","T","M","M","?","R","M","R","B",null,"M","M","$","M"],"character_chosen":"DEFECT","items_purchased":["Hello World","Storm","Melter","SkillPotion"],"campfire_rested":3,"item_purchase_floors":[4,20,20,20],"current_hp_per_floor":[57,57,57,57,57,71,71,60,60,60,15,32,53,49,70,32,61,25,4,4,0],"gold":85,"neow_bonus":"RANDOM_COMMON_RELIC","is_prod":false,"is_daily":false,"chose_seed":false,"campfire_upgraded":0,"win_rate":0,"timestamp":1554296301,"path_taken":["M","?","?","$","M","R","?","?","T","M","M","?","R","M","R","BOSS","M","M","$","M"],"build_version":"2019-01-23","purchased_purges":0,"victory":false,"max_hp_per_floor":[71,71,71,71,71,71,71,71,71,71,71,71,71,71,71,71,71,71,71,71,71],"card_choices":[{"not_picked":["Hologram","Recycle"],"picked":"Conserve Battery","floor":1.0},{"not_picked":["Reprogram","Scrape"],"picked":"Redo","floor":5.0},{"not_picked":["Genetic Algorithm","Turbo"],"picked":"Stack","floor":10.0},{"not_picked":["Compile Driver","Hologram"],"picked":"Steam","floor":11.0},{"not_picked":["Gash","Cold Snap"],"picked":"Capacitor","floor":14.0},{"not_picked":["Thunder Strike","Fission"],"picked":"Echo Form","floor":16.0},{"not_picked":["Hologram","Coolheaded"],"picked":"Force Field","floor":18.0},{"not_picked":["Recycle","Double Energy"],"picked":"Force Field","floor":19}],"player_experience":1155428,"relics_obtained":[{"floor":9.0,"key":"War Paint"}],"event_choices":[{"damage_healed":0.0,"max_hp_gain":0.0,"max_hp_loss":0.0,"gold_gain":0.0,"event_name":"Shining Light","player_choice":"Ignored","floor":2.0,"gold_loss":0.0,"damage_taken":0.0},{"damage_healed":0.0,"max_hp_gain":0.0,"max_hp_loss":0.0,"gold_gain":0.0,"cards_transformed":["Defend_B"],"event_name":"Living Wall","player_choice":"Change","floor":3.0,"gold_loss":0.0,"damage_taken":0.0,"cards_obtained":["Fusion"]},{"damage_healed":0.0,"max_hp_gain":0.0,"max_hp_loss":0.0,"gold_gain":0.0,"event_name":"Dead Adventurer","player_choice":"Searched \u00271\u0027 times","floor":7.0,"gold_loss":0.0,"damage_taken":0.0,"relics_obtained":["Turnip"]},{"damage_healed":0.0,"max_hp_gain":0.0,"max_hp_loss":0.0,"gold_gain":75.0,"event_name":"World of Goop","player_choice":"Gather Gold","floor":8.0,"gold_loss":0.0,"damage_taken":11.0},{"damage_healed":17.0,"max_hp_gain":0.0,"max_hp_loss":0.0,"gold_gain":0.0,"event_name":"Mushrooms","player_choice":"Healed and dodged fight","floor":12.0,"gold_loss":0.0,"damage_taken":0.0,"cards_obtained":["Parasite"]}],"is_beta":false,"boss_relics":[{"not_picked":["Busted Crown","Cursed Key"],"picked":"Astrolabe"}],"items_purged_floors":[],"is_endless":false,"potions_floor_spawned":[10,11,14],"killed_by":"Sentry and Sphere","ascension_level":18}