{"gold_per_floor":[113,131,150,168,185,214,214,224,224,224,224,25,25,43,43,147,147,163,163,173,173,173,173,173,198,198,214,214,247,79,94,94,192,192,205,115,129,145,245,245,265,265,265,265,15,15,45,45,45,45],"floor_reached":51,"playtime":1820,"items_purged":["Defend_R","Strike_R"],"score":1260,"play_id":"3fa3122c-3493-417f-b63a-abb2a6b598c1","local_time":"20190203173812","is_ascension_mode":true,"campfire_choices":[{"data":"Armaments","floor":7,"key":"SMITH"},{"data":"Cleave","floor":10,"key":"SMITH"},{"floor":15,"key":"REST"},{"data":"Barricade","floor":23,"key":"SMITH"},{"data":"Entrench","floor":28,"key":"SMITH"},{"data":"Entrench","floor":32,"key":"SMITH"},{"data":"Evolve","floor":40,"key":"SMITH"},{"data":"Whirlwind","floor":42,"key":"SMITH"},{"data":"Exhume","floor":44,"key":"SMITH"},{"data":"Exhume","floor":46,"key":"SMITH"},{"data":"Power Through","floor":49,"key":"SMITH"}],"neow_cost":"NONE","seed_source_timestamp":116899505351700,"circlet_count":0,"master_deck":["AscendersBane","Strike_R","Defend_R","Defend_R+1","Defend_R","Bash+1","Dropkick","Evolve+1","Entrench+1","Armaments+1","Power Through+1","Shrug It Off","Cleave+1","Exhume+1","Barricade+1","Battle Trance+1","Flame Barrier","Seeing Red","Ghostly","Ghostly","Ghostly","Ghostly","Ghostly","Demon Form+1","Whirlwind+1","Entrench+1","Impervious","Exhume+1","Second Wind+1","Body Slam+1"],"relics":["Burning Blood","Vajra","Ancient Tea Set","Matryoshka","Runic Dome","Dream Catcher","Boot","Frozen Egg 2","Mercury Hourglass","Coffee Dripper","Girya","Juzu Bracelet","Self Forming Clay","Bottled Tornado","Happy Flower"],"potions_floor_usage":[6,16,20,25],"damage_taken":[{"damage":6,"enemies":"Cultist","floor":1,"turns":3},{"damage":3,"enemies":"Small Slimes","floor":2,"turns":4},{"damage":12,"enemies":"Jaw Worm","floor":3,"turns":2},{"damage":37,"enemies":"Exordium Thugs","floor":4,"turns":6},{"damage":9,"enemies":"Red Slaver","floor":5,"turns":4},{"damage":20,"enemies":"Lagavulin","floor":6,"turns":7},{"damage":7,"enemies":"Large Slime","floor":8,"turns":7},{"damage":0,"enemies":"Blue Slaver","floor":14,"turns":2},{"damage":10,"enemies":"The Guardian","floor":16,"turns":15},{"damage":8,"enemies":"Spheric Guardian","floor":18,"turns":6},{"damage":31,"enemies":"2 Thieves","floor":20,"turns":4},{"damage":0,"enemies":"Book of Stabbing","floor":25,"turns":7},{"damage":0,"enemies":"Snake Plant","floor":27,"turns":8},{"damage":14,"enemies":"Gremlin Leader","floor":29,"turns":11},{"damage":3,"enemies":"Centurion and Healer","floor":31,"turns":8},{"damage":4,"enemies":"Collector","floor":33,"turns":13},{"damage":2,"enemies":"3 Shapes","floor":35,"turns":5},{"damage":0,"enemies":"Orb Walker","floor":37,"turns":6},{"damage":1,"enemies":"Jaw Worm Horde","floor":38,"turns":6},{"damage":3,"enemies":"Mind Bloom Boss Battle","floor":39,"turns":10},{"damage":0,"enemies":"3 Darklings","floor":41,"turns":6},{"damage":0,"enemies":"Reptomancer","floor":47,"turns":7},{"damage":0,"enemies":"Donu and Deca","floor":50,"turns":9}],"seed_played":"-7792943362709076285","potions_obtained":[{"floor":1,"key":"Ancient Potion"},{"floor":5,"key":"Poison Potion"},{"floor":8,"key":"LiquidBronze"},{"floor":16,"key":"AttackPotion"},{"floor":20,"key":"Fire Potion"},{"floor":29,"key":"Ancient Potion"}],"is_trial":false,"path_per_floor":["M","M","M","M","M","E","R","M","T","R","?","$","?","M","R","B",null,"M","?","M","?","?","R","$","E","T","M","R","E","$","M","R","B",null,"M","?","M","M","?","R","M","R","T","R","$","R","E","$","R","B",null],"character_chosen":"IRONCLAD","items_purchased":["PowerPotion","Battle Trance","Whirlwind","Bottled Tornado"],"campfire_rested":1,"item_purchase_floors":[12,12,30,45],"current_hp_per_floor":[72,75,69,38,35,21,21,20,20,20,20,20,20,26,50,46,72,70,70,45,45,40,40,40,40,40,40,40,32,32,35,35,37,39,40,40,40,40,40,40,40,40,40,40,40,40,40,40,40,40],"gold":45,"neow_bonus":"RANDOM_COMMON_RELIC","is_prod":false,"is_daily":false,"chose_seed":false,"campfire_upgraded":10,"win_rate":0,"timestamp":1549183092,"path_taken":["M","?","M","?","M","E","R","M","T","R","?","$","?","M","R","BOSS","M","?","?","?","?","R","$","E","T","M","R","E","$","M","R","BOSS","M","?","?","M","?","R","M","R","T","R","$","R","E","?","R","BOSS"],"build_version":"2019-01-23","purchased_purges":2,"victory":true,"max_hp_per_floor":[80,80,80,80,80,80,80,80,80,80,80,80,80,80,80,80,80,80,80,80,80,40,40,40,40,40,40,40,40,40,40,40,40,40,40,40,40,40,40,40,40,40,40,40,40,40,40,40,40,40],"card_choices":[{"not_picked":["Pummel","Body Slam"],"picked":"Dropkick","floor":1},{"not_picked":["Perfected Strike","Shrug It Off"],"picked":"Evolve","floor":2},{"not_picked":["Iron Wave","Warcry"],"picked":"Entrench","floor":3},{"not_picked":["Reckless Charge","Warcry"],"picked":"Armaments","floor":4},{"not_picked":["Perfected Strike","Wild Strike"],"picked":"Power Through","floor":5},{"not_picked":["Sever Soul","Fire Breathing"],"picked":"Shrug It Off","floor":6},{"not_picked":["Ghostly Armor","Twin Strike"],"picked":"Cleave","floor":8},{"not_picked":["Sword Boomerang","Headbutt","Blood for Blood"],"picked":"SKIP","floor":14},{"not_picked":["Bludgeon","Demon Form"],"picked":"Barricade","floor":16},{"not_picked":["Pommel Strike","Warcry+1"],"picked":"Battle Trance+1","floor":18},{"not_picked":["Spot Weakness","Perfected Strike","Armaments"],"picked":"SKIP","floor":20},{"not_picked":["Flex","Sword Boomerang","Barricade"],"picked":"SKIP","floor":25},{"not_picked":["Searing Blow","Twin Strike","Cleave"],"picked":"SKIP","floor":27},{"not_picked":["Evolve+1","Limit Break"],"picked":"Demon Form+1","floor":29},{"not_picked":["Whirlwind+1","Bloodletting"],"picked":"Entrench","floor":31},{"not_picked":["Feed","Barricade+1"],"picked":"Impervious","floor":33},{"not_picked":["Flame Barrier","Thunderclap+1","Perfected Strike+1"],"picked":"SKIP","floor":35},{"not_picked":["Cleave+1","Evolve+1"],"picked":"Exhume","floor":37},{"not_picked":["Shrug It Off+1","Flex+1"],"picked":"Second Wind+1","floor":38},{"not_picked":["Shrug It Off","True Grit"],"picked":"Body Slam+1","floor":41},{"not_picked":["Infernal Blade","Spot Weakness","Clothesline"],"picked":"SKIP","floor":47}],"player_experience":28782,"relics_obtained":[{"floor":6,"key":"Ancient Tea Set"},{"floor":9,"key":"Matryoshka"},{"floor":25,"key":"Dream Catcher"},{"floor":26,"key":"Boot"},{"floor":26,"key":"Frozen Egg 2"},{"floor":29,"key":"Mercury Hourglass"},{"floor":39,"key":"Girya"},{"floor":43,"key":"Juzu Bracelet"},{"floor":43,"key":"Self Forming Clay"},{"floor":47,"key":"Happy Flower"}],"event_choices":[{"damage_healed":0,"gold_gain":0,"cards_transformed":["Strike_R"],"player_choice":"Change","damage_taken":0,"max_hp_gain":0,"max_hp_loss":0,"event_name":"Living Wall","floor":11,"gold_loss":0,"cards_obtained":["Exhume"]},{"damage_healed":0,"gold_gain":0,"player_choice":"Upgraded","damage_taken":0,"max_hp_gain":0,"max_hp_loss":0,"event_name":"Upgrade Shrine","floor":13,"gold_loss":0,"cards_upgraded":["Bash"]},{"damage_healed":0,"gold_gain":0,"player_choice":"Bought 0 Potions","damage_taken":0,"max_hp_gain":0,"max_hp_loss":0,"event_name":"The Woman in Blue","floor":19,"gold_loss":0},{"damage_healed":0,"gold_gain":0,"cards_transformed":["Battle Trance","Strike_R"],"player_choice":"Became Test Subject","damage_taken":0,"max_hp_gain":0,"max_hp_loss":0,"event_name":"Drug Dealer","floor":21,"gold_loss":0,"cards_obtained":["Flame Barrier","Seeing Red"]},{"damage_healed":0,"gold_gain":0,"player_choice":"Became a Ghost","damage_taken":0,"max_hp_gain":0,"max_hp_loss":40,"event_name":"Ghosts","floor":22,"gold_loss":0,"cards_obtained":["Ghostly","Ghostly","Ghostly","Ghostly","Ghostly"]},{"cards_removed":["Strike_R"],"damage_healed":0,"gold_gain":0,"player_choice":"Upgrade and Remove","damage_taken":0,"max_hp_gain":0,"max_hp_loss":0,"event_name":"Designer","floor":36,"gold_loss":90,"cards_upgraded":["Defend_R"]},{"damage_healed":0,"gold_gain":0,"player_choice":"Fight","damage_taken":0,"max_hp_gain":0,"max_hp_loss":0,"event_name":"MindBloom","floor":39,"gold_loss":0}],"is_beta":false,"boss_relics":[{"not_picked":["Eternal Feather","Mark of Pain"],"picked":"Runic Dome"},{"not_picked":["White Beast Statue","Snecko Eye"],"picked":"Coffee Dripper"}],"items_purged_floors":[12,30],"is_endless":false,"potions_floor_spawned":[1,5,8,16,20,29,33,38,41,47],"ascension_level":10}