{"gold_per_floor":[118,168,186,199,165,199,199,199,199,227,72,84,84,99,99,99],"floor_reached":16,"playtime":563,"items_purged":[],"score":176,"play_id":"ed6e5185-8d2c-4f80-a973-dc9be060d073","local_time":"20180915113727","is_ascension_mode":true,"campfire_choices":[{"floor":8,"key":"REST"},{"floor":15,"key":"REST"}],"neow_cost":"","seed_source_timestamp":61782338183264,"circlet_count":0,"master_deck":["Strike_B","Strike_B","Strike_B","Strike_B","Defend_B","Defend_B","Defend_B","Defend_B","Zap","Dualcast","AscendersBane","Sunder","Sunder+1","Melter","Conserve Battery","Steam"],"relics":["Cracked Core","Blue Candle","Question Card","Smiling Mask"],"potions_floor_usage":[6,12,16],"damage_taken":[{"damage":0,"enemies":"Small Slimes","floor":1,"turns":3},{"damage":5,"enemies":"Cultist","floor":3,"turns":4},{"damage":7,"enemies":"Jaw Worm","floor":4,"turns":4},{"damage":8,"enemies":"Gremlin Nob","floor":6,"turns":3},{"damage":40,"enemies":"3 Sentries","floor":10,"turns":7},{"damage":2,"enemies":"Looter","floor":12,"turns":3},{"damage":9,"enemies":"Red Slaver","floor":14,"turns":3},{"damage":41,"enemies":"Hexaghost","floor":16,"turns":9}],"seed_played":"963458714509337602","potions_obtained":[{"floor":3,"key":"Strength Potion"},{"floor":10,"key":"Explosive Potion"},{"floor":14,"key":"Weak Potion"}],"is_trial":false,"path_per_floor":["M","?","M","M","?","E","?","R","T","E","$","M","?","M","R"],"character_chosen":"DEFECT","items_purchased":["Melter","EssenceOfSteel"],"campfire_rested":2,"item_purchase_floors":[11,11],"current_hp_per_floor":[68,68,63,56,56,48,48,70,70,30,30,28,28,19,41,0],"gold":99,"neow_bonus":"","is_prod":false,"is_daily":false,"chose_seed":false,"campfire_upgraded":0,"win_rate":0,"timestamp":1537000647,"path_taken":["M","?","M","M","?","E","?","R","T","E","$","M","?","M","R","BOSS"],"build_version":"2018-09-06","purchased_purges":0,"victory":false,"max_hp_per_floor":[75,75,75,75,75,75,75,75,75,75,75,75,75,75,75,75],"card_choices":[{"not_picked":["Compile Driver","Go for the Eyes"],"picked":"Sunder","floor":1},{"not_picked":["Compile Driver","Go for the Eyes","Streamline"],"picked":"SKIP","floor":3},{"not_picked":["Sweeping Beam","Gash"],"picked":"Sunder","floor":4},{"not_picked":["Coolheaded","Aggregate","Consume"],"picked":"SKIP","floor":6},{"not_picked":["Coolheaded","Double Energy","All For One","Skim"],"picked":"SKIP","floor":10},{"not_picked":["Go for the Eyes","Stack","Static Discharge"],"picked":"Conserve Battery","floor":12},{"not_picked":["Sweeping Beam","Gash","Multi-Cast"],"picked":"Steam","floor":14}],"player_experience":697728,"relics_obtained":[{"floor":6,"key":"Blue Candle"},{"floor":9,"key":"Question Card"},{"floor":10,"key":"Smiling Mask"}],"event_choices":[{"event_name":"Golden Wing","player_choice":"Gained Gold","floor":2,"damage_taken":0},{"event_name":"World of Goop","player_choice":"Left","floor":5,"damage_taken":0},{"event_name":"Shining Light","player_choice":"Ignored","floor":7,"damage_taken":0},{"event_name":"Accursed Blacksmith","player_choice":"Forge","floor":13,"damage_taken":0}],"is_beta":false,"boss_relics":[],"items_purged_floors":[],"is_endless":false,"potions_floor_spawned":[3,10,14],"killed_by":"Hexaghost","ascension_level":12}