{"gold_per_floor":[118,118,118,133,157,157,182,195,195,195,220,0,25,46,46,172,172,186,207,230,30,30,30,63,87,87,87],"floor_reached":27,"playtime":1808,"items_purged":["Injury"],"score":364,"play_id":"0b05a19f-08d4-414c-b493-77157e76ecc6","local_time":"20180901192142","is_ascension_mode":true,"campfire_choices":[{"floor":6.0,"key":"REST"},{"floor":15.0,"key":"REST"},{"floor":23,"key":"REST"}],"neow_cost":"NONE","seed_source_timestamp":1471654837146765,"circlet_count":0,"master_deck":["Strike_B","Strike_B","Strike_B","Strike_B","Defend_B","Defend_B","Defend_B","Defend_B","Zap","Dualcast","AscendersBane","Skim","Conserve Battery+1","Redo+1","Ball Lightning","Chaos+1","Bandage Up+1","Steam+1","Force Field+1","Seek+1","Glacier+1","Storm","Blizzard","Loop","Chaos+1","Capacitor","Coolheaded+1"],"special_seed":0,"relics":["Cracked Core","Toxic Egg 2","Ancient Tea Set","Dodecahedron","Shuriken","Golden Idol","Nuclear Battery","Pantograph","Question Card","Thread and Needle"],"potions_floor_usage":[19,20,24],"damage_taken":[{"damage":3.0,"enemies":"2 Louse","floor":1.0,"turns":3.0},{"damage":9.0,"enemies":"Jaw Worm","floor":4.0,"turns":4.0},{"damage":35.0,"enemies":"3 Sentries","floor":7.0,"turns":10.0},{"damage":0.0,"enemies":"Small Slimes","floor":8.0,"turns":3.0},{"damage":17.0,"enemies":"3 Louse","floor":11.0,"turns":5.0},{"damage":0.0,"enemies":"Exordium Wildlife","floor":13.0,"turns":3.0},{"damage":0.0,"enemies":"Lots of Slimes","floor":14.0,"turns":1.0},{"damage":27.0,"enemies":"The Guardian","floor":16.0,"turns":12.0},{"damage":41.0,"enemies":"3 Byrds","floor":18.0,"turns":7.0},{"damage":0,"enemies":"Spheric Guardian","floor":19,"turns":4},{"damage":14,"enemies":"Snake Plant","floor":20,"turns":7},{"damage":31,"enemies":"Book of Stabbing","floor":24,"turns":8},{"damage":35,"enemies":"Snecko","floor":25,"turns":6},{"damage":16,"enemies":"3 Cultists","floor":27,"turns":3}],"seed_played":"6373090538700051538","potions_obtained":[{"floor":1.0,"key":"Ancient Potion"},{"floor":8.0,"key":"Regen Potion"},{"floor":13.0,"key":"PowerPotion"},{"floor":14.0,"key":"SteroidPotion"},{"floor":18.0,"key":"FocusPotion"},{"floor":25,"key":"SteroidPotion"}],"is_trial":false,"path_per_floor":["M","?","?","M","T","R","E","M","T","?","M","$","M","M","R","B",null,"M","M","M","$","?","R","E","M","T"],"character_chosen":"DEFECT","items_purchased":["Bandage Up+1","Fire Potion","Loop","Chaos+1","Swift Potion"],"campfire_rested":3,"item_purchase_floors":[12,12,21,21,21],"current_hp_per_floor":[72,72,60,51,51,75,40,40,40,40,37,37,43,49,73,52,75,40,46,38,38,38,62,37,8,8,0],"gold":87,"neow_bonus":"TEN_PERCENT_HP_BONUS","is_prod":false,"is_daily":false,"chose_seed":false,"campfire_upgraded":0,"win_rate":0,"timestamp":1535818902,"path_taken":["M","?","?","?","?","R","E","M","T","?","?","$","M","M","R","BOSS","M","M","M","$","?","R","E","M","T","M"],"build_version":"2018-08-30","purchased_purges":1,"victory":false,"max_hp_per_floor":[82,82,82,82,82,82,82,82,82,82,82,82,82,82,82,82,82,82,82,82,82,82,82,82,82,82,82],"card_choices":[{"not_picked":["Coolheaded","Sweeping Beam"],"picked":"Skim","floor":1.0},{"not_picked":["Rebound","Gash"],"picked":"Conserve Battery+1","floor":4.0},{"not_picked":["Reboot+1","Coolheaded+1"],"picked":"Redo+1","floor":7.0},{"not_picked":["Go for the Eyes","Leap+1"],"picked":"Ball Lightning","floor":8.0},{"not_picked":["Cold Snap","Conserve Battery+1"],"picked":"Chaos+1","floor":11.0},{"not_picked":["Stack+1","Ball Lightning"],"picked":"Steam+1","floor":13.0},{"not_picked":["Beam Cell","Turbo+1"],"picked":"Force Field+1","floor":14.0},{"not_picked":["All For One","Meteor Strike"],"picked":"Seek+1","floor":16.0},{"not_picked":["Consume+1","Turbo+1"],"picked":"Glacier+1","floor":18.0},{"not_picked":["Defragment","Sweeping Beam+1"],"picked":"Storm","floor":19},{"not_picked":["Turbo+1","Tempest+1"],"picked":"Blizzard","floor":20},{"not_picked":["Lockon","Static Discharge"],"picked":"Capacitor","floor":24},{"not_picked":["Barrage","Beam Cell","Gash"],"picked":"Coolheaded+1","floor":25}],"player_experience":667623,"relics_obtained":[{"floor":5.0,"key":"Ancient Tea Set"},{"floor":7.0,"key":"Dodecahedron"},{"floor":9.0,"key":"Shuriken"},{"floor":24,"key":"Question Card"},{"floor":26,"key":"Thread and Needle"}],"event_choices":[{"event_name":"Shining Light","player_choice":"Ignored","floor":2.0,"damage_taken":0.0},{"event_name":"Scrap Ooze","player_choice":"success","floor":3.0,"damage_taken":12.0},{"event_name":"Golden Idol","player_choice":"Take Wound","floor":10.0,"damage_taken":0.0},{"event_name":"The Mausoleum","player_choice":"Yes","floor":22,"damage_taken":0}],"is_beta":false,"boss_relics":[{"not_picked":["Cursed Key","Velvet Choker"],"picked":"Nuclear Battery"}],"items_purged_floors":[12],"is_endless":false,"potions_floor_spawned":[1,8,13,14,18,25],"killed_by":"3 Cultists","ascension_level":11}