{"gold_per_floor":[115,115,132,132,132,132,149,149,149,149,181,181,506,581,581,652,652,664,589,608,203,203,232,232,265,290,290,390,390,390,410,410,485,485,503,503],"floor_reached":36,"playtime":1247,"items_purged":[],"score":1008,"play_id":"6c8f4f5d-a0b1-4bc8-9d40-389f296e69c1","local_time":"20190331211932","is_ascension_mode":true,"campfire_choices":[{"data":"Buffer","floor":6.0,"key":"SMITH"},{"data":"Seek","floor":8.0,"key":"SMITH"},{"floor":10.0,"key":"REST"},{"data":"Consume","floor":12.0,"key":"SMITH"},{"data":"Zap","floor":15.0,"key":"SMITH"},{"floor":24.0,"key":"REST"},{"data":"Chaos","floor":27.0,"key":"SMITH"},{"data":"Turbo","floor":30,"key":"SMITH"},{"floor":32,"key":"REST"}],"neow_cost":"NONE","seed_source_timestamp":208659436759300,"circlet_count":0,"master_deck":["AscendersBane","Zap+1","Dualcast","Seek+1","White Noise","Buffer+1","Ball Lightning","Consume+1","Amplify","Chaos+1","Buffer+1","Go for the Eyes","Go for the Eyes","Turbo+1","Rip and Tear+1","Loop+1","Leap","White Noise"],"special_seed":0,"relics":["Cracked Core","Frozen Egg 2","Anchor","Old Coin","Pandora\u0027s Box","Sling","Nilry\u0027s Codex","Darkstone Periapt","Molten Egg 2","Calipers","Matryoshka","Cursed Key"],"potions_floor_usage":[28,36],"damage_taken":[{"damage":0.0,"enemies":"2 Louse","floor":1.0,"turns":3.0},{"damage":7.0,"enemies":"Jaw Worm","floor":3.0,"turns":5.0},{"damage":10.0,"enemies":"Small Slimes","floor":7.0,"turns":2.0},{"damage":5.0,"enemies":"3 Sentries","floor":11.0,"turns":6.0},{"damage":0.0,"enemies":"Gremlin Nob","floor":13.0,"turns":4.0},{"damage":21.0,"enemies":"Hexaghost","floor":16.0,"turns":9.0},{"damage":9.0,"enemies":"2 Thieves","floor":18.0,"turns":4.0},{"damage":0.0,"enemies":"3 Byrds","floor":20.0,"turns":1.0},{"damage":0.0,"enemies":"Gremlin Leader","floor":23.0,"turns":4.0},{"damage":15.0,"enemies":"Book of Stabbing","floor":25.0,"turns":6.0},{"damage":0,"enemies":"Colosseum Slavers","floor":28,"turns":4},{"damage":0,"enemies":"Colosseum Nobs","floor":28,"turns":4},{"damage":14,"enemies":"Snake Plant","floor":31,"turns":5},{"damage":0,"enemies":"Automaton","floor":33,"turns":13},{"damage":31,"enemies":"3 Shapes","floor":35,"turns":4},{"damage":34,"enemies":"3 Darklings","floor":36,"turns":4}],"seed_played":"-7913645916532669326","potions_obtained":[{"floor":11.0,"key":"SteroidPotion"},{"floor":13.0,"key":"Poison Potion"},{"floor":16.0,"key":"PowerPotion"},{"floor":25.0,"key":"FearPotion"},{"floor":33,"key":"Weak Potion"}],"is_trial":false,"path_per_floor":["M","?","M","$","?","R","M","R","T","R","E","R","E","?","R","B",null,"M","?","M","$","?","E","R","E","T","R","?","?","R","M","R","B",null,"M","M"],"character_chosen":"DEFECT","items_purchased":["Loop+1","Leap","Sling","SkillPotion"],"campfire_rested":3,"item_purchase_floors":[21,21,21,21],"current_hp_per_floor":[64,43,36,36,36,36,26,26,26,47,42,42,42,31,31,10,56,47,47,47,47,26,26,47,32,32,32,32,32,32,18,39,39,63,32,0],"gold":503,"neow_bonus":"ONE_RANDOM_RARE_CARD","is_prod":false,"is_daily":false,"chose_seed":false,"campfire_upgraded":6,"win_rate":0,"timestamp":1554034772,"path_taken":["M","?","M","$","?","R","M","R","T","R","E","R","E","?","R","BOSS","M","?","M","$","?","E","R","E","T","R","?","?","R","M","R","BOSS","M","?"],"build_version":"2019-01-23","purchased_purges":0,"victory":false,"max_hp_per_floor":[71,71,71,71,71,71,71,71,71,71,71,71,71,71,71,71,71,71,71,71,71,71,71,71,71,71,71,71,71,71,71,71,71,71,71,71],"card_choices":[{"not_picked":["Turbo","Steam Power","Gash"],"picked":"SKIP","floor":1.0},{"not_picked":["Reinforced Body","Streamline"],"picked":"White Noise","floor":3.0},{"not_picked":["Stack","Turbo"],"picked":"Ball Lightning","floor":7.0},{"not_picked":["Hello World+1","Gash"],"picked":"Consume","floor":11.0},{"not_picked":["Thunder Strike","Redo","Compile Driver"],"picked":"SKIP","floor":13.0},{"not_picked":["Chaos","Undo"],"picked":"Turbo","floor":18.0},{"not_picked":["Force Field","Go for the Eyes"],"picked":"Rip and Tear+1","floor":20.0},{"not_picked":["Ball Lightning","Hologram","Rebound"],"picked":"SKIP","floor":23.0},{"not_picked":["Sweeping Beam","Seek"],"picked":"White Noise","floor":25.0},{"not_picked":["Leap","Ball Lightning+1","Rip and Tear+1"],"picked":"SKIP","floor":31},{"not_picked":["Sweeping Beam+1","Steam","Conserve Battery"],"picked":"SKIP","floor":35}],"player_experience":2786761,"relics_obtained":[{"floor":9.0,"key":"Frozen Egg 2"},{"floor":11.0,"key":"Anchor"},{"floor":13.0,"key":"Old Coin"},{"floor":22.0,"key":"Nilry\u0027s Codex"},{"floor":23.0,"key":"Darkstone Periapt"},{"floor":25.0,"key":"Molten Egg 2"},{"floor":28,"key":"Calipers"},{"floor":28,"key":"Matryoshka"}],"event_choices":[{"damage_healed":0.0,"max_hp_gain":0.0,"max_hp_loss":0.0,"gold_gain":0.0,"event_name":"Shining Light","player_choice":"Entered Light","floor":2.0,"gold_loss":0.0,"damage_taken":21.0,"cards_upgraded":["Defend_B","Defend_B"]},{"damage_healed":0.0,"max_hp_gain":0.0,"max_hp_loss":0.0,"gold_gain":0.0,"cards_transformed":["Defend_B"],"event_name":"Living Wall","player_choice":"Change","floor":5.0,"gold_loss":0.0,"damage_taken":0.0,"cards_obtained":["Buffer"]},{"damage_healed":0.0,"max_hp_gain":0.0,"max_hp_loss":0.0,"gold_gain":75.0,"event_name":"World of Goop","player_choice":"Gather Gold","floor":14.0,"gold_loss":0.0,"damage_taken":11.0},{"cards_removed":["Aggregate"],"damage_healed":0.0,"max_hp_gain":0.0,"max_hp_loss":0.0,"gold_gain":0.0,"event_name":"Beggar","player_choice":"Gave Gold","floor":19.0,"gold_loss":75.0,"damage_taken":0.0},{"damage_healed":0.0,"max_hp_gain":0.0,"max_hp_loss":0.0,"gold_gain":0.0,"event_name":"Cursed Tome","player_choice":"Obtained Book","floor":22.0,"gold_loss":0.0,"damage_taken":21.0},{"damage_healed":0,"gold_gain":0,"player_choice":"Fight","damage_taken":0,"max_hp_gain":0,"max_hp_loss":0,"event_name":"Colosseum","floor":28,"gold_loss":0},{"damage_healed":0,"gold_gain":0,"player_choice":"Fought Nobs","damage_taken":0,"max_hp_gain":0,"max_hp_loss":0,"event_name":"Colosseum","floor":28,"gold_loss":0},{"cards_removed":["Ball Lightning"],"damage_healed":0,"gold_gain":0,"player_choice":"Purged","damage_taken":0,"max_hp_gain":0,"max_hp_loss":0,"event_name":"Purifier","floor":29,"gold_loss":0}],"is_beta":false,"boss_relics":[{"not_picked":["White Beast Statue","Calling Bell"],"picked":"Pandora\u0027s Box"},{"not_picked":["Snecko Eye","Velvet Choker"],"picked":"Cursed Key"}],"items_purged_floors":[],"is_endless":false,"potions_floor_spawned":[11,13,16,20,25,28,33],"killed_by":"3 Darklings","ascension_level":20}