{"gold_per_floor":[113,129,129,30,105,105,131,131,154,188,207,207,222,238,238,309,309,309,309,309,309,70,70,70,70,70,70,70,70,70,70,70,70,70,70,31,0,0,0,0,0,0,0,0,0,0,0,0,0,0],"floor_reached":51,"playtime":2578,"items_purged":["Strike_B"],"score":1357,"play_id":"18960d1c-3af1-47bc-85d5-18c3ac860e69","local_time":"20181208005705","is_ascension_mode":true,"campfire_choices":[{"data":"Melter","floor":6.0,"key":"SMITH"},{"data":"Sweeping Beam","floor":8.0,"key":"SMITH"},{"floor":15.0,"key":"REST"},{"data":"Storm","floor":23.0,"key":"SMITH"},{"data":"Creative AI","floor":27.0,"key":"SMITH"},{"data":"Thunder Strike","floor":32.0,"key":"SMITH"},{"data":"Fission","floor":40.0,"key":"SMITH"},{"floor":42.0,"key":"REST"},{"data":"Biased Cognition","floor":45.0,"key":"SMITH"},{"data":"Reinforced Body","floor":49,"key":"SMITH"}],"neow_cost":"NONE","seed_source_timestamp":1073283311814592,"circlet_count":0,"master_deck":["AscendersBane","Strike_B+1","Defend_B","Defend_B","Zap+1","Dualcast","Melter+1","Storm+1","Sweeping Beam+1","Conserve Battery","Cold Snap","Auto Shields","White Noise","Electrodynamics+1","Self Repair","Creative AI+1","Biased Cognition+1","Coolheaded","Force Field+1","Fission+1","Thunder Strike+1","Chaos+1","Core Surge+1","Reinforced Body+1","Auto Shields","Tempest+1","Capacitor","Double Energy+1","Cold Snap"],"special_seed":0,"relics":["Cracked Core","NeowsBlessing","Strawberry","Omamori","Art of War","Ectoplasm","Pear","Anchor","Mercury Hourglass","PreservedInsect","Astrolabe","Red Mask","Thread and Needle","Dead Branch","Darkstone Periapt","Bag of Marbles","Mummified Hand"],"potions_floor_usage":[50],"damage_taken":[{"damage":0.0,"enemies":"Jaw Worm","floor":1.0,"turns":1.0},{"damage":0.0,"enemies":"2 Louse","floor":2.0,"turns":1.0},{"damage":0.0,"enemies":"Gremlin Nob","floor":7.0,"turns":1.0},{"damage":35.0,"enemies":"3 Sentries","floor":10.0,"turns":6.0},{"damage":0.0,"enemies":"Cultist","floor":11.0,"turns":3.0},{"damage":1.0,"enemies":"2 Fungi Beasts","floor":13.0,"turns":3.0},{"damage":0.0,"enemies":"Large Slime","floor":14.0,"turns":4.0},{"damage":26.0,"enemies":"Slime Boss","floor":16.0,"turns":7.0},{"damage":7.0,"enemies":"Chosen","floor":18.0,"turns":4.0},{"damage":1.0,"enemies":"3 Byrds","floor":19.0,"turns":2.0},{"damage":28.0,"enemies":"Snake Plant","floor":21.0,"turns":5.0},{"damage":7.0,"enemies":"Centurion and Healer","floor":24.0,"turns":3.0},{"damage":23.0,"enemies":"Slavers","floor":25.0,"turns":3.0},{"damage":10.0,"enemies":"Book of Stabbing","floor":30.0,"turns":3.0},{"damage":2.0,"enemies":"Cultist and Chosen","floor":31.0,"turns":2.0},{"damage":25.0,"enemies":"Champ","floor":33.0,"turns":8.0},{"damage":0.0,"enemies":"Orb Walker","floor":35.0,"turns":2.0},{"damage":30.0,"enemies":"2 Orb Walkers","floor":38.0,"turns":3.0},{"damage":0.0,"enemies":"Mind Bloom Boss Battle","floor":39.0,"turns":5.0},{"damage":26.0,"enemies":"Reptomancer","floor":41.0,"turns":4.0},{"damage":0.0,"enemies":"3 Shapes","floor":44.0,"turns":3.0},{"damage":22.0,"enemies":"Giant Head","floor":47.0,"turns":6.0},{"damage":0,"enemies":"Writhing Mass","floor":48,"turns":3},{"damage":38,"enemies":"Time Eater","floor":50,"turns":6}],"seed_played":"-7993401134854582563","potions_obtained":[{"floor":1.0,"key":"LiquidBronze"},{"floor":10.0,"key":"GamblersBrew"},{"floor":14.0,"key":"Regen Potion"},{"floor":16.0,"key":"Strength Potion"},{"floor":18.0,"key":"GamblersBrew"},{"floor":24.0,"key":"Regen Potion"},{"floor":33.0,"key":"SkillPotion"},{"floor":38.0,"key":"Dexterity Potion"},{"floor":39.0,"key":"Explosive Potion"}],"is_trial":false,"path_per_floor":["M","M","?","$","?","R","E","R","T","E","M","?","M","M","R","B",null,"M","M","?","M","$","R","M","E","T","R","?","?","E","M","R","B",null,"M","$","?","?","?","R","E","R","T","M","R","?","E","M","R","B",null],"character_chosen":"DEFECT","items_purchased":["Storm","Sweeping Beam","Creative AI","Auto Shields"],"campfire_rested":2,"item_purchase_floors":[4,4,22,36],"current_hp_per_floor":[64,64,64,64,53,53,60,60,60,25,25,2,1,1,24,13,62,55,61,71,50,50,50,50,39,39,39,39,39,36,34,34,16,70,70,70,70,40,47,47,21,47,47,54,54,54,39,46,46,15],"gold":0,"neow_bonus":"THREE_ENEMY_KILL","is_prod":false,"is_daily":false,"chose_seed":false,"campfire_upgraded":8,"win_rate":0,"timestamp":1544201825,"path_taken":["M","M","?","$","?","R","E","R","T","E","?","?","M","M","R","BOSS","M","M","?","M","$","R","?","E","T","R","?","?","E","?","R","BOSS","M","$","?","?","?","R","E","R","T","?","R","?","E","M","R","BOSS"],"build_version":"2018-11-15","purchased_purges":1,"victory":true,"max_hp_per_floor":[71,71,71,71,71,71,78,78,78,78,78,78,78,78,78,78,78,78,78,88,88,88,88,88,88,88,88,88,88,88,88,88,88,88,88,88,88,88,88,88,88,88,88,88,88,88,88,88,88,88],"card_choices":[{"not_picked":["Fusion","Force Field","Doom and Gloom"],"picked":"SKIP","floor":1.0},{"not_picked":["Redo","Turbo"],"picked":"Melter","floor":2.0},{"not_picked":["Coolheaded","Aggregate"],"picked":"Conserve Battery","floor":7.0},{"not_picked":["Go for the Eyes","Tempest"],"picked":"Cold Snap","floor":10.0},{"not_picked":["Leap","Stack"],"picked":"Auto Shields","floor":11.0},{"not_picked":["Conserve Battery","Steam"],"picked":"White Noise","floor":13.0},{"not_picked":["Redo","Hello World","Rebound"],"picked":"SKIP","floor":14.0},{"not_picked":["Biased Cognition","Core Surge"],"picked":"Electrodynamics","floor":16.0},{"not_picked":["Compile Driver","Ball Lightning+1"],"picked":"Self Repair","floor":18.0},{"not_picked":["Coolheaded","Ball Lightning","Sweeping Beam"],"picked":"SKIP","floor":19.0},{"not_picked":["Rebound","Hologram","Rip and Tear"],"picked":"SKIP","floor":21.0},{"not_picked":["Loop","Stack"],"picked":"Biased Cognition","floor":24.0},{"not_picked":["Beam Cell","White Noise"],"picked":"Thunder Strike","floor":25.0},{"not_picked":["Gash","Blizzard+1"],"picked":"Coolheaded","floor":30.0},{"not_picked":["Gash","Go for the Eyes+1"],"picked":"Force Field+1","floor":31.0},{"not_picked":["Hyperbeam","Thunder Strike"],"picked":"Fission","floor":33.0},{"not_picked":["Streamline","Compile Driver"],"picked":"Reinforced Body","floor":35.0},{"not_picked":["Leap","Gash+1"],"picked":"Tempest+1","floor":38.0},{"not_picked":["Barrage","Reinforced Body"],"picked":"Capacitor","floor":41.0},{"not_picked":["Melter","Turbo+1"],"picked":"Double Energy+1","floor":44.0},{"not_picked":["Sunder","Scrape","Conserve Battery"],"picked":"SKIP","floor":47.0},{"not_picked":["Barrage","Gash"],"picked":"Cold Snap","floor":48}],"player_experience":612511,"relics_obtained":[{"floor":7.0,"key":"Strawberry"},{"floor":9.0,"key":"Omamori"},{"floor":10.0,"key":"Art of War"},{"floor":25.0,"key":"Anchor"},{"floor":26.0,"key":"Mercury Hourglass"},{"floor":30.0,"key":"PreservedInsect"},{"floor":38.0,"key":"Thread and Needle"},{"floor":39.0,"key":"Dead Branch"},{"floor":41.0,"key":"Darkstone Periapt"},{"floor":43.0,"key":"Bag of Marbles"},{"floor":47.0,"key":"Mummified Hand"}],"event_choices":[{"damage_healed":0.0,"max_hp_gain":0.0,"max_hp_loss":0.0,"gold_gain":0.0,"event_name":"Living Wall","player_choice":"Grow","floor":3.0,"gold_loss":0.0,"damage_taken":0.0,"cards_upgraded":["Zap"]},{"damage_healed":0.0,"max_hp_gain":0.0,"max_hp_loss":0.0,"gold_gain":75.0,"event_name":"World of Goop","player_choice":"Gather Gold","floor":5.0,"gold_loss":0.0,"damage_taken":11.0},{"damage_healed":0.0,"max_hp_gain":0.0,"max_hp_loss":0.0,"gold_gain":0.0,"event_name":"Shining Light","player_choice":"Entered Light","floor":12.0,"gold_loss":0.0,"damage_taken":23.0,"cards_upgraded":["Strike_B","Strike_B"]},{"damage_healed":0.0,"max_hp_gain":0.0,"max_hp_loss":0.0,"gold_gain":0.0,"event_name":"WeMeetAgain","player_choice":"Gave Potion","floor":20.0,"gold_loss":0.0,"damage_taken":0.0,"relics_obtained":["Pear"]},{"cards_removed":["Strike_B"],"damage_healed":0.0,"max_hp_gain":0.0,"max_hp_loss":0.0,"gold_gain":0.0,"event_name":"Back to Basics","player_choice":"Elegance","floor":28.0,"gold_loss":0.0,"damage_taken":0.0},{"damage_healed":0.0,"max_hp_gain":0.0,"max_hp_loss":0.0,"gold_gain":0.0,"event_name":"Upgrade Shrine","player_choice":"Upgraded","floor":29.0,"gold_loss":0.0,"damage_taken":0.0,"cards_upgraded":["Electrodynamics"]},{"damage_healed":0.0,"max_hp_gain":0.0,"max_hp_loss":0.0,"gold_gain":0.0,"event_name":"Tomb of Lord Red Mask","player_choice":"Paid","floor":37.0,"gold_loss":31.0,"damage_taken":0.0,"relics_obtained":["Red Mask"]},{"damage_healed":0.0,"max_hp_gain":0.0,"max_hp_loss":0.0,"gold_gain":0.0,"event_name":"Mysterious Sphere","player_choice":"Fight","floor":38.0,"gold_loss":0.0,"damage_taken":0.0},{"damage_healed":0.0,"max_hp_gain":0.0,"max_hp_loss":0.0,"gold_gain":0.0,"event_name":"MindBloom","player_choice":"Fight","floor":39.0,"gold_loss":0.0,"damage_taken":0.0},{"cards_removed":["Thunder Strike"],"damage_healed":0.0,"max_hp_gain":0.0,"max_hp_loss":0.0,"gold_gain":0.0,"event_name":"Falling","player_choice":"Removed Attack","floor":46.0,"gold_loss":0.0,"damage_taken":0.0}],"is_beta":true,"boss_relics":[{"not_picked":["Tiny House","Orrery"],"picked":"Ectoplasm"},{"not_picked":["Sozu","Pandora\u0027s Box"],"picked":"Astrolabe"}],"items_purged_floors":[22],"is_endless":false,"potions_floor_spawned":[1,10,14,16,18,24,33,38,39],"ascension_level":16}