{"gold_per_floor":[17,33,53,53,0,0,27,38,38,50,15,15,45,61,61,135,135,145,157,157,157,176,202,202,235,235,235,235],"floor_reached":28,"playtime":735,"items_purged":[],"score":536,"play_id":"62d87652-8627-4d73-8758-e3a20d200d50","local_time":"20190322210847","is_ascension_mode":true,"campfire_choices":[{"data":"Electrodynamics","floor":6,"key":"SMITH"},{"data":"Streamline","floor":12,"key":"SMITH"},{"data":"Defragment","floor":15,"key":"SMITH"},{"data":"Double Energy","floor":24,"key":"SMITH"},{"data":"Consume","floor":27,"key":"SMITH"}],"neow_cost":"NO_GOLD","seed_source_timestamp":267945977454299,"circlet_count":0,"master_deck":["AscendersBane","Zap","Dualcast","Electrodynamics+1","Streamline+1","Cold Snap","Recycle","Decay","Conserve Battery","Defragment+1","Defragment+1","Electrodynamics","Go for the Eyes","Rainbow","Sweeping Beam","Tempest","Machine Learning","Auto Shields","Buffer","Electrodynamics","Double Energy+1","Leap","Coolheaded","Echo Form","Consume+1"],"relics":["Cracked Core","Happy Flower","Meat on the Bone","Mummified Hand","Pandora\u0027s Box","Bottled Lightning","Sundial","Omamori"],"potions_floor_usage":[3,7,16,23],"damage_taken":[{"damage":10,"enemies":"Small Slimes","floor":1,"turns":3},{"damage":1,"enemies":"Cultist","floor":2,"turns":3},{"damage":4,"enemies":"2 Louse","floor":3,"turns":2},{"damage":38,"enemies":"Gremlin Nob","floor":7,"turns":5},{"damage":6,"enemies":"Red Slaver","floor":8,"turns":3},{"damage":0,"enemies":"Lots of Slimes","floor":10,"turns":1},{"damage":20,"enemies":"Lagavulin","floor":13,"turns":6},{"damage":6,"enemies":"Blue Slaver","floor":14,"turns":2},{"damage":24,"enemies":"The Guardian","floor":16,"turns":10},{"damage":0,"enemies":"3 Byrds","floor":18,"turns":1},{"damage":21,"enemies":"2 Thieves","floor":19,"turns":2},{"damage":0,"enemies":"Chosen and Byrds","floor":22,"turns":3},{"damage":16,"enemies":"Book of Stabbing","floor":23,"turns":4},{"damage":19,"enemies":"Gremlin Leader","floor":25,"turns":4},{"damage":21,"enemies":"Shelled Parasite and Fungi","floor":28,"turns":1}],"seed_played":"-3829438750074513614","potions_obtained":[{"floor":2,"key":"SkillPotion"},{"floor":7,"key":"FocusPotion"},{"floor":13,"key":"Energy Potion"},{"floor":25,"key":"Strength Potion"}],"is_trial":false,"path_per_floor":["M","M","M","?","$","R","E","M","T","M","?","R","E","M","R","B",null,"M","M","?","?","M","E","R","E","T","R","M"],"character_chosen":"DEFECT","items_purchased":["PowerPotion"],"campfire_rested":0,"item_purchase_floors":[5],"current_hp_per_floor":[54,53,49,49,49,49,11,5,5,17,34,34,26,32,32,20,58,58,37,37,37,37,33,33,26,26,26,5],"gold":235,"neow_bonus":"THREE_RARE_CARDS","is_prod":false,"is_daily":false,"chose_seed":false,"campfire_upgraded":5,"win_rate":0,"timestamp":1553256527,"path_taken":["M","M","M","?","$","R","E","M","T","?","?","R","E","M","R","BOSS","M","M","?","?","?","E","R","E","T","R","M"],"build_version":"2019-01-23","purchased_purges":0,"victory":false,"max_hp_per_floor":[71,71,71,71,71,71,71,71,71,71,71,71,71,71,71,71,71,71,71,71,71,71,71,71,71,71,71,71],"card_choices":[{"not_picked":["Amplify","Machine Learning"],"picked":"Electrodynamics","floor":0},{"not_picked":["Redo","Compile Driver"],"picked":"Streamline","floor":1},{"not_picked":["Sweeping Beam","Genetic Algorithm"],"picked":"Cold Snap","floor":2},{"not_picked":["Redo","Hyperbeam"],"picked":"Recycle","floor":3},{"not_picked":["Sweeping Beam","Beam Cell"],"picked":"Conserve Battery","floor":7},{"not_picked":["Ball Lightning","Tempest","Go for the Eyes"],"picked":"SKIP","floor":8},{"not_picked":["Steam","Gash","Conserve Battery"],"picked":"SKIP","floor":10},{"not_picked":["Cold Snap","Heatsinks"],"picked":"Defragment","floor":13},{"not_picked":["Compile Driver","Turbo"],"picked":"Defragment","floor":14},{"not_picked":["All For One","Hyperbeam"],"picked":"Electrodynamics","floor":16},{"not_picked":["Force Field","Tempest"],"picked":"Double Energy","floor":18},{"not_picked":["Go for the Eyes","Streamline"],"picked":"Leap","floor":19},{"not_picked":["Conserve Battery","Leap"],"picked":"Coolheaded","floor":22},{"not_picked":["Lockon","Darkness"],"picked":"Echo Form","floor":23},{"not_picked":["Chill","FTL"],"picked":"Consume","floor":25}],"player_experience":2479138,"relics_obtained":[{"floor":7,"key":"Happy Flower"},{"floor":9,"key":"Meat on the Bone"},{"floor":13,"key":"Mummified Hand"},{"floor":23,"key":"Bottled Lightning"},{"floor":25,"key":"Sundial"},{"floor":26,"key":"Omamori"}],"event_choices":[{"damage_healed":0,"gold_gain":0,"player_choice":"Cursed","damage_taken":0,"max_hp_gain":0,"max_hp_loss":0,"event_name":"Wheel of Change","floor":4,"gold_loss":0,"cards_obtained":["Decay"]},{"damage_healed":17,"gold_gain":0,"player_choice":"Healed","damage_taken":0,"max_hp_gain":0,"max_hp_loss":0,"event_name":"The Cleric","floor":11,"gold_loss":35},{"damage_healed":0,"gold_gain":0,"player_choice":"Ignored","damage_taken":0,"max_hp_gain":0,"max_hp_loss":0,"event_name":"The Mausoleum","floor":20,"gold_loss":0},{"damage_healed":0,"gold_gain":0,"player_choice":"Upgraded","damage_taken":0,"max_hp_gain":0,"max_hp_loss":0,"event_name":"Upgrade Shrine","floor":21,"gold_loss":0,"cards_upgraded":["Defragment"]}],"is_beta":false,"boss_relics":[{"not_picked":["FrozenCore","Ectoplasm"],"picked":"Pandora\u0027s Box"}],"items_purged_floors":[],"is_endless":false,"potions_floor_spawned":[2,7,13,25],"killed_by":"Shelled Parasite and Fungi","ascension_level":20}