{"gold_per_floor":[115,23,23,23,35,66,82,7,7,32,32,50,50,63,63,135,135,153,153,153,203,216,243,243,269,269,297,297,309,329,344,344,418,418,434,656,1655,1655,1672,1690,1710,1710,1733,998,215,242,242,260,260,260,260],"floor_reached":52,"playtime":2707,"items_purged":["Pain","Normality","Normality"],"score":2235,"play_id":"0592f7e5-e8e7-415f-adfb-5257cbfbb8d2","local_time":"20190401212323","daily_mods":["Diverse"],"is_ascension_mode":true,"campfire_choices":[{"data":"Corruption","floor":11,"key":"SMITH"},{"data":"Cloak And Dagger","floor":15,"key":"SMITH"},{"floor":24,"key":"REST"},{"data":"Double Energy","floor":32,"key":"SMITH"},{"data":"Night Terror","floor":49,"key":"SMITH"}],"neow_cost":"","seed_source_timestamp":290532847164600,"circlet_count":0,"master_deck":["Discovery","Discovery","Discovery","Discovery","Distraction","Distraction","Distraction","Infernal Blade","Infernal Blade","Infernal Blade","White Noise","White Noise","White Noise","White Noise","Corruption+1","Cloak And Dagger+1","Feed","Leg Sweep","Shrug It Off","Dual Wield","Double Energy+1","Entrench","Night Terror+1","Lockon+1","Night Terror+1","Sadistic Nature+1","Backstab+1","Outmaneuver+1","Corruption+1","Night Terror","Master of Strategy+1","Secret Technique+1","Finesse+1"],"relics":["Burning Blood","Ring of the Snake","Cracked Core","WarpedTongs","Self Forming Clay","The Courier","Orichalcum","Orrery","Dead Branch","Dodecahedron","Frozen Egg 2","Red Mask","Astrolabe","ClockworkSouvenir","Bird Faced Urn","Bronze Scales","Centennial Puzzle","DollysMirror","Anchor","Blood Vial","PreservedInsect","Toxic Egg 2"],"potions_floor_usage":[16,23,25,31,33,50],"damage_taken":[{"damage":7,"enemies":"Small Slimes","floor":1,"turns":2},{"damage":0,"enemies":"Cultist","floor":5,"turns":2},{"damage":12,"enemies":"Lagavulin","floor":6,"turns":5},{"damage":4,"enemies":"2 Louse","floor":7,"turns":2},{"damage":11,"enemies":"3 Sentries","floor":10,"turns":5},{"damage":3,"enemies":"Red Slaver","floor":12,"turns":3},{"damage":0,"enemies":"Looter","floor":14,"turns":1},{"damage":7,"enemies":"Hexaghost","floor":16,"turns":10},{"damage":0,"enemies":"Chosen","floor":18,"turns":5},{"damage":29,"enemies":"2 Thieves","floor":22,"turns":5},{"damage":6,"enemies":"Slavers","floor":23,"turns":4},{"damage":0,"enemies":"Book of Stabbing","floor":25,"turns":2},{"damage":0,"enemies":"Masked Bandits","floor":27,"turns":1},{"damage":0,"enemies":"Cultist and Chosen","floor":29,"turns":2},{"damage":0,"enemies":"3 Cultists","floor":30,"turns":2},{"damage":12,"enemies":"Chosen and Byrds","floor":31,"turns":4},{"damage":3,"enemies":"Automaton","floor":33,"turns":4},{"damage":6,"enemies":"3 Darklings","floor":35,"turns":2},{"damage":17,"enemies":"Orb Walker","floor":39,"turns":4},{"damage":0,"enemies":"Jaw Worm Horde","floor":40,"turns":1},{"damage":44,"enemies":"4 Shapes","floor":41,"turns":6},{"damage":0,"enemies":"Giant Head","floor":46,"turns":3},{"damage":3,"enemies":"Transient","floor":48,"turns":3},{"damage":88,"enemies":"Time Eater","floor":50,"turns":9},{"damage":39,"enemies":"Donu and Deca","floor":51,"turns":9}],"seed_played":"8804520473309264778","potions_obtained":[{"floor":1,"key":"SpeedPotion"},{"floor":6,"key":"SpeedPotion"},{"floor":7,"key":"Swift Potion"},{"floor":14,"key":"Strength Potion"},{"floor":22,"key":"PowerPotion"},{"floor":33,"key":"BloodPotion"},{"floor":35,"key":"AttackPotion"},{"floor":38,"key":"Dexterity Potion"},{"floor":48,"key":"Block Potion"}],"is_trial":true,"path_per_floor":["M","$","?","$","M","E","M","$","T","E","R","M","?","M","R","B",null,"M","?","?","?","M","E","R","E","T","?","?","M","M","M","R","B",null,"M","?","?","?","M","M","M","?","T","$","$","E","?","M","R","B","B",null],"character_chosen":"IRONCLAD","items_purchased":["Impatience","ClockworkSouvenir","Bird Faced Urn","Bronze Scales","Centennial Puzzle","DollysMirror","Anchor","Night Terror","Blood Vial","PreservedInsect"],"campfire_rested":1,"item_purchase_floors":[2,44,44,44,44,45,45,45,45,45],"current_hp_per_floor":[67,67,67,67,73,67,69,69,69,64,64,67,67,73,73,72,74,75,75,75,75,55,55,78,78,78,84,84,87,87,81,81,84,86,86,86,86,86,75,81,43,43,43,43,43,79,69,87,87,21,56],"gold":260,"neow_bonus":"","is_prod":false,"is_daily":false,"chose_seed":false,"campfire_upgraded":4,"win_rate":0,"timestamp":1554121403,"path_taken":["M","$","?","?","M","E","?","$","T","E","R","M","?","?","R","BOSS","M","?","?","?","?","E","R","E","T","?","?","M","M","M","R","BOSS","M","?","?","?","M","M","?","?","T","?","$","E","?","M","R","BOSS","BOSS"],"build_version":"2019-01-23","purchased_purges":3,"victory":true,"max_hp_per_floor":[75,75,75,75,75,75,75,75,75,75,75,75,75,75,75,75,75,75,75,75,75,78,78,78,78,78,84,84,87,87,87,87,87,87,87,87,87,87,87,87,87,87,87,87,87,87,87,87,87,87,87],"card_choices":[{"not_picked":["Combust","Rebound","True Grit"],"picked":"SKIP","floor":1},{"not_picked":["Steam","Lockon","Gash"],"picked":"SKIP","floor":5},{"not_picked":["Dagger Spray","Hello World"],"picked":"Corruption","floor":6},{"not_picked":["Cleave","Headbutt","Redo"],"picked":"SKIP","floor":7},{"not_picked":["Dropkick","Storm","Fiend Fire"],"picked":"SKIP","floor":10},{"not_picked":["Stack","Wild Strike","Carnage"],"picked":"SKIP","floor":12},{"not_picked":["Havoc","Blizzard"],"picked":"Cloak And Dagger","floor":14},{"not_picked":["Exhume","Storm of Steel"],"picked":"Venomology","floor":16},{"not_picked":["Thunderclap","Distraction"],"picked":"Feed","floor":17},{"not_picked":["Burning Pact","Warcry"],"picked":"Leg Sweep","floor":17},{"not_picked":["Hemokinesis","Sucker Punch"],"picked":"Choke","floor":17},{"not_picked":["Reckless Charge","Redo"],"picked":"Shrug It Off","floor":18},{"not_picked":["Dropkick","Barrage","Dual Wield"],"picked":"SKIP","floor":22},{"not_picked":["Dropkick","Barrage"],"picked":"Dual Wield","floor":22},{"not_picked":["Hello World","Distraction","Dagger Spray+1"],"picked":"SKIP","floor":23},{"not_picked":["Scrape","Fire Breathing"],"picked":"Double Energy","floor":25},{"not_picked":["Compile Driver","Force Field","Fire Breathing+1"],"picked":"SKIP","floor":29},{"not_picked":["Clash+1","Sucker Punch"],"picked":"Entrench","floor":30},{"not_picked":["Cloak And Dagger","Caltrops+1","Riddle With Holes"],"picked":"SKIP","floor":31},{"not_picked":["Biased Cognition+1","Unload"],"picked":"Night Terror","floor":33},{"not_picked":["Sweeping Beam","Dodge and Roll","Sever Soul"],"picked":"SKIP","floor":35},{"not_picked":["Go for the Eyes","Redo","Capacitor+1"],"picked":"SKIP","floor":39},{"not_picked":["Warcry+1","Flechettes"],"picked":"Backstab+1","floor":40},{"not_picked":["Hologram","Sucker Punch"],"picked":"Outmaneuver+1","floor":41},{"not_picked":["Force Field","Turbo","Deflect+1"],"picked":"SKIP","floor":46},{"not_picked":["Metamorphosis+1","Transmutation+1"],"picked":"Master of Strategy+1","floor":47},{"not_picked":["Violence+1","Impatience+1"],"picked":"Secret Technique+1","floor":47},{"not_picked":["Magnetism+1","Thinking Ahead+1"],"picked":"Finesse+1","floor":47},{"not_picked":["Pommel Strike+1","Cleave","Searing Blow"],"picked":"SKIP","floor":48}],"player_experience":2811669,"relics_obtained":[{"floor":6,"key":"Self Forming Clay"},{"floor":9,"key":"The Courier"},{"floor":10,"key":"Orichalcum"},{"floor":23,"key":"Dead Branch"},{"floor":25,"key":"Dodecahedron"},{"floor":26,"key":"Frozen Egg 2"},{"floor":27,"key":"Red Mask"},{"floor":46,"key":"Toxic Egg 2"}],"event_choices":[{"damage_healed":0,"gold_gain":0,"player_choice":"Rummage","damage_taken":0,"relics_obtained":["WarpedTongs"],"max_hp_gain":0,"max_hp_loss":0,"event_name":"Accursed Blacksmith","floor":3,"gold_loss":0,"cards_obtained":["Pain"]},{"cards_removed":["Infernal Blade"],"damage_healed":0,"gold_gain":0,"player_choice":"Purged","damage_taken":0,"max_hp_gain":0,"max_hp_loss":0,"event_name":"Purifier","floor":13,"gold_loss":0},{"cards_removed":["Distraction"],"damage_healed":0,"gold_gain":0,"player_choice":"Elegance","damage_taken":0,"max_hp_gain":0,"max_hp_loss":0,"event_name":"Back to Basics","floor":19,"gold_loss":0},{"damage_healed":0,"gold_gain":0,"player_choice":"Ignored","damage_taken":0,"max_hp_gain":0,"max_hp_loss":0,"event_name":"Vampires","floor":20,"gold_loss":0},{"damage_healed":0,"gold_gain":50,"player_choice":"Stole From Cult","damage_taken":0,"max_hp_gain":0,"max_hp_loss":0,"event_name":"Nest","floor":21,"gold_loss":0},{"damage_healed":0,"gold_gain":0,"player_choice":"Fought Bandits","damage_taken":0,"max_hp_gain":0,"max_hp_loss":0,"event_name":"Masked Bandits","floor":27,"gold_loss":0},{"damage_healed":0,"gold_gain":0,"player_choice":"Ignored","damage_taken":0,"max_hp_gain":0,"max_hp_loss":0,"event_name":"The Mausoleum","floor":28,"gold_loss":0},{"damage_healed":0,"gold_gain":222,"player_choice":"Wore Mask","damage_taken":0,"max_hp_gain":0,"max_hp_loss":0,"event_name":"Tomb of Lord Red Mask","floor":36,"gold_loss":0},{"damage_healed":0,"gold_gain":999,"player_choice":"Gold","damage_taken":0,"max_hp_gain":0,"max_hp_loss":0,"event_name":"MindBloom","floor":37,"gold_loss":0,"cards_obtained":["Normality","Normality"]},{"damage_healed":0,"gold_gain":0,"player_choice":"Got Potions","damage_taken":0,"max_hp_gain":0,"max_hp_loss":0,"event_name":"Lab","floor":38,"gold_loss":0},{"damage_healed":0,"gold_gain":0,"player_choice":"Ignored","damage_taken":0,"max_hp_gain":0,"max_hp_loss":0,"event_name":"Mysterious Sphere","floor":42,"gold_loss":0},{"damage_healed":0,"gold_gain":0,"player_choice":"Memory 3","damage_taken":10,"max_hp_gain":0,"max_hp_loss":0,"event_name":"SensoryStone","floor":47,"gold_loss":0}],"is_beta":false,"boss_relics":[{"not_picked":["Sozu","Tiny House"],"picked":"Orrery"},{"not_picked":["Calling Bell","Philosopher\u0027s Stone"],"picked":"Astrolabe"}],"items_purged_floors":[8,44,45],"is_endless":false,"potions_floor_spawned":[1,6,7,14,22,25,29,33,35,40,46,48],"ascension_level":20}