{"gold_per_floor":[110,110,260,97,172,205,70,70,97,114,114,135,169,94,94,168,168,182,182,182,182,195,195,221,221,248,283,297,397,77,95,95,169,169,184,197,197,16,16,16,51,70,70,97,117,217,236,270,270,270,270,270,270,29,59,59],"floor_reached":57,"playtime":3268,"items_purged":["Doubt","Strike_B","Strike_B"],"score":3414,"play_id":"dece2152-d263-4f5c-8e50-601a4e238a2b","local_time":"20190210114911","is_ascension_mode":true,"campfire_choices":[{"data":"Defragment","floor":8,"key":"SMITH"},{"data":"Defragment","floor":11,"key":"SMITH"},{"data":"Loop","floor":15,"key":"SMITH"},{"floor":23,"key":"REST"},{"floor":25,"key":"REST"},{"floor":32,"key":"RECALL"},{"floor":40,"key":"REST"},{"data":"Strike_B","floor":49,"key":"PURGE"},{"data":"Strike_B","floor":53,"key":"PURGE"}],"neow_cost":"NONE","seed_source_timestamp":406246093201300,"circlet_count":0,"master_deck":["AscendersBane","Defend_B","Defend_B","Zap","Dualcast","Defragment+1","Loop+1","Defragment+1","Coolheaded","Chill","Glacier","Biased Cognition","Coolheaded","RitualDagger","Blizzard","Streamline+1","Coolheaded+1","Buffer","Cold Snap+1","Coolheaded","Defragment","Amplify","Reinforced Body+1","BootSequence+1","Skim","Barrage+1","Coolheaded","Core Surge","Stack+1","Defragment"],"relics":["Cracked Core","NeowsBlessing","Art of War","Oddly Smooth Stone","Odd Mushroom","Strawberry","Fusion Hammer","Meat on the Bone","Bag of Marbles","Happy Flower","Bottled Tornado","Dead Branch","The Courier","Runic Capacitor","Inserter","ClockworkSouvenir","Symbiotic Virus","Ancient Tea Set","Peace Pipe","StoneCalendar","Whetstone"],"potions_floor_usage":[27,56,56],"damage_taken":[{"damage":0,"enemies":"Jaw Worm","floor":1,"turns":1},{"damage":0,"enemies":"3 Sentries","floor":6,"turns":1},{"damage":0,"enemies":"Small Slimes","floor":10,"turns":1},{"damage":0,"enemies":"The Mushroom Lair","floor":12,"turns":6},{"damage":10,"enemies":"Lagavulin","floor":13,"turns":9},{"damage":0,"enemies":"Slime Boss","floor":16,"turns":13},{"damage":5,"enemies":"Shell Parasite","floor":18,"turns":8},{"damage":16,"enemies":"2 Thieves","floor":22,"turns":4},{"damage":32,"enemies":"Slavers","floor":24,"turns":9},{"damage":0,"enemies":"Book of Stabbing","floor":27,"turns":8},{"damage":26,"enemies":"Snake Plant","floor":28,"turns":8},{"damage":14,"enemies":"Colosseum Slavers","floor":29,"turns":6},{"damage":21,"enemies":"Colosseum Nobs","floor":29,"turns":8},{"damage":0,"enemies":"Snecko","floor":31,"turns":6},{"damage":6,"enemies":"Automaton","floor":33,"turns":13},{"damage":11,"enemies":"Orb Walker","floor":35,"turns":4},{"damage":0,"enemies":"3 Shapes","floor":36,"turns":6},{"damage":0,"enemies":"Nemesis","floor":41,"turns":11},{"damage":0,"enemies":"Writhing Mass","floor":42,"turns":8},{"damage":0,"enemies":"Giant Head","floor":44,"turns":6},{"damage":0,"enemies":"3 Darklings","floor":45,"turns":4},{"damage":0,"enemies":"Mind Bloom Boss Battle","floor":46,"turns":8},{"damage":0,"enemies":"Spire Growth","floor":47,"turns":4},{"damage":33,"enemies":"Reptomancer","floor":48,"turns":5},{"damage":0,"enemies":"Time Eater","floor":50,"turns":15},{"damage":0,"enemies":"Donu and Deca","floor":51,"turns":9},{"damage":38,"enemies":"Shield and Spear","floor":55,"turns":8},{"damage":28,"enemies":"The Heart","floor":56,"turns":12}],"seed_played":"-7199986007757380007","potions_obtained":[{"floor":1,"key":"Weak Potion"},{"floor":10,"key":"Energy Potion"},{"floor":29,"key":"SteroidPotion"},{"floor":42,"key":"EssenceOfSteel"}],"is_trial":false,"path_per_floor":["M","?","?","$","?","E","$","R","T","M","R","?","E","?","R","B",null,"M","?","T","?","M","R","E","R","T","E","M","?","$","M","R","B",null,"M","M","?","$","?","R","E","M","T","E","M","?","M","E","R","B","B",null,"R","$","E","B",null],"character_chosen":"DEFECT","items_purchased":["Defragment","Defragment","Coolheaded","Runic Capacitor","Defragment","ClockworkSouvenir","FocusPotion","PowerPotion","Defragment"],"campfire_rested":3,"item_purchase_floors":[4,7,7,30,30,38,54,54,54],"current_hp_per_floor":[64,57,57,57,46,46,46,46,46,46,46,46,43,43,43,43,69,64,58,58,58,42,65,45,68,68,68,42,31,31,43,43,49,71,60,60,60,60,49,72,72,72,72,72,72,72,72,51,51,51,51,71,71,71,45,29],"gold":59,"neow_bonus":"THREE_ENEMY_KILL","is_prod":false,"is_daily":false,"chose_seed":false,"campfire_upgraded":3,"win_rate":0,"timestamp":1549766951,"path_taken":["M","?","?","$","?","E","$","R","T","M","R","?","E","?","R","BOSS","M","?","?","?","M","R","E","R","T","E","M","?","$","M","R","BOSS","M","M","?","$","?","R","E","M","T","E","?","?","M","E","R","BOSS","BOSS","R","$","E","BOSS"],"build_version":"2019-01-23","purchased_purges":3,"victory":true,"max_hp_per_floor":[71,71,71,71,71,71,71,71,71,71,71,71,78,78,78,78,78,78,78,78,78,78,78,78,78,78,78,78,78,78,78,78,78,78,78,78,78,78,78,78,78,78,78,78,78,78,78,78,78,78,78,78,78,78,78,78],"card_choices":[{"not_picked":["Reprogram","Turbo","Hologram"],"picked":"SKIP","floor":1},{"not_picked":["Leap","Steam"],"picked":"Loop","floor":6},{"not_picked":["Rebound","Turbo"],"picked":"Chill","floor":10},{"not_picked":["Ball Lightning","Sweeping Beam"],"picked":"Glacier","floor":12},{"not_picked":["Steam","Rebound","Thunder Strike"],"picked":"SKIP","floor":13},{"not_picked":["Hyperbeam","Multi-Cast"],"picked":"Biased Cognition","floor":16},{"not_picked":["Conserve Battery","Ball Lightning"],"picked":"Coolheaded","floor":18},{"not_picked":["Undo","Darkness"],"picked":"Streamline","floor":22},{"not_picked":["Beam Cell","Blizzard"],"picked":"Coolheaded+1","floor":24},{"not_picked":["Darkness","Barrage+1"],"picked":"Buffer","floor":27},{"not_picked":["Compile Driver","Turbo"],"picked":"Cold Snap","floor":28},{"not_picked":["Redo","Reinforced Body"],"picked":"Coolheaded","floor":29},{"not_picked":["Redo","Heatsinks","Lockon"],"picked":"SKIP","floor":31},{"not_picked":["Buffer","Hyperbeam"],"picked":"Amplify","floor":33},{"not_picked":["Ball Lightning+1","Streamline+1"],"picked":"Reinforced Body+1","floor":35},{"not_picked":["Cold Snap+1","Steam+1"],"picked":"BootSequence+1","floor":36},{"not_picked":["Thunder Strike","Steam"],"picked":"Skim","floor":41},{"not_picked":["Ball Lightning","Chaos"],"picked":"Barrage+1","floor":42},{"not_picked":["Steam","Sunder"],"picked":"Coolheaded","floor":44},{"not_picked":["Gash","Streamline+1"],"picked":"Core Surge","floor":45},{"not_picked":["Conserve Battery","Turbo+1","Genetic Algorithm"],"picked":"SKIP","floor":47},{"not_picked":["Recycle","Rebound"],"picked":"Stack+1","floor":48},{"not_picked":["Reinforced Body","Chaos","Cold Snap"],"picked":"SKIP","floor":55}],"player_experience":1486094,"relics_obtained":[{"floor":6,"key":"Art of War"},{"floor":9,"key":"Oddly Smooth Stone"},{"floor":12,"key":"Odd Mushroom"},{"floor":13,"key":"Strawberry"},{"floor":20,"key":"Meat on the Bone"},{"floor":24,"key":"Bag of Marbles"},{"floor":26,"key":"Happy Flower"},{"floor":27,"key":"Bottled Tornado"},{"floor":29,"key":"Dead Branch"},{"floor":29,"key":"The Courier"},{"floor":41,"key":"Symbiotic Virus"},{"floor":44,"key":"Ancient Tea Set"},{"floor":46,"key":"Peace Pipe"},{"floor":48,"key":"StoneCalendar"},{"floor":55,"key":"Whetstone"}],"event_choices":[{"cards_removed":["Defend_B"],"damage_healed":0,"gold_gain":0,"player_choice":"Card Removal","damage_taken":7,"max_hp_gain":0,"max_hp_loss":0,"event_name":"Golden Wing","floor":2,"gold_loss":0},{"damage_healed":0,"gold_gain":150,"player_choice":"AGREE","damage_taken":0,"max_hp_gain":0,"max_hp_loss":0,"event_name":"Liars Game","floor":3,"gold_loss":0,"cards_obtained":["Doubt"]},{"damage_healed":0,"gold_gain":75,"player_choice":"Gather Gold","damage_taken":11,"max_hp_gain":0,"max_hp_loss":0,"event_name":"World of Goop","floor":5,"gold_loss":0},{"damage_healed":0,"gold_gain":0,"player_choice":"Fought Mushrooms","damage_taken":0,"max_hp_gain":0,"max_hp_loss":0,"event_name":"Mushrooms","floor":12,"gold_loss":0},{"cards_removed":["Defend_B"],"damage_healed":0,"gold_gain":0,"player_choice":"Card Removal","damage_taken":0,"max_hp_gain":0,"max_hp_loss":0,"event_name":"The Cleric","floor":14,"gold_loss":75},{"damage_healed":0,"gold_gain":0,"player_choice":"Joined the Cult","damage_taken":6,"max_hp_gain":0,"max_hp_loss":0,"event_name":"Nest","floor":19,"gold_loss":0,"cards_obtained":["RitualDagger"]},{"damage_healed":0,"gold_gain":0,"player_choice":"Read","damage_taken":0,"max_hp_gain":0,"max_hp_loss":0,"event_name":"The Library","floor":21,"gold_loss":0,"cards_obtained":["Blizzard"]},{"damage_healed":0,"gold_gain":0,"player_choice":"Fight","damage_taken":0,"max_hp_gain":0,"max_hp_loss":0,"event_name":"Colosseum","floor":29,"gold_loss":0},{"damage_healed":0,"gold_gain":0,"player_choice":"Fought Nobs","damage_taken":0,"max_hp_gain":0,"max_hp_loss":0,"event_name":"Colosseum","floor":29,"gold_loss":0},{"damage_healed":0,"gold_gain":0,"player_choice":"Ignored","damage_taken":0,"max_hp_gain":0,"max_hp_loss":0,"event_name":"Tomb of Lord Red Mask","floor":37,"gold_loss":0},{"damage_healed":0,"gold_gain":0,"player_choice":"Damaged","damage_taken":11,"max_hp_gain":0,"max_hp_loss":0,"event_name":"Wheel of Change","floor":39,"gold_loss":0},{"damage_healed":0,"gold_gain":0,"player_choice":"Fight","damage_taken":0,"max_hp_gain":0,"max_hp_loss":0,"event_name":"MindBloom","floor":46,"gold_loss":0}],"is_beta":false,"boss_relics":[{"not_picked":["Coffee Dripper","Runic Pyramid"],"picked":"Fusion Hammer"},{"not_picked":["Busted Crown","Velvet Choker"],"picked":"Inserter"}],"items_purged_floors":[4,30,54],"is_endless":false,"potions_floor_spawned":[1,10,12,22,29,31,42,44,45,46],"ascension_level":20}