{"path_per_floor":["M","M","M","M","?","R","M","M","T","R","M","R","M","M","R","B",null,"M","M","$","M","M"],"character_chosen":"IRONCLAD","items_purchased":["Limit Break"],"gold_per_floor":[109,124,134,154,154,154,165,181,181,181,197,197,214,229,229,334,334,347,365,134,148,164],"floor_reached":23,"campfire_rested":0,"playtime":2274,"current_hp_per_floor":[80,80,74,63,56,56,52,57,71,71,73,73,79,83,83,24,94,73,80,80,61,44],"items_purged":["Strike_R"],"gold":164,"play_id":"f4e21936-3589-434e-8b5a-ab7319271186","is_prod":false,"is_daily":false,"is_ascension_mode":false,"campfire_upgraded":4,"path_taken":["M","M","M","M","?","R","M","M","T","R","M","R","M","M","R","BOSS","M","M","$","M","M","E"],"build_version":"2018-01-25-PROD3","purchased_purges":1,"victory":false,"master_deck":["Strike_R","Strike_R","Strike_R","Defend_R","Defend_R","Defend_R","Defend_R","Bash+1","Twin Strike","Thunderclap","Flex+1","Clash","Thunderclap","Whirlwind","Uppercut+1","Iron Wave","Heavy Blade+1","Berserk","Iron Wave","Flex","Limit Break","Sword Boomerang+1"],"max_hp_per_floor":[80,80,80,80,80,80,80,80,94,94,94,94,94,94,94,94,94,94,94,94,94,94],"relics":["Black Blood","Mango"],"card_choices":[{"not_picked":["Pommel Strike","Warcry"],"picked":"Twin Strike"},{"not_picked":["Cleave","Iron Wave"],"picked":"Thunderclap"},{"not_picked":["Intimidate","Cleave"],"picked":"Flex"},{"not_picked":["Infernal Blade","Cleave"],"picked":"Clash"},{"not_picked":["Rage","Second Wind"],"picked":"Thunderclap"},{"not_picked":["Metallicize","Clothesline"],"picked":"Whirlwind"},{"not_picked":["Sever Soul","Corruption"],"picked":"Uppercut"},{"not_picked":["Twin Strike","Rampage"],"picked":"Iron Wave"},{"not_picked":["Feed","Blood for Blood"],"picked":"Heavy Blade"},{"not_picked":["Reaper","Juggernaut"],"picked":"Berserk"},{"not_picked":["Thunderclap","Anger"],"picked":"Iron Wave"},{"not_picked":["Dual Wield","Wild Strike"],"picked":"Flex"},{"not_picked":["Seeing Red","Reckless Charge"],"picked":"Sword Boomerang"}],"player_experience":71514,"potions_floor_usage":[8,21,21,22,23],"damage_taken":[{"damage":6,"enemies":"Cultist","floor":1,"turns":3},{"damage":3,"enemies":"Small Slimes","floor":2,"turns":3},{"damage":12,"enemies":"2 Louse","floor":3,"turns":3},{"damage":17,"enemies":"Large Slime","floor":4,"turns":5},{"damage":10,"enemies":"Looter","floor":7,"turns":3},{"damage":1,"enemies":"Gremlin Gang","floor":8,"turns":3},{"damage":4,"enemies":"Large Slime","floor":11,"turns":5},{"damage":0,"enemies":"3 Louse","floor":13,"turns":2},{"damage":2,"enemies":"2 Fungi Beasts","floor":14,"turns":3},{"damage":65,"enemies":"The Guardian","floor":16,"turns":8},{"damage":31,"enemies":"Spheric Guardian","floor":18,"turns":5},{"damage":3,"enemies":"3 Byrds","floor":19,"turns":4},{"damage":29,"enemies":"3 Cultists","floor":21,"turns":5},{"damage":27,"enemies":"Snake Plant","floor":22,"turns":4},{"damage":45,"enemies":"Gremlin Leader","floor":23,"turns":4}],"event_choices":[{"event_name":"Golden Wing","player_choice":"Card Removal","floor":5,"damage_taken":0}],"boss_relics":[{"not_picked":["Calling Bell","Runic Pyramid"],"picked":"Black Blood"}],"potions_floor_spawned":[4,7,8,13,18,21],"seed_played":"-8014327309935613921","killed_by":"Gremlin Leader","ascension_level":0,"is_trial":false}