{"gold_per_floor":[117,117,117,117,140,114,73,91,91,123,140,140,170,180,180,258,258,273,288,21,40,40,69,88,121,174,200,226,238,272,292,292,368,368,385,401,413,513,513,530,557,25,25,44,44,64,84,110,110,110,110,110,110,5,5],"floor_reached":55,"playtime":2027,"items_purged":["Strike_R"],"score":2138,"play_id":"ac8020f1-87e0-40e4-86d5-509021c79201","local_time":"20190412144741","is_ascension_mode":true,"campfire_choices":[{"data":"Demon Form","floor":15,"key":"SMITH"},{"data":"True Grit","floor":32,"key":"SMITH"},{"floor":45,"key":"RECALL"},{"data":"Apotheosis","floor":49,"key":"SMITH"},{"data":"Juggernaut","floor":53,"key":"SMITH"}],"neow_cost":"NONE","seed_source_timestamp":9920741997200,"circlet_count":0,"master_deck":["AscendersBane","Strike_R","Strike_R","Strike_R","Strike_R","Defend_R","Defend_R","Defend_R+1","Defend_R+1","Bash+1","Shrug It Off","True Grit+1","Feel No Pain","True Grit","Demon Form+1","Bash","Evolve","Disarm","Impervious","Sword Boomerang","Reaper","Feed","Offering+1","Heavy Blade+1","Fiend Fire","Juggernaut+1","Disarm","Feel No Pain","Writhe","Shrug It Off","Entrench+1","Apotheosis+1","Shockwave","Body Slam","Corruption+1","Spot Weakness","True Grit"],"relics":["Burning Blood","NeowsBlessing","Ornamental Fan","Centennial Puzzle","Lantern","Self Forming Clay","Mercury Hourglass","Bottled Tornado","Mark of Pain","Meat on the Bone","Paper Frog","Blue Candle","Tiny Chest","PreservedInsect","Ancient Tea Set","War Paint","Coffee Dripper","Unceasing Top","Darkstone Periapt","Calipers","Pantograph"],"potions_floor_usage":[14,16,24],"damage_taken":[{"damage":0,"enemies":"2 Louse","floor":1,"turns":1},{"damage":0,"enemies":"Jaw Worm","floor":8,"turns":1},{"damage":0,"enemies":"3 Sentries","floor":10,"turns":2},{"damage":3,"enemies":"Cultist","floor":11,"turns":4},{"damage":45,"enemies":"Lagavulin","floor":13,"turns":6},{"damage":1,"enemies":"Blue Slaver","floor":14,"turns":3},{"damage":11,"enemies":"The Guardian","floor":16,"turns":10},{"damage":10,"enemies":"3 Byrds","floor":18,"turns":5},{"damage":0,"enemies":"Chosen","floor":19,"turns":5},{"damage":23,"enemies":"Snake Plant","floor":21,"turns":5},{"damage":13,"enemies":"Gremlin Leader","floor":23,"turns":7},{"damage":38,"enemies":"Cultist and Chosen","floor":24,"turns":7},{"damage":29,"enemies":"Book of Stabbing","floor":25,"turns":6},{"damage":31,"enemies":"Gremlin Leader","floor":28,"turns":6},{"damage":47,"enemies":"3 Cultists","floor":29,"turns":6},{"damage":19,"enemies":"Book of Stabbing","floor":30,"turns":3},{"damage":20,"enemies":"Centurion and Healer","floor":31,"turns":5},{"damage":32,"enemies":"Champ","floor":33,"turns":8},{"damage":33,"enemies":"3 Shapes","floor":35,"turns":4},{"damage":27,"enemies":"Orb Walker","floor":36,"turns":3},{"damage":41,"enemies":"4 Shapes","floor":37,"turns":4},{"damage":0,"enemies":"Mind Bloom Boss Battle","floor":38,"turns":8},{"damage":13,"enemies":"Spire Growth","floor":40,"turns":5},{"damage":51,"enemies":"Reptomancer","floor":41,"turns":5},{"damage":32,"enemies":"Transient","floor":44,"turns":6},{"damage":14,"enemies":"Sphere and 2 Shapes","floor":46,"turns":8},{"damage":28,"enemies":"Spire Growth","floor":47,"turns":6},{"damage":7,"enemies":"Giant Head","floor":48,"turns":5},{"damage":18,"enemies":"Donu and Deca","floor":50,"turns":6},{"damage":127,"enemies":"Awakened One","floor":51,"turns":8},{"damage":90,"enemies":"Shield and Spear","floor":55,"turns":3}],"seed_played":"-4573235869692825707","potions_obtained":[{"floor":8,"key":"Block Potion"},{"floor":11,"key":"SpeedPotion"},{"floor":18,"key":"Block Potion"},{"floor":23,"key":"Ancient Potion"},{"floor":25,"key":"PowerPotion"},{"floor":47,"key":"SpeedPotion"}],"is_trial":false,"path_per_floor":["M","?","?","T","T","$","$","M","T","E","M","?","E","M","R","B",null,"M","M","$","M","?","E","M","E","T","T","E","M","E","M","R","B",null,"M","M","M","?","?","M","E","$","T","M","R","M","M","E","R","B","B",null,"R","$","E"],"character_chosen":"IRONCLAD","items_purchased":["True Grit","Feel No Pain","Meat on the Bone","Calipers","Apotheosis","True Grit"],"campfire_rested":0,"item_purchase_floors":[6,7,20,42,42,54],"current_hp_per_floor":[74,63,40,40,40,40,40,46,46,52,55,55,16,21,21,16,60,56,62,62,45,45,78,49,48,48,48,81,74,61,50,50,36,74,63,54,37,86,93,86,73,73,73,64,64,74,69,85,85,96,37,82,82,82,0],"gold":5,"neow_bonus":"THREE_ENEMY_KILL","is_prod":false,"is_daily":false,"chose_seed":false,"campfire_upgraded":4,"win_rate":0,"timestamp":1555048061,"path_taken":["M","?","?","?","?","?","$","?","T","E","M","?","E","M","R","BOSS","M","M","$","?","?","E","?","E","T","?","E","M","E","M","R","BOSS","M","?","M","?","?","M","E","$","T","M","R","M","M","E","R","BOSS","BOSS","R","$","E"],"build_version":"2019-01-23","purchased_purges":1,"victory":false,"max_hp_per_floor":[75,75,75,75,75,75,75,75,75,75,75,75,75,75,75,75,75,75,75,75,75,75,78,81,81,81,81,81,84,84,87,87,87,87,90,90,93,93,93,93,93,93,93,93,93,97,97,97,97,97,97,97,97,97,97],"card_choices":[{"not_picked":["Clash","Dual Wield"],"picked":"Shrug It Off","floor":1},{"not_picked":["Body Slam","Warcry"],"picked":"True Grit","floor":8},{"not_picked":["Shrug It Off","Shockwave"],"picked":"Demon Form","floor":10},{"not_picked":["Clash","Perfected Strike","Anger"],"picked":"SKIP","floor":11},{"not_picked":["Perfected Strike","Body Slam"],"picked":"Evolve","floor":13},{"not_picked":["Warcry","Thunderclap"],"picked":"Disarm","floor":14},{"not_picked":["Barricade","Immolate"],"picked":"Impervious","floor":16},{"not_picked":["Cleave","Metallicize"],"picked":"Sword Boomerang","floor":18},{"not_picked":["Pommel Strike","Iron Wave+1","True Grit"],"picked":"SKIP","floor":19},{"not_picked":["Heavy Blade","Disarm"],"picked":"Reaper","floor":21},{"not_picked":["Cleave","Thunderclap","Pommel Strike"],"picked":"SKIP","floor":23},{"not_picked":["Bloodletting+1","Body Slam","Fire Breathing"],"picked":"SKIP","floor":24},{"not_picked":["Heavy Blade","Infernal Blade","True Grit"],"picked":"SKIP","floor":25},{"not_picked":["True Grit","Sword Boomerang"],"picked":"Offering","floor":28},{"not_picked":["Body Slam","Cleave"],"picked":"Heavy Blade+1","floor":29},{"not_picked":["Flex","Wild Strike"],"picked":"Fiend Fire","floor":30},{"not_picked":["Pommel Strike","Sentinel","Bloodletting+1"],"picked":"SKIP","floor":31},{"not_picked":["Feed","Fiend Fire"],"picked":"Juggernaut","floor":33},{"not_picked":["Headbutt","Perfected Strike"],"picked":"Disarm","floor":35},{"not_picked":["Intimidate+1","Pommel Strike","Anger+1"],"picked":"SKIP","floor":36},{"not_picked":["Iron Wave","Clothesline+1"],"picked":"Feel No Pain","floor":37},{"not_picked":["Hemokinesis+1","True Grit"],"picked":"Shrug It Off","floor":40},{"not_picked":["Combust","Warcry+1"],"picked":"Entrench+1","floor":41},{"not_picked":["Twin Strike","Brutality"],"picked":"Shockwave","floor":44},{"not_picked":["Iron Wave+1","Evolve"],"picked":"Body Slam","floor":46},{"not_picked":["Pommel Strike","Havoc"],"picked":"Corruption+1","floor":47},{"not_picked":["Clash","Searing Blow"],"picked":"Spot Weakness","floor":48}],"player_experience":3077313,"relics_obtained":[{"floor":4,"key":"Centennial Puzzle"},{"floor":5,"key":"Lantern"},{"floor":9,"key":"Self Forming Clay"},{"floor":10,"key":"Mercury Hourglass"},{"floor":13,"key":"Bottled Tornado"},{"floor":23,"key":"Paper Frog"},{"floor":25,"key":"Blue Candle"},{"floor":26,"key":"Tiny Chest"},{"floor":27,"key":"PreservedInsect"},{"floor":28,"key":"Ancient Tea Set"},{"floor":30,"key":"War Paint"},{"floor":38,"key":"Unceasing Top"},{"floor":41,"key":"Darkstone Periapt"},{"floor":48,"key":"Pantograph"}],"event_choices":[{"damage_healed":0,"gold_gain":0,"player_choice":"Success","damage_taken":11,"relics_obtained":["Ornamental Fan"],"max_hp_gain":0,"max_hp_loss":0,"event_name":"Scrap Ooze","floor":2,"gold_loss":0},{"damage_healed":0,"gold_gain":0,"player_choice":"Entered Light","damage_taken":23,"max_hp_gain":0,"max_hp_loss":0,"event_name":"Shining Light","floor":3,"gold_loss":0,"cards_upgraded":["Bash","Defend_R"]},{"damage_healed":0,"gold_gain":0,"player_choice":"1 cards matched","damage_taken":0,"max_hp_gain":0,"max_hp_loss":0,"event_name":"Match and Keep!","floor":12,"gold_loss":0,"cards_obtained":["Bash"]},{"damage_healed":0,"gold_gain":0,"player_choice":"1 cards matched","damage_taken":0,"max_hp_gain":0,"max_hp_loss":0,"event_name":"Match and Keep!","floor":22,"gold_loss":0,"cards_obtained":["Feed"]},{"damage_healed":0,"gold_gain":0,"player_choice":"Fight","damage_taken":0,"max_hp_gain":0,"max_hp_loss":0,"event_name":"MindBloom","floor":38,"gold_loss":0},{"damage_healed":19,"gold_gain":0,"player_choice":"Writhe","damage_taken":0,"max_hp_gain":0,"max_hp_loss":0,"event_name":"Winding Halls","floor":39,"gold_loss":0,"cards_obtained":["Writhe"]}],"is_beta":false,"boss_relics":[{"not_picked":["Calling Bell","Orrery"],"picked":"Mark of Pain"},{"not_picked":["Cursed Key","Lizard Tail"],"picked":"Coffee Dripper"}],"items_purged_floors":[54],"is_endless":false,"potions_floor_spawned":[8,11,18,23,25,28,30,35,40,41,44,47],"killed_by":"Shield and Spear","ascension_level":20}