{"gold_per_floor":[117,40,40,57,57,91,109,109,109,109,135,135,167,132,132,132],"floor_reached":16,"playtime":430,"items_purged":[],"score":212,"play_id":"e669e5af-2732-44b4-aa57-880219f8c862","local_time":"20190315202210","is_ascension_mode":true,"campfire_choices":[{"data":"Rampage","floor":8,"key":"SMITH"},{"floor":10,"key":"REST"},{"data":"Bash","floor":12,"key":"SMITH"},{"data":"Second Wind","floor":15,"key":"SMITH"}],"neow_cost":"TEN_PERCENT_HP_LOSS","seed_source_timestamp":123327104505700,"circlet_count":0,"master_deck":["AscendersBane","Strike_R","Strike_R","Strike_R","Strike_R","Strike_R","Defend_R","Defend_R","Defend_R","Defend_R","Bash+1","Feed","Rampage+1","Headbutt","Second Wind+1","Power Through"],"relics":["Burning Blood","Du-Vu Doll","Thread and Needle","Ancient Tea Set","Pen Nib"],"potions_floor_usage":[6,16,16,16],"damage_taken":[{"damage":1,"enemies":"Cultist","floor":1,"turns":3},{"damage":21,"enemies":"Jaw Worm","floor":4,"turns":5},{"damage":50,"enemies":"3 Sentries","floor":6,"turns":12},{"damage":7,"enemies":"Small Slimes","floor":7,"turns":3},{"damage":26,"enemies":"Lagavulin","floor":13,"turns":7},{"damage":35,"enemies":"The Guardian","floor":16,"turns":9}],"seed_played":"1233079076324327688","potions_obtained":[{"floor":4,"key":"Explosive Potion"},{"floor":7,"key":"EntropicBrew"}],"is_trial":false,"path_per_floor":["M","$","$","M","$","E","M","R","T","R","T","R","E","?","R","B"],"character_chosen":"IRONCLAD","items_purchased":["Rampage"],"campfire_rested":1,"item_purchase_floors":[2],"current_hp_per_floor":[71,71,71,59,59,15,17,17,17,40,40,40,20,39,39,4],"gold":132,"neow_bonus":"THREE_RARE_CARDS","is_prod":false,"is_daily":false,"chose_seed":false,"campfire_upgraded":3,"win_rate":0,"timestamp":1552648930,"path_taken":["M","?","$","M","?","E","M","R","T","R","?","R","E","?","R","BOSS"],"build_version":"2019-01-23","purchased_purges":0,"victory":false,"max_hp_per_floor":[71,71,71,74,74,74,77,77,77,77,77,77,77,77,77,77],"card_choices":[{"not_picked":["Barricade","Berserk"],"picked":"Feed","floor":0},{"not_picked":["Sword Boomerang","Iron Wave","Headbutt"],"picked":"SKIP","floor":1},{"not_picked":["Sword Boomerang","Rampage"],"picked":"Headbutt","floor":4},{"not_picked":["Berserk","Uppercut"],"picked":"Second Wind","floor":6},{"not_picked":["Infernal Blade","Perfected Strike"],"picked":"Power Through","floor":7},{"not_picked":["Bloodletting","Combust","Headbutt"],"picked":"SKIP","floor":13}],"player_experience":2296177,"relics_obtained":[{"floor":6,"key":"Du-Vu Doll"},{"floor":9,"key":"Thread and Needle"},{"floor":11,"key":"Ancient Tea Set"},{"floor":13,"key":"Pen Nib"}],"event_choices":[{"damage_healed":19,"gold_gain":0,"player_choice":"Healed","damage_taken":0,"max_hp_gain":0,"max_hp_loss":0,"event_name":"The Cleric","floor":14,"gold_loss":35}],"is_beta":false,"boss_relics":[],"items_purged_floors":[],"is_endless":false,"potions_floor_spawned":[4,7],"killed_by":"The Guardian","ascension_level":20}