{"gold_per_floor":[109,39,39,54,54,80,90,119,195,208,140,140,157,157,157,232,232,247,247,247,247],"floor_reached":21,"playtime":1192,"items_purged":[],"score":350,"play_id":"25c4d77b-2eaf-4ccf-bee3-486ebca084c4","local_time":"20180919182151","is_ascension_mode":true,"campfire_choices":[{"floor":12,"key":"REST"},{"floor":15,"key":"REST"}],"neow_cost":"NONE","seed_source_timestamp":431008707689670,"circlet_count":0,"master_deck":["Strike_B","Strike_B","Strike_B","Strike_B","Defend_B","Defend_B","Defend_B","Defend_B","Zap","Dualcast","AscendersBane","Ball Lightning","Static Discharge+1","BootSequence","Sunder","FTL","Capacitor","Cold Snap","Storm+1","Aggregate","Core Surge","Steam","Amplify","Self Repair","Stack","Storm","Creative AI"],"relics":["Cracked Core","NeowsBlessing","Calipers","Bird Faced Urn","Smiling Mask","Bottled Lightning","Orrery","MutagenicStrength"],"potions_floor_usage":[8,8,21,21],"damage_taken":[{"damage":0,"enemies":"Jaw Worm","floor":1,"turns":1},{"damage":0,"enemies":"2 Louse","floor":4,"turns":1},{"damage":0,"enemies":"Gremlin Nob","floor":6,"turns":1},{"damage":0,"enemies":"Cultist","floor":7,"turns":3},{"damage":20,"enemies":"Lagavulin","floor":8,"turns":5},{"damage":23,"enemies":"Exordium Thugs","floor":10,"turns":4},{"damage":8,"enemies":"Red Slaver","floor":13,"turns":3},{"damage":58,"enemies":"Hexaghost","floor":16,"turns":9},{"damage":25,"enemies":"Shell Parasite","floor":18,"turns":5},{"damage":25,"enemies":"Colosseum Slavers","floor":21,"turns":4},{"damage":56,"enemies":"Colosseum Nobs","floor":21,"turns":3}],"seed_played":"5035865379813859031","potions_obtained":[{"floor":4,"key":"SpeedPotion"},{"floor":6,"key":"Weak Potion"},{"floor":10,"key":"Ancient Potion"},{"floor":13,"key":"Energy Potion"},{"floor":18,"key":"Block Potion"}],"is_trial":false,"path_per_floor":["M","$","?","M","T","E","M","E","T","M","$","R","M","?","R","B",null,"M","?","?"],"character_chosen":"DEFECT","items_purchased":["Static Discharge","Storm"],"campfire_rested":2,"item_purchase_floors":[2,11],"current_hp_per_floor":[68,68,68,68,68,68,68,50,50,31,31,53,51,51,73,21,62,54,54,54,0],"gold":247,"neow_bonus":"THREE_ENEMY_KILL","is_prod":false,"is_daily":false,"chose_seed":false,"campfire_upgraded":0,"win_rate":0,"timestamp":1537370511,"path_taken":["M","$","?","?","?","E","M","E","T","M","$","R","?","?","R","BOSS","M","?","?","?"],"build_version":"2018-09-06","purchased_purges":0,"victory":false,"max_hp_per_floor":[75,75,75,75,75,75,75,75,75,75,75,75,75,75,75,75,75,75,75,75,75],"card_choices":[{"not_picked":["Compile Driver","Steam"],"picked":"Ball Lightning","floor":1},{"not_picked":["Beam Cell","Meteor Strike"],"picked":"BootSequence","floor":4},{"not_picked":["Beam Cell","Auto Shields"],"picked":"Sunder","floor":6},{"not_picked":["Consume","Doom and Gloom"],"picked":"FTL","floor":7},{"not_picked":["Rebound","Glacier"],"picked":"Capacitor","floor":8},{"not_picked":["Steam Power","Genetic Algorithm"],"picked":"Cold Snap","floor":10},{"not_picked":["Turbo","Hologram"],"picked":"Aggregate","floor":13},{"not_picked":["Meteor Strike","Reboot"],"picked":"Core Surge","floor":16},{"not_picked":["Genetic Algorithm","Compile Driver"],"picked":"Steam","floor":17},{"not_picked":["Auto Shields","Rebound"],"picked":"Amplify","floor":17},{"not_picked":["Barrage","Redo"],"picked":"Self Repair","floor":17},{"not_picked":["Gash","Recycle"],"picked":"Stack","floor":17},{"not_picked":["Turbo","Rebound"],"picked":"Storm","floor":17},{"not_picked":["Barrage","Streamline"],"picked":"Creative AI","floor":18}],"player_experience":714413,"relics_obtained":[{"floor":5,"key":"Calipers"},{"floor":6,"key":"Bird Faced Urn"},{"floor":8,"key":"Smiling Mask"},{"floor":9,"key":"Bottled Lightning"}],"event_choices":[{"event_name":"Living Wall","player_choice":"Grow","floor":3,"damage_taken":0},{"event_name":"Accursed Blacksmith","player_choice":"Forge","floor":14,"damage_taken":0},{"event_name":"Drug Dealer","player_choice":"Inject Mutagens","floor":19,"damage_taken":0},{"event_name":"Vampires","player_choice":"Ignored","floor":20,"damage_taken":0},{"event_name":"Colosseum","player_choice":"Fight","floor":21,"damage_taken":0},{"event_name":"Colosseum","player_choice":"Fought Nobs","floor":21,"damage_taken":0}],"is_beta":false,"boss_relics":[{"not_picked":["Inserter","Sozu"],"picked":"Orrery"}],"items_purged_floors":[],"is_endless":false,"potions_floor_spawned":[4,6,10,13,18,21],"killed_by":"Colosseum Nobs","ascension_level":13}