{"gold_per_floor":[109,15,26,36,36,36,49,77,77,77,88,88,115,115],"floor_reached":14,"playtime":320,"items_purged":[],"score":200,"play_id":"515e7c54-417a-4e98-a05d-af8e02969765","local_time":"20190228173456","is_ascension_mode":true,"campfire_choices":[{"data":"Bash","floor":6,"key":"SMITH"},{"floor":10,"key":"REST"}],"neow_cost":"NONE","seed_source_timestamp":205309518128000,"circlet_count":0,"master_deck":["AscendersBane","Strike_R","Strike_R","Strike_R","Defend_R","Defend_R","Defend_R","Defend_R","Bash+1","Flex+1","Feel No Pain","Ghostly Armor+1","Inflame","Brutality","Warcry+1"],"relics":["Burning Blood","NeowsBlessing","Toxic Egg 2","Oddly Smooth Stone","Kunai","Blood Vial"],"potions_floor_usage":[8,14],"damage_taken":[{"damage":0,"enemies":"Jaw Worm","floor":1,"turns":1},{"damage":0,"enemies":"Cultist","floor":3,"turns":1},{"damage":0,"enemies":"2 Louse","floor":4,"turns":2},{"damage":7,"enemies":"Looter","floor":7,"turns":4},{"damage":53,"enemies":"Gremlin Nob","floor":8,"turns":5},{"damage":17,"enemies":"Lots of Slimes","floor":11,"turns":8},{"damage":26,"enemies":"Lagavulin","floor":13,"turns":7},{"damage":4,"enemies":"Exordium Thugs","floor":14,"turns":2}],"seed_played":"-3086723345755635275","potions_obtained":[{"floor":4,"key":"Strength Potion"},{"floor":8,"key":"Weak Potion"}],"is_trial":false,"path_per_floor":["M","?","M","M","?","R","M","E","T","R","M","?","E","M"],"character_chosen":"IRONCLAD","items_purchased":[],"campfire_rested":1,"item_purchase_floors":[],"current_hp_per_floor":[74,74,75,75,68,68,67,20,20,42,31,31,11,9],"gold":115,"neow_bonus":"THREE_ENEMY_KILL","is_prod":false,"is_daily":false,"chose_seed":false,"campfire_upgraded":1,"win_rate":0,"timestamp":1551342896,"path_taken":["M","?","?","M","?","R","M","E","T","R","M","?","E","M"],"build_version":"2019-01-23","purchased_purges":0,"victory":false,"max_hp_per_floor":[75,75,75,75,75,75,75,75,75,75,75,75,75,75],"card_choices":[{"not_picked":["Clash","Sentinel","Fire Breathing"],"picked":"SKIP","floor":1},{"not_picked":["Thunderclap","Twin Strike"],"picked":"Flex+1","floor":3},{"not_picked":["Cleave","Heavy Blade","Havoc+1"],"picked":"SKIP","floor":4},{"not_picked":["Headbutt","Uppercut"],"picked":"Feel No Pain","floor":7},{"not_picked":["Clothesline","Sword Boomerang"],"picked":"Ghostly Armor+1","floor":8},{"not_picked":["Hemokinesis","Fire Breathing"],"picked":"Inflame","floor":11},{"not_picked":["Perfected Strike","Sword Boomerang"],"picked":"Warcry+1","floor":13}],"player_experience":1893332,"relics_obtained":[{"floor":8,"key":"Oddly Smooth Stone"},{"floor":9,"key":"Kunai"},{"floor":13,"key":"Blood Vial"}],"event_choices":[{"damage_healed":0,"gold_gain":0,"player_choice":"Paid Gold","damage_taken":0,"relics_obtained":["Toxic Egg 2"],"max_hp_gain":0,"max_hp_loss":0,"event_name":"WeMeetAgain","floor":2,"gold_loss":94},{"cards_removed":["Strike_R"],"damage_healed":0,"gold_gain":0,"player_choice":"Card Removal","damage_taken":7,"max_hp_gain":0,"max_hp_loss":0,"event_name":"Golden Wing","floor":5,"gold_loss":0},{"damage_healed":0,"gold_gain":0,"cards_transformed":["Strike_R"],"player_choice":"Change","damage_taken":0,"max_hp_gain":0,"max_hp_loss":0,"event_name":"Living Wall","floor":12,"gold_loss":0,"cards_obtained":["Brutality"]}],"is_beta":false,"boss_relics":[],"items_purged_floors":[],"is_endless":false,"potions_floor_spawned":[4,8],"killed_by":"Exordium Thugs","ascension_level":20}