{"path_per_floor":["M","?","M","M","M","R","E","R","T","E","M","E","?","M","R"],"character_chosen":"THE_SILENT","items_purchased":[],"gold_per_floor":[113,113,124,135,151,151,183,183,208,238,253,280,280,295,295],"floor_reached":16,"campfire_rested":0,"playtime":1016,"current_hp_per_floor":[68,68,67,63,56,56,31,31,31,31,31,12,12,12,12],"items_purged":[],"gold":295,"score":147,"play_id":"c2bf9713-8ea6-45e4-8b77-66af3b8d7d39","is_prod":false,"is_daily":false,"is_ascension_mode":false,"campfire_upgraded":3,"path_taken":["M","?","M","M","M","R","E","R","T","E","M","E","?","M","R","BOSS"],"build_version":"2018-02-16-BETA2","purchased_purges":0,"victory":false,"master_deck":["Defend_G","Defend_G","Defend_G","Defend_G","Defend_G","Strike_G","Strike_G","Strike_G","Strike_G","Survivor","Neutralize","Noxious Fumes+1","Footwork+1","Dash+1","Acrobatics","Tools of the Trade","Cloak And Dagger","Escape Plan","Endless Agony","Dagger Spray+1"],"max_hp_per_floor":[70,70,70,70,70,70,70,70,70,70,70,70,70,70,70],"relics":["Ring of the Snake","Darkstone Periapt","Juzu Bracelet","Anchor","Gambling Chip"],"card_choices":[{"not_picked":["Prepared","Quick Slash"],"picked":"Noxious Fumes"},{"not_picked":["Backstab","Underhanded Strike"],"picked":"Footwork"},{"not_picked":["Infinite Blades","Expertise"],"picked":"Dash"},{"not_picked":["Heel Hook","Deflect"],"picked":"Acrobatics"},{"not_picked":["Acrobatics","Cloak And Dagger"],"picked":"Tools of the Trade"},{"not_picked":["Poisoned Stab","Accuracy"],"picked":"Cloak And Dagger"},{"not_picked":["Eviscerate","Backflip"],"picked":"Escape Plan"},{"not_picked":["Dagger Throw","Deflect"],"picked":"Dagger Spray"}],"player_experience":55483,"potions_floor_usage":[5,5,10,12],"damage_taken":[{"damage":2,"enemies":"Jaw Worm","floor":1,"turns":8},{"damage":1,"enemies":"Cultist","floor":3,"turns":4},{"damage":4,"enemies":"2 Louse","floor":4,"turns":4},{"damage":7,"enemies":"Exordium Thugs","floor":5,"turns":5},{"damage":25,"enemies":"Gremlin Nob","floor":7,"turns":5},{"damage":0,"enemies":"Lagavulin","floor":10,"turns":8},{"damage":0,"enemies":"Looter","floor":11,"turns":4},{"damage":19,"enemies":"Gremlin Nob","floor":12,"turns":5},{"damage":0,"enemies":"Large Slime","floor":14,"turns":6},{"damage":12,"enemies":"Hexaghost","floor":16,"turns":11}],"event_choices":[{"event_name":"Upgrade Shrine","player_choice":"Upgraded","floor":2,"damage_taken":0},{"event_name":"Living Wall","player_choice":"Change","floor":13,"damage_taken":0}],"boss_relics":[],"potions_floor_spawned":[1,4,7,10],"seed_played":"1168687045836127346","killed_by":"Hexaghost","ascension_level":0,"is_trial":false}