{"gold_per_floor":[111,34,53,53,53,97,97,97],"floor_reached":8,"playtime":105,"items_purged":[],"score":158,"play_id":"ad463a27-0f4b-4594-9e39-bb1cd0101b94","local_time":"20190318213245","is_ascension_mode":true,"campfire_choices":[],"neow_cost":"NONE","seed_source_timestamp":125215329607700,"circlet_count":0,"master_deck":["AscendersBane","Strike_B","Strike_B","Strike_B","Defend_B","Defend_B","Defend_B+1","Defend_B","Zap+1","Dualcast","Capacitor","Turbo","Consume"],"relics":["Cracked Core","NeowsBlessing","Golden Idol","War Paint","Strawberry"],"potions_floor_usage":[],"damage_taken":[{"damage":0,"enemies":"Cultist","floor":1,"turns":1},{"damage":0,"enemies":"2 Louse","floor":3,"turns":1},{"damage":0,"enemies":"Lagavulin","floor":6,"turns":1},{"damage":42,"enemies":"3 Sentries","floor":8,"turns":6}],"seed_played":"-5964315479587266377","potions_obtained":[{"floor":3,"key":"Ancient Potion"}],"is_trial":false,"path_per_floor":["M","$","M","?","?","E","?","E"],"character_chosen":"DEFECT","items_purchased":["Capacitor"],"campfire_rested":0,"item_purchase_floors":[2],"current_hp_per_floor":[64,64,64,64,40,40,47,5],"gold":97,"neow_bonus":"THREE_ENEMY_KILL","is_prod":false,"is_daily":false,"chose_seed":false,"campfire_upgraded":0,"win_rate":0,"timestamp":1552912365,"path_taken":["M","$","?","?","?","E","?","E"],"build_version":"2019-01-23","purchased_purges":0,"victory":false,"max_hp_per_floor":[71,71,71,71,71,71,78,78],"card_choices":[{"not_picked":["Streamline","Stack","Compile Driver"],"picked":"SKIP","floor":1},{"not_picked":["Compile Driver","Conserve Battery"],"picked":"Capacitor","floor":3},{"not_picked":["Heatsinks","Compile Driver"],"picked":"Consume","floor":6}],"player_experience":2362517,"relics_obtained":[{"floor":6,"key":"War Paint"}],"event_choices":[{"damage_healed":0,"gold_gain":0,"cards_transformed":["Strike_B"],"player_choice":"Change","damage_taken":0,"max_hp_gain":0,"max_hp_loss":0,"event_name":"Living Wall","floor":4,"gold_loss":0,"cards_obtained":["Turbo"]},{"damage_healed":0,"gold_gain":0,"player_choice":"Take Damage","damage_taken":24,"relics_obtained":["Golden Idol"],"max_hp_gain":0,"max_hp_loss":0,"event_name":"Golden Idol","floor":5,"gold_loss":0},{"cards_removed":["Capacitor"],"damage_healed":0,"gold_gain":0,"player_choice":"Gave Card","damage_taken":0,"relics_obtained":["Strawberry"],"max_hp_gain":0,"max_hp_loss":0,"event_name":"WeMeetAgain","floor":7,"gold_loss":0}],"is_beta":false,"boss_relics":[],"items_purged_floors":[],"is_endless":false,"potions_floor_spawned":[3],"killed_by":"3 Sentries","ascension_level":20}