{"gold_per_floor":[113,133,39,39,39,39,67,67,91,91,106,140,140,156,186,186],"floor_reached":16,"playtime":264,"items_purged":[],"score":266,"play_id":"de3ed819-05b2-4ceb-98c3-46068feaaa78","local_time":"20190408190103","is_ascension_mode":true,"campfire_choices":[{"data":"Discovery","floor":6,"key":"SMITH"},{"data":"Self Repair","floor":10,"key":"SMITH"},{"floor":13,"key":"DIG"},{"floor":15,"key":"DIG"}],"neow_cost":"NONE","seed_source_timestamp":147930094115000,"circlet_count":0,"master_deck":["AscendersBane","Strike_B","Strike_B","Strike_B+1","Strike_B","Defend_B","Defend_B","Defend_B","Defend_B","Zap","Dualcast","Loop+1","Self Repair+1","Discovery+1","Echo Form","Capacitor","Glacier"],"relics":["Cracked Core","NeowsBlessing","Singing Bowl","Golden Idol","Shovel","Bag of Marbles","Tiny Chest"],"potions_floor_usage":[14,16],"damage_taken":[{"damage":0,"enemies":"2 Louse","floor":1,"turns":1},{"damage":0,"enemies":"Jaw Worm","floor":2,"turns":1},{"damage":0,"enemies":"Gremlin Nob","floor":7,"turns":1},{"damage":10,"enemies":"Cultist","floor":11,"turns":4},{"damage":6,"enemies":"Lagavulin","floor":12,"turns":6},{"damage":35,"enemies":"Exordium Thugs","floor":14,"turns":6},{"damage":37,"enemies":"The Guardian","floor":16,"turns":4}],"seed_played":"363188981901015067","potions_obtained":[{"floor":7,"key":"Explosive Potion"},{"floor":14,"key":"SpeedPotion"}],"is_trial":false,"path_per_floor":["M","M","$","?","?","R","E","?","T","R","M","E","R","M","R","B"],"character_chosen":"DEFECT","items_purchased":["Discovery"],"campfire_rested":0,"item_purchase_floors":[3],"current_hp_per_floor":[64,64,64,64,43,43,43,43,43,43,55,59,59,34,34,0],"gold":186,"neow_bonus":"THREE_ENEMY_KILL","is_prod":false,"is_daily":false,"chose_seed":false,"campfire_upgraded":2,"win_rate":0,"timestamp":1554717663,"path_taken":["M","M","$","?","?","R","E","?","T","R","M","E","R","M","R","BOSS"],"build_version":"2019-01-23","purchased_purges":0,"victory":false,"max_hp_per_floor":[71,71,71,71,71,71,71,64,64,64,66,66,66,66,66,66],"card_choices":[{"not_picked":["Go for the Eyes","Melter"],"picked":"Loop","floor":1},{"not_picked":["Barrage","Conserve Battery"],"picked":"Self Repair","floor":2},{"not_picked":["Turbo","Rebound"],"picked":"Echo Form","floor":7},{"not_picked":["Redo","Streamline","Steam"],"picked":"Singing Bowl","floor":11},{"not_picked":["Stack","Redo"],"picked":"Capacitor","floor":12},{"not_picked":["Chill","Hologram"],"picked":"Glacier","floor":14}],"player_experience":2983957,"relics_obtained":[{"floor":7,"key":"Singing Bowl"},{"floor":12,"key":"Shovel"},{"floor":13,"key":"Bag of Marbles"},{"floor":15,"key":"Tiny Chest"}],"event_choices":[{"damage_healed":0,"gold_gain":0,"player_choice":"Ignored","damage_taken":0,"max_hp_gain":0,"max_hp_loss":0,"event_name":"Liars Game","floor":4,"gold_loss":0},{"damage_healed":0,"gold_gain":0,"player_choice":"Entered Light","damage_taken":21,"max_hp_gain":0,"max_hp_loss":0,"event_name":"Shining Light","floor":5,"gold_loss":0,"cards_upgraded":["Loop","Strike_B"]},{"damage_healed":0,"gold_gain":0,"player_choice":"Lose Max HP","damage_taken":0,"relics_obtained":["Golden Idol"],"max_hp_gain":0,"max_hp_loss":7,"event_name":"Golden Idol","floor":8,"gold_loss":0}],"is_beta":false,"boss_relics":[],"items_purged_floors":[],"is_endless":false,"potions_floor_spawned":[7,14],"killed_by":"The Guardian","ascension_level":20}