{"gold_per_floor":[113,130,280,41,41,73,73,84,107,122,122,149,181,191,191,268,268,281,281,294,307,31,31,60,73,73,73,73,73,73,91,91,168,168,180,190,204,224,236,267,267,297,379,379,392,421,421,434,434,434,434,434,434,36,68,68],"floor_reached":57,"playtime":3791,"items_purged":["Doubt","Pain"],"score":3023,"play_id":"a020b709-3f0c-4148-81b3-1eb4672c078f","local_time":"20190304140415","is_ascension_mode":true,"campfire_choices":[{"data":"Zap","floor":7.0,"key":"SMITH"},{"data":"Echo Form","floor":11.0,"key":"SMITH"},{"data":"Streamline","floor":15.0,"key":"SMITH"},{"floor":23.0,"key":"REST"},{"data":"Buffer","floor":27.0,"key":"SMITH"},{"data":"Coolheaded","floor":32.0,"key":"SMITH"},{"data":"Fission","floor":41.0,"key":"SMITH"},{"floor":49.0,"key":"RECALL"},{"data":"Discovery","floor":53.0,"key":"SMITH"}],"neow_cost":"NONE","seed_source_timestamp":218945718665400,"circlet_count":0,"master_deck":["AscendersBane","Strike_B","Strike_B","Strike_B","Zap+1","Dualcast","Echo Form+1","Coolheaded+1","Self Repair","Buffer+1","Streamline+1","Rainbow","Rainbow+1","Chill+1","Coolheaded+1","Gash","Coolheaded+1","Gash","Gash","Aggregate+1","Chill","Undo","Electrodynamics","Glacier","Glacier","Compile Driver","Self Repair","Coolheaded+1","Gash","Fission+1","Conserve Battery+1","Chill","Core Surge","Turbo","Conserve Battery","Leap+1","Gash","Hologram","Double Energy+1","Discovery+1","Master of Strategy","Apotheosis","Darkness+1","Chaos+1","Loop","Reinforced Body+1","Compile Driver+1","Capacitor","Discovery","Hologram","Consume+1"],"special_seed":0,"relics":["Cracked Core","NeowsBlessing","PreservedInsect","WarpedTongs","Potion Belt","Pen Nib","Odd Mushroom","Prayer Wheel","Astrolabe","Ice Cream","Mercury Hourglass","Coffee Dripper","Anchor","Strawberry","Pantograph","Bag of Preparation","Mango"],"potions_floor_usage":[56,56,56],"damage_taken":[{"damage":0.0,"enemies":"Cultist","floor":1.0,"turns":1.0},{"damage":0.0,"enemies":"2 Louse","floor":2.0,"turns":1.0},{"damage":0.0,"enemies":"Lagavulin","floor":6.0,"turns":1.0},{"damage":5.0,"enemies":"Jaw Worm","floor":8.0,"turns":3.0},{"damage":8.0,"enemies":"Red Slaver","floor":10.0,"turns":3.0},{"damage":27.0,"enemies":"The Mushroom Lair","floor":12.0,"turns":4.0},{"damage":37.0,"enemies":"3 Sentries","floor":13.0,"turns":8.0},{"damage":6.0,"enemies":"Looter","floor":14.0,"turns":3.0},{"damage":60.0,"enemies":"The Guardian","floor":16.0,"turns":11.0},{"damage":29.0,"enemies":"Shell Parasite","floor":18.0,"turns":5.0},{"damage":22.0,"enemies":"3 Byrds","floor":20.0,"turns":7.0},{"damage":27.0,"enemies":"Shelled Parasite and Fungi","floor":21.0,"turns":5.0},{"damage":9.0,"enemies":"Slavers","floor":24.0,"turns":2.0},{"damage":5.0,"enemies":"Snecko","floor":25.0,"turns":9.0},{"damage":0.0,"enemies":"3 Cultists","floor":31.0,"turns":5.0},{"damage":0.0,"enemies":"Automaton","floor":33.0,"turns":9.0},{"damage":0.0,"enemies":"3 Shapes","floor":35.0,"turns":3.0},{"damage":26.0,"enemies":"3 Darklings","floor":36.0,"turns":8.0},{"damage":14.0,"enemies":"Writhing Mass","floor":37.0,"turns":8.0},{"damage":0.0,"enemies":"4 Shapes","floor":38.0,"turns":3.0},{"damage":3.0,"enemies":"Spire Growth","floor":39.0,"turns":6.0},{"damage":0.0,"enemies":"Reptomancer","floor":40.0,"turns":8.0},{"damage":1.0,"enemies":"Giant Head","floor":42.0,"turns":7.0},{"damage":0.0,"enemies":"Transient","floor":45.0,"turns":6.0},{"damage":1.0,"enemies":"Reptomancer","floor":46.0,"turns":6.0},{"damage":30.0,"enemies":"3 Darklings","floor":48.0,"turns":5.0},{"damage":62.0,"enemies":"Time Eater","floor":50.0,"turns":14.0},{"damage":27.0,"enemies":"Awakened One","floor":51.0,"turns":12.0},{"damage":32.0,"enemies":"Shield and Spear","floor":55.0,"turns":7.0},{"damage":61,"enemies":"The Heart","floor":56,"turns":14}],"seed_played":"6462671123236458433","potions_obtained":[{"floor":2.0,"key":"EntropicBrew"},{"floor":12.0,"key":"SteroidPotion"},{"floor":13.0,"key":"Dexterity Potion"},{"floor":14.0,"key":"Dexterity Potion"},{"floor":18.0,"key":"Strength Potion"},{"floor":20.0,"key":"Swift Potion"},{"floor":25.0,"key":"Swift Potion"},{"floor":31.0,"key":"FocusPotion"},{"floor":35.0,"key":"SteroidPotion"},{"floor":37.0,"key":"SpeedPotion"},{"floor":42.0,"key":"Energy Potion"},{"floor":46.0,"key":"Block Potion"},{"floor":55.0,"key":"Poison Potion"}],"is_trial":false,"path_per_floor":["M","M","?","$","?","E","R","M","T","M","R","?","E","M","R","B",null,"M","?","M","M","$","R","E","M","T","R","?","?","$","M","R","B",null,"M","M","M","M","M","E","R","E","T","?","M","E","?","M","R","B","B",null,"R","$","E","B",null],"character_chosen":"DEFECT","items_purchased":["PreservedInsect","Electrodynamics","Bag of Preparation","Capacitor","Discovery","Hologram"],"campfire_rested":1,"item_purchase_floors":[4,22,54,54,54,54],"current_hp_per_floor":[64,64,64,64,64,64,64,59,59,51,51,31,59,63,63,23,59,50,50,38,21,21,42,43,58,58,58,38,38,38,58,58,76,76,76,76,76,76,76,76,76,83,83,73,83,83,79,69,69,47,65,76,76,76,68,52],"gold":68,"neow_bonus":"THREE_ENEMY_KILL","is_prod":false,"is_daily":false,"chose_seed":false,"campfire_upgraded":7,"win_rate":0,"timestamp":1551675855,"path_taken":["M","?","?","$","?","E","R","M","T","?","R","?","E","M","R","BOSS","M","?","?","M","$","R","E","M","T","R","?","?","?","M","R","BOSS","M","M","M","M","M","E","R","E","T","?","M","E","?","M","R","BOSS","BOSS","R","$","E","BOSS"],"build_version":"2019-01-23","purchased_purges":2,"victory":true,"max_hp_per_floor":[71,71,71,71,71,71,71,71,71,71,71,71,71,71,71,71,71,71,71,71,71,71,71,71,71,71,71,76,76,76,76,76,76,76,76,76,76,76,76,76,76,83,83,83,83,83,79,79,79,79,79,79,79,79,93,93],"card_choices":[{"not_picked":["Ball Lightning","Barrage","Steam Power"],"picked":"SKIP","floor":1.0},{"not_picked":["Scrape","Redo","Barrage"],"picked":"SKIP","floor":2.0},{"not_picked":["Seek","Streamline"],"picked":"Echo Form","floor":6.0},{"not_picked":["Redo","Beam Cell"],"picked":"Coolheaded","floor":8.0},{"not_picked":["Gash","Conserve Battery"],"picked":"Self Repair","floor":10.0},{"not_picked":["Aggregate","Scrape"],"picked":"Buffer","floor":13.0},{"not_picked":["Ball Lightning","Compile Driver"],"picked":"Streamline","floor":14.0},{"not_picked":["Beam Cell","Barrage","Steam"],"picked":"SKIP","floor":14.0},{"not_picked":["Thunder Strike","Meteor Strike"],"picked":"Rainbow","floor":16.0},{"not_picked":["Reprogram","Coolheaded"],"picked":"Gash","floor":18.0},{"not_picked":["Turbo","Gash"],"picked":"Coolheaded+1","floor":18.0},{"not_picked":["Streamline","Sweeping Beam"],"picked":"Gash","floor":20.0},{"not_picked":["Reinforced Body","Streamline"],"picked":"Aggregate+1","floor":20.0},{"not_picked":["Hologram+1","Go for the Eyes"],"picked":"Chill","floor":21.0},{"not_picked":["Go for the Eyes","Skim"],"picked":"Undo","floor":21.0},{"not_picked":["Fission","Stack"],"picked":"Glacier","floor":24.0},{"not_picked":["Turbo","Melter"],"picked":"Glacier","floor":25.0},{"not_picked":["Tempest","Undo","FTL"],"picked":"SKIP","floor":25.0},{"not_picked":["Rebound","Cold Snap+1"],"picked":"Coolheaded+1","floor":31.0},{"not_picked":["Turbo","Streamline"],"picked":"Gash","floor":31.0},{"not_picked":["Echo Form","Seek"],"picked":"Fission","floor":33.0},{"not_picked":["Tempest","Ball Lightning"],"picked":"Conserve Battery+1","floor":35.0},{"not_picked":["Compile Driver","Darkness","Barrage+1"],"picked":"SKIP","floor":35.0},{"not_picked":["Blizzard","Ball Lightning"],"picked":"Chill","floor":36.0},{"not_picked":["Hologram","Skim"],"picked":"Core Surge","floor":36.0},{"not_picked":["Hologram","Storm"],"picked":"Turbo","floor":37.0},{"not_picked":["Rebound","Compile Driver"],"picked":"Conserve Battery","floor":37.0},{"not_picked":["Doom and Gloom","Melter"],"picked":"Leap+1","floor":38.0},{"not_picked":["Beam Cell","Steam","Rebound+1"],"picked":"SKIP","floor":38.0},{"not_picked":["Self Repair+1","Redo+1"],"picked":"Gash","floor":39.0},{"not_picked":["Chill+1","Auto Shields"],"picked":"Hologram","floor":39.0},{"not_picked":["Beam Cell","Steam"],"picked":"Double Energy+1","floor":40.0},{"not_picked":["Amplify","Barrage","Streamline"],"picked":"SKIP","floor":42.0},{"not_picked":["The Bomb","Finesse"],"picked":"Discovery","floor":44.0},{"not_picked":["Metamorphosis","Impatience"],"picked":"Master of Strategy","floor":44.0},{"not_picked":["Forethought","Purity"],"picked":"Apotheosis","floor":44.0},{"not_picked":["BootSequence","Chill+1"],"picked":"Darkness+1","floor":45.0},{"not_picked":["Sweeping Beam","Doom and Gloom"],"picked":"Chaos+1","floor":45.0},{"not_picked":["Redo","Reboot"],"picked":"Loop","floor":46.0},{"not_picked":["Compile Driver","Static Discharge"],"picked":"Reinforced Body+1","floor":48.0},{"not_picked":["Rebound","Hello World"],"picked":"Compile Driver+1","floor":48.0},{"not_picked":["Sweeping Beam","Conserve Battery"],"picked":"Consume+1","floor":55.0}],"player_experience":1990760,"relics_obtained":[{"floor":6.0,"key":"Potion Belt"},{"floor":9.0,"key":"Pen Nib"},{"floor":12.0,"key":"Odd Mushroom"},{"floor":13.0,"key":"Prayer Wheel"},{"floor":24.0,"key":"Ice Cream"},{"floor":26.0,"key":"Mercury Hourglass"},{"floor":40.0,"key":"Anchor"},{"floor":42.0,"key":"Strawberry"},{"floor":46.0,"key":"Pantograph"},{"floor":55.0,"key":"Mango"}],"event_choices":[{"damage_healed":0.0,"max_hp_gain":0.0,"max_hp_loss":0.0,"gold_gain":150.0,"event_name":"Liars Game","player_choice":"AGREE","floor":3.0,"gold_loss":0.0,"damage_taken":0.0,"cards_obtained":["Doubt"]},{"damage_healed":0.0,"max_hp_gain":0.0,"max_hp_loss":0.0,"gold_gain":0.0,"event_name":"Accursed Blacksmith","player_choice":"Rummage","floor":5.0,"gold_loss":0.0,"damage_taken":0.0,"relics_obtained":["WarpedTongs"],"cards_obtained":["Pain"]},{"damage_healed":0.0,"max_hp_gain":0.0,"max_hp_loss":0.0,"gold_gain":0.0,"event_name":"Mushrooms","player_choice":"Fought Mushrooms","floor":12.0,"gold_loss":0.0,"damage_taken":0.0},{"damage_healed":0.0,"max_hp_gain":0.0,"max_hp_loss":0.0,"gold_gain":0.0,"event_name":"Duplicator","player_choice":"Copied","floor":19.0,"gold_loss":0.0,"damage_taken":0.0,"cards_obtained":["Gash"]},{"damage_healed":0.0,"max_hp_gain":5.0,"max_hp_loss":0.0,"gold_gain":0.0,"event_name":"Forgotten Altar","player_choice":"Shed Blood","floor":28.0,"gold_loss":0.0,"damage_taken":25.0},{"damage_healed":0.0,"max_hp_gain":0.0,"max_hp_loss":0.0,"gold_gain":0.0,"cards_transformed":["Defend_B","Defend_B"],"event_name":"Drug Dealer","player_choice":"Became Test Subject","floor":29.0,"gold_loss":0.0,"damage_taken":0.0,"cards_obtained":["Compile Driver","Self Repair"]},{"damage_healed":0.0,"max_hp_gain":0.0,"max_hp_loss":0.0,"gold_gain":0.0,"event_name":"SensoryStone","player_choice":"Memory 3","floor":44.0,"gold_loss":0.0,"damage_taken":10.0},{"damage_healed":0.0,"max_hp_gain":0.0,"max_hp_loss":4.0,"gold_gain":0.0,"event_name":"Winding Halls","player_choice":"Max HP","floor":47.0,"gold_loss":0.0,"damage_taken":0.0}],"is_beta":false,"boss_relics":[{"not_picked":["Eternal Feather","Velvet Choker"],"picked":"Astrolabe"},{"not_picked":["Lizard Tail","Sozu"],"picked":"Coffee Dripper"}],"items_purged_floors":[4,22],"is_endless":false,"potions_floor_spawned":[2,12,13,14,16,18,20,25,31,35,37,42,46,55],"ascension_level":20}