{"gold_per_floor":[113,57,57,76,226,259,287,287,313,313],"floor_reached":10,"playtime":117,"items_purged":[],"score":178,"play_id":"8c0918e1-f781-4c42-a56f-c49d4849e210","local_time":"20190408210046","is_ascension_mode":true,"campfire_choices":[{"data":"Sunder","floor":8,"key":"SMITH"}],"neow_cost":"NONE","seed_source_timestamp":155261100085500,"circlet_count":0,"master_deck":["AscendersBane","Strike_B","Strike_B","Strike_B","Strike_B","Defend_B","Defend_B","Defend_B","Defend_B","Zap","Dualcast","Darkness","Doubt","Sunder+1"],"relics":["Cracked Core","NeowsBlessing","Golden Idol","The Courier","Odd Mushroom","Centennial Puzzle"],"potions_floor_usage":[7,7],"damage_taken":[{"damage":0,"enemies":"2 Louse","floor":1,"turns":1},{"damage":0,"enemies":"Small Slimes","floor":4,"turns":1},{"damage":0,"enemies":"3 Sentries","floor":6,"turns":1},{"damage":17,"enemies":"The Mushroom Lair","floor":7,"turns":5},{"damage":0,"enemies":"Gremlin Nob","floor":10,"turns":1}],"seed_played":"8097616106582996095","potions_obtained":[{"floor":4,"key":"Strength Potion"},{"floor":6,"key":"PowerPotion"},{"floor":7,"key":"Swift Potion"}],"is_trial":false,"path_per_floor":["M","$","?","M","?","E","?","R","T","E"],"character_chosen":"DEFECT","items_purchased":["Fire Potion"],"campfire_rested":0,"item_purchase_floors":[2],"current_hp_per_floor":[64,64,40,40,40,40,23,23,23,23],"gold":313,"neow_bonus":"THREE_ENEMY_KILL","is_prod":false,"is_daily":false,"chose_seed":false,"campfire_upgraded":1,"win_rate":0,"timestamp":1554724846,"path_taken":["M","$","?","M","?","E","?","R","T","E"],"build_version":"2019-01-23","purchased_purges":0,"victory":false,"max_hp_per_floor":[71,71,71,71,71,71,71,71,71,71],"card_choices":[{"not_picked":["Rebound","Storm","Aggregate"],"picked":"SKIP","floor":1},{"not_picked":["Hello World","Compile Driver"],"picked":"Darkness","floor":4},{"not_picked":["Leap","Heatsinks","Conserve Battery"],"picked":"SKIP","floor":6},{"not_picked":["Streamline","Leap"],"picked":"Sunder","floor":7}],"player_experience":2990976,"relics_obtained":[{"floor":6,"key":"The Courier"},{"floor":7,"key":"Odd Mushroom"},{"floor":9,"key":"Centennial Puzzle"}],"event_choices":[{"damage_healed":0,"gold_gain":0,"player_choice":"Take Damage","damage_taken":24,"relics_obtained":["Golden Idol"],"max_hp_gain":0,"max_hp_loss":0,"event_name":"Golden Idol","floor":3,"gold_loss":0},{"damage_healed":0,"gold_gain":150,"player_choice":"AGREE","damage_taken":0,"max_hp_gain":0,"max_hp_loss":0,"event_name":"Liars Game","floor":5,"gold_loss":0,"cards_obtained":["Doubt"]},{"damage_healed":0,"gold_gain":0,"player_choice":"Fought Mushrooms","damage_taken":0,"max_hp_gain":0,"max_hp_loss":0,"event_name":"Mushrooms","floor":7,"gold_loss":0}],"is_beta":false,"boss_relics":[],"items_purged_floors":[],"is_endless":false,"potions_floor_spawned":[4,6,7],"killed_by":"Gremlin Nob","ascension_level":20}