{"gold_per_floor":[369,369,444,14,14,14,14,37,112,68,102,102,145,170,170,260,260,275,325,348,348,16,16,41,77,77,77,92,92,136,155,155,254,254,268,6,6,26,26,1025,1025,1025,1050,1050,1075,1113,1131,1131,1131,1131],"floor_reached":51,"playtime":1420,"items_purged":["Injury","Thunder Strike"],"score":1329,"play_id":"a92d4d18-3a04-4323-a4a8-24df6ef74cf8","local_time":"20190216194021","is_ascension_mode":true,"campfire_choices":[{"data":"Discovery","floor":6,"key":"SMITH"},{"data":"Zap","floor":12,"key":"SMITH"},{"data":"Creative AI","floor":15,"key":"SMITH"},{"data":"Heatsinks","floor":23,"key":"SMITH"},{"floor":29,"key":"REST"},{"data":"Blizzard","floor":32,"key":"SMITH"},{"data":"Apotheosis","floor":41,"key":"SMITH"},{"data":"Loop","floor":44,"key":"SMITH"},{"floor":49,"key":"REST"}],"neow_cost":"CURSE","seed_source_timestamp":207061629180100,"circlet_count":0,"master_deck":["AscendersBane","Strike_B","Strike_B","Strike_B","Defend_B","Defend_B","Zap+1","Dualcast","Self Repair","Discovery+1","Ball Lightning","Self Repair","Glacier","Creative AI+1","Cold Snap","Amplify","Heatsinks+1","Go for the Eyes","Blizzard+1","Master of Strategy","Core Surge","Echo Form","Cold Snap","Loop+1","Consume","Panacea","Apotheosis+1","Parasite","Loop"],"relics":["Cracked Core","Golden Idol","PreservedInsect","Mummified Hand","Lantern","Blue Candle","Runic Dome","Cables","Mercury Hourglass","Letter Opener","White Beast Statue","Omamori","Regal Pillow","Strawberry","Bronze Scales"],"potions_floor_usage":[13,13,28,30,46],"damage_taken":[{"damage":0,"enemies":"Small Slimes","floor":1,"turns":3},{"damage":7,"enemies":"Jaw Worm","floor":8,"turns":2},{"damage":18,"enemies":"Gremlin Nob","floor":11,"turns":3},{"damage":10,"enemies":"3 Sentries","floor":13,"turns":4},{"damage":0,"enemies":"2 Louse","floor":14,"turns":1},{"damage":34,"enemies":"The Guardian","floor":16,"turns":11},{"damage":40,"enemies":"3 Byrds","floor":18,"turns":5},{"damage":1,"enemies":"Spheric Guardian","floor":20,"turns":3},{"damage":18,"enemies":"Snake Plant","floor":24,"turns":5},{"damage":33,"enemies":"Book of Stabbing","floor":25,"turns":5},{"damage":21,"enemies":"Shelled Parasite and Fungi","floor":28,"turns":4},{"damage":17,"enemies":"Slavers","floor":30,"turns":4},{"damage":4,"enemies":"Centurion and Healer","floor":31,"turns":4},{"damage":26,"enemies":"Collector","floor":33,"turns":7},{"damage":22,"enemies":"Orb Walker","floor":35,"turns":3},{"damage":0,"enemies":"3 Darklings","floor":38,"turns":3},{"damage":1,"enemies":"Transient","floor":45,"turns":5},{"damage":55,"enemies":"Nemesis","floor":46,"turns":6},{"damage":7,"enemies":"Writhing Mass","floor":47,"turns":4},{"damage":19,"enemies":"Donu and Deca","floor":50,"turns":7}],"seed_played":"-7623976009869024077","potions_obtained":[{"floor":1,"key":"SpeedPotion"},{"floor":11,"key":"AttackPotion"},{"floor":16,"key":"Weak Potion"},{"floor":20,"key":"Energy Potion"},{"floor":28,"key":"Strength Potion"},{"floor":35,"key":"EssenceOfSteel"},{"floor":38,"key":"SkillPotion"},{"floor":45,"key":"SpeedPotion"},{"floor":46,"key":"FearPotion"},{"floor":47,"key":"Block Potion"}],"is_trial":false,"path_per_floor":["M","?","?","$","?","R","$","M","T","$","E","R","E","M","R","B",null,"M","?","M","?","$","R","M","E","T","?","M","R","E","M","R","B",null,"M","$","?","M","?","?","R","?","T","R","M","E","M","?","R","B",null],"character_chosen":"DEFECT","items_purchased":["PreservedInsect","Discovery","Ball Lightning","Explosive Potion","Self Repair","Blizzard","Master of Strategy","Omamori","Loop"],"campfire_rested":2,"item_purchase_floors":[4,4,4,4,10,22,22,36,36],"current_hp_per_floor":[64,64,53,53,46,46,46,39,39,39,35,35,39,46,46,26,55,36,36,49,49,49,49,52,33,33,33,26,45,49,64,64,59,63,55,55,55,64,54,54,54,54,61,61,71,36,59,59,71,66],"gold":1131,"neow_bonus":"TWO_FIFTY_GOLD","is_prod":false,"is_daily":false,"chose_seed":false,"campfire_upgraded":7,"win_rate":0,"timestamp":1550313621,"path_taken":["M","?","?","?","?","R","?","?","T","$","E","R","E","?","R","BOSS","M","?","M","?","$","R","M","E","T","?","M","R","E","M","R","BOSS","M","$","?","?","?","?","R","?","T","R","M","E","M","?","R","BOSS"],"build_version":"2019-01-23","purchased_purges":2,"victory":true,"max_hp_per_floor":[71,64,64,64,64,64,64,64,64,64,64,64,64,64,64,64,64,64,64,64,64,64,64,64,64,64,64,64,64,64,64,64,64,64,64,64,64,64,64,64,64,64,71,71,71,71,71,71,71,71],"card_choices":[{"not_picked":["Streamline","Storm"],"picked":"Self Repair","floor":1},{"not_picked":["Hologram","Static Discharge","Compile Driver"],"picked":"SKIP","floor":8},{"not_picked":["Sweeping Beam","Defragment"],"picked":"Glacier","floor":11},{"not_picked":["Reinforced Body","Redo"],"picked":"Creative AI","floor":13},{"not_picked":["Storm","Stack"],"picked":"Cold Snap","floor":14},{"not_picked":["Machine Learning","Thunder Strike"],"picked":"Amplify","floor":16},{"not_picked":["Hologram","Go for the Eyes"],"picked":"Heatsinks","floor":18},{"not_picked":["Rebound","Sweeping Beam","Force Field+1"],"picked":"SKIP","floor":20},{"not_picked":["Redo","Ball Lightning"],"picked":"Core Surge","floor":24},{"not_picked":["Redo","Streamline"],"picked":"Echo Form","floor":25},{"not_picked":["Stack","Scrape","Go for the Eyes"],"picked":"SKIP","floor":28},{"not_picked":["Compile Driver","Barrage","Beam Cell"],"picked":"SKIP","floor":30},{"not_picked":["Compile Driver","Scrape"],"picked":"Cold Snap","floor":31},{"not_picked":["Hyperbeam","Meteor Strike"],"picked":"Echo Form","floor":33},{"not_picked":["Steam Power+1","Rip and Tear","Sweeping Beam"],"picked":"SKIP","floor":35},{"not_picked":["Scrape+1","Skim+1"],"picked":"Consume","floor":38},{"not_picked":["Flash of Steel","Jack Of All Trades"],"picked":"Panacea","floor":39},{"not_picked":["Panache","Mayhem"],"picked":"Apotheosis","floor":39},{"not_picked":["Leap","Gash","Go for the Eyes"],"picked":"SKIP","floor":45},{"not_picked":["Steam Power","Rebound","Cold Snap"],"picked":"SKIP","floor":46},{"not_picked":["Undo+1","Hologram"],"picked":"Loop","floor":47}],"player_experience":93713,"relics_obtained":[{"floor":9,"key":"Mummified Hand"},{"floor":11,"key":"Lantern"},{"floor":13,"key":"Blue Candle"},{"floor":25,"key":"Cables"},{"floor":26,"key":"Mercury Hourglass"},{"floor":30,"key":"Letter Opener"},{"floor":43,"key":"Strawberry"},{"floor":46,"key":"Bronze Scales"}],"event_choices":[{"damage_healed":0,"gold_gain":0,"player_choice":"Lose Max HP","damage_taken":0,"relics_obtained":["Golden Idol"],"max_hp_gain":0,"max_hp_loss":7,"event_name":"Golden Idol","floor":2,"gold_loss":0},{"damage_healed":0,"gold_gain":75,"player_choice":"Gather Gold","damage_taken":11,"max_hp_gain":0,"max_hp_loss":0,"event_name":"World of Goop","floor":3,"gold_loss":0},{"cards_removed":["Defend_B"],"damage_healed":0,"gold_gain":0,"player_choice":"Card Removal","damage_taken":7,"max_hp_gain":0,"max_hp_loss":0,"event_name":"Golden Wing","floor":5,"gold_loss":0},{"damage_healed":0,"gold_gain":50,"player_choice":"Stole From Cult","damage_taken":0,"max_hp_gain":0,"max_hp_loss":0,"event_name":"Nest","floor":19,"gold_loss":0},{"damage_healed":0,"gold_gain":0,"cards_transformed":["Strike_B","Defend_B"],"player_choice":"Became Test Subject","damage_taken":0,"max_hp_gain":0,"max_hp_loss":0,"event_name":"Drug Dealer","floor":21,"gold_loss":0,"cards_obtained":["Thunder Strike","Go for the Eyes"]},{"damage_healed":0,"gold_gain":0,"player_choice":"Ignored","damage_taken":0,"max_hp_gain":0,"max_hp_loss":0,"event_name":"Cursed Tome","floor":27,"gold_loss":0},{"damage_healed":0,"gold_gain":0,"player_choice":"Gave Potion","damage_taken":0,"relics_obtained":["Regal Pillow"],"max_hp_gain":0,"max_hp_loss":0,"event_name":"WeMeetAgain","floor":37,"gold_loss":0},{"damage_healed":0,"gold_gain":0,"player_choice":"Memory 3","damage_taken":10,"max_hp_gain":0,"max_hp_loss":0,"event_name":"SensoryStone","floor":39,"gold_loss":0},{"damage_healed":0,"gold_gain":999,"player_choice":"Gold","damage_taken":0,"max_hp_gain":0,"max_hp_loss":0,"event_name":"MindBloom","floor":40,"gold_loss":0,"cards_obtained":["Normality","Normality"]},{"damage_healed":0,"gold_gain":0,"player_choice":"Ignored","damage_taken":0,"max_hp_gain":0,"max_hp_loss":0,"event_name":"Mysterious Sphere","floor":42,"gold_loss":0},{"cards_removed":["Echo Form"],"damage_healed":0,"gold_gain":0,"player_choice":"Removed Power","damage_taken":0,"max_hp_gain":0,"max_hp_loss":0,"event_name":"Falling","floor":48,"gold_loss":0}],"is_beta":false,"boss_relics":[{"not_picked":["Orrery","Runic Pyramid"],"picked":"Runic Dome"},{"not_picked":["Philosopher\u0027s Stone","Eternal Feather"],"picked":"White Beast Statue"}],"items_purged_floors":[4,22],"is_endless":false,"potions_floor_spawned":[1,11,16,20,28,35,38,45,46,47],"ascension_level":16}