{"path_per_floor":["M","?","M","M","$","R","E","R","T","R","?","M","?","M","R","B",null,"M","?","?","M"],"character_chosen":"DEFECT","items_purchased":[],"gold_per_floor":[12,12,27,42,42,42,69,69,69,69,69,86,51,70,70,169,169,186,186,186,197,197],"floor_reached":22,"campfire_rested":3,"playtime":766,"item_purchase_floors":[],"current_hp_per_floor":[68,68,68,68,68,68,37,59,59,75,75,67,75,52,74,24,62,27,27,27,3,0],"items_purged":[],"gold":197,"score":230,"play_id":"993291cf-65de-4f2c-bfca-3afcbd02f33d","local_time":"20180615224027","is_prod":false,"is_daily":false,"chose_seed":false,"is_ascension_mode":true,"campfire_upgraded":1,"win_rate":0,"timestamp":1529091627,"campfire_choices":[{"data":"Streamline","floor":6,"key":"SMITH"},{"floor":8,"key":"REST"},{"floor":10,"key":"REST"},{"floor":15,"key":"REST"}],"path_taken":["M","?","M","M","$","R","E","R","T","R","?","M","?","M","R","BOSS","M","?","?","?","M"],"build_version":"2018-06-14v2","seed_source_timestamp":603191828991293,"purchased_purges":0,"victory":false,"master_deck":["Strike_B","Strike_B","Strike_B","Defend_B","Defend_B","Zap","Dualcast","Streamline+1","Rebound","Regret","Scrape+1","Go for the Eyes+1","All For One+1","Streamline+1","Go for the Eyes+1"],"max_hp_per_floor":[75,75,75,75,75,75,75,75,75,75,75,75,75,75,75,75,75,75,75,75,75,75],"relics":["Cracked Core","Molten Egg 2","Boot","Ancient Tea Set","Black Star"],"card_choices":[{"not_picked":["Loop","Conserve Battery","Fusion"],"picked":"SKIP","floor":1},{"not_picked":["Heatsinks","Hello World"],"picked":"Streamline","floor":3},{"not_picked":["Coolheaded","Turbo"],"picked":"Rebound","floor":4},{"not_picked":["Consume","Leap","Storm"],"picked":"SKIP","floor":7},{"not_picked":["Sunder+1","BootSequence"],"picked":"Scrape+1","floor":12},{"not_picked":["Conserve Battery","Skim"],"picked":"Go for the Eyes+1","floor":14},{"not_picked":["Electrodynamics","Seek"],"picked":"All For One+1","floor":16},{"not_picked":["Coolheaded+1","Turbo"],"picked":"Streamline+1","floor":18},{"not_picked":["Sweeping Beam+1","Doom and Gloom+1"],"picked":"Go for the Eyes+1","floor":21}],"player_experience":504827,"potions_floor_usage":[4,7],"damage_taken":[{"damage":7,"enemies":"2 Louse","floor":1,"turns":3},{"damage":0,"enemies":"Cultist","floor":3,"turns":2},{"damage":0,"enemies":"Jaw Worm","floor":4,"turns":2},{"damage":31,"enemies":"3 Sentries","floor":7,"turns":5},{"damage":8,"enemies":"2 Fungi Beasts","floor":12,"turns":3},{"damage":23,"enemies":"Exordium Thugs","floor":14,"turns":4},{"damage":50,"enemies":"Hexaghost","floor":16,"turns":8},{"damage":35,"enemies":"2 Thieves","floor":18,"turns":4},{"damage":24,"enemies":"Spheric Guardian","floor":21,"turns":4},{"damage":9,"enemies":"Centurion and Healer","floor":22,"turns":1}],"relics_obtained":[{"floor":7,"key":"Molten Egg 2"},{"floor":9,"key":"Boot"}],"event_choices":[{"event_name":"Purifier","player_choice":"One Purge","floor":2,"damage_taken":0},{"event_name":"Big Fish","player_choice":"Box","floor":11,"damage_taken":0},{"event_name":"The Cleric","player_choice":"Healed","floor":13,"damage_taken":0},{"event_name":"Vampires","player_choice":"Ignored","floor":19,"damage_taken":0},{"event_name":"Cursed Tome","player_choice":"Ignored","floor":20,"damage_taken":0}],"boss_relics":[{"not_picked":["Philosopher\u0027s Stone","Fusion Hammer"],"picked":"Black Star"}],"items_purged_floors":[],"is_endless":false,"potions_floor_spawned":[1,4],"seed_played":"-8384105285656235272","killed_by":"Centurion and Healer","ascension_level":5,"potions_obtained":[{"floor":1,"key":"Block Potion"},{"floor":4,"key":"SkillPotion"}],"is_trial":false}