{"gold_per_floor":[360,22,22,36,51,51,76,94,117,131,206,206,206,206],"floor_reached":14,"playtime":294,"items_purged":[],"score":180,"play_id":"765471ad-c6e2-424c-b5c6-40bacf0a50e6","local_time":"20190410190123","is_ascension_mode":true,"campfire_choices":[{"data":"Shockwave","floor":6,"key":"SMITH"}],"neow_cost":"CURSE","seed_source_timestamp":320720458453600,"circlet_count":0,"master_deck":["AscendersBane","Strike_R","Strike_R","Strike_R","Strike_R","Strike_R","Defend_R","Defend_R","Defend_R","Defend_R","Bash","Clumsy","Shockwave+1","Evolve","Shrug It Off","Body Slam","Demon Form","Parasite"],"relics":["Burning Blood","Incense Burner","Bronze Scales","Juzu Bracelet"],"potions_floor_usage":[7,14],"damage_taken":[{"damage":19,"enemies":"Jaw Worm","floor":1,"turns":4},{"damage":6,"enemies":"2 Louse","floor":4,"turns":3},{"damage":2,"enemies":"Cultist","floor":5,"turns":4},{"damage":46,"enemies":"Lagavulin","floor":7,"turns":9},{"damage":12,"enemies":"Exordium Wildlife","floor":8,"turns":4},{"damage":7,"enemies":"2 Fungi Beasts","floor":10,"turns":4},{"damage":7,"enemies":"3 Sentries","floor":14,"turns":3}],"seed_played":"6379106692999736520","potions_obtained":[{"floor":4,"key":"SneckoOil"},{"floor":7,"key":"FearPotion"},{"floor":10,"key":"PowerPotion"}],"is_trial":false,"path_per_floor":["M","$","?","M","M","R","E","M","T","M","?","?","?","E"],"character_chosen":"IRONCLAD","items_purchased":["Incense Burner"],"campfire_rested":0,"item_purchase_floors":[2],"current_hp_per_floor":[55,55,55,55,59,59,19,13,13,12,1,1,19,12],"gold":206,"neow_bonus":"TWO_FIFTY_GOLD","is_prod":false,"is_daily":false,"chose_seed":false,"campfire_upgraded":1,"win_rate":0,"timestamp":1554890483,"path_taken":["M","$","?","M","M","R","E","M","T","M","?","?","?","E"],"build_version":"2019-01-23","purchased_purges":0,"victory":false,"max_hp_per_floor":[75,75,75,75,75,75,75,75,75,75,75,75,75,75],"card_choices":[{"not_picked":["Havoc","Clothesline"],"picked":"Shockwave","floor":1},{"not_picked":["Corruption","Flame Barrier"],"picked":"Evolve","floor":4},{"not_picked":["Evolve","Havoc"],"picked":"Shrug It Off","floor":5},{"not_picked":["Infernal Blade","Flex"],"picked":"Body Slam","floor":7},{"not_picked":["Headbutt","Wild Strike"],"picked":"Demon Form","floor":8},{"not_picked":["Havoc","Iron Wave","Hemokinesis"],"picked":"SKIP","floor":10}],"player_experience":3036453,"relics_obtained":[{"floor":7,"key":"Bronze Scales"},{"floor":9,"key":"Juzu Bracelet"}],"event_choices":[{"damage_healed":0,"gold_gain":0,"player_choice":"Ignored","damage_taken":0,"max_hp_gain":0,"max_hp_loss":0,"event_name":"Liars Game","floor":3,"gold_loss":0},{"damage_healed":0,"gold_gain":75,"player_choice":"Gather Gold","damage_taken":11,"max_hp_gain":0,"max_hp_loss":0,"event_name":"World of Goop","floor":11,"gold_loss":0},{"damage_healed":0,"gold_gain":0,"player_choice":"Fled","damage_taken":0,"max_hp_gain":0,"max_hp_loss":0,"event_name":"Scrap Ooze","floor":12,"gold_loss":0},{"damage_healed":18,"gold_gain":0,"player_choice":"Healed and dodged fight","damage_taken":0,"max_hp_gain":0,"max_hp_loss":0,"event_name":"Mushrooms","floor":13,"gold_loss":0,"cards_obtained":["Parasite"]}],"is_beta":false,"boss_relics":[],"items_purged_floors":[],"is_endless":false,"potions_floor_spawned":[4,7,10],"killed_by":"3 Sentries","ascension_level":20}