{"gold_per_floor":[118,118,205,231,23,51,51,68,121,121,139,139,151,186,186,265,265,284,110,130,38,38],"floor_reached":22,"playtime":666,"items_purged":["Strike_B"],"score":438,"play_id":"1bbe2d21-e4e4-4799-98b2-4dfccc18aa60","local_time":"20190317213204","is_ascension_mode":true,"campfire_choices":[{"data":"Loop","floor":7,"key":"SMITH"},{"data":"Biased Cognition","floor":10,"key":"SMITH"},{"data":"Zap","floor":12,"key":"SMITH"},{"data":"Static Discharge","floor":15,"key":"SMITH"}],"neow_cost":"NONE","seed_source_timestamp":38210846523200,"circlet_count":0,"master_deck":["AscendersBane","Strike_B","Strike_B","Strike_B","Defend_B","Defend_B","Defend_B","Defend_B","Zap+1","Dualcast","Loop+1","Coolheaded","Biased Cognition+1","Self Repair","Cold Snap","Static Discharge+1","Rainbow","White Noise+1","Cold Snap","Cold Snap","Coolheaded"],"relics":["Cracked Core","NeowsBlessing","MawBank","Membership Card","Strawberry","Vajra","Dodecahedron","Inserter","Runic Capacitor","Bag of Preparation"],"potions_floor_usage":[11,16,18,22],"damage_taken":[{"damage":0,"enemies":"Small Slimes","floor":1,"turns":1},{"damage":0,"enemies":"Jaw Worm","floor":4,"turns":1},{"damage":0,"enemies":"3 Sentries","floor":6,"turns":1},{"damage":0,"enemies":"Cultist","floor":8,"turns":3},{"damage":13,"enemies":"3 Louse","floor":11,"turns":5},{"damage":0,"enemies":"Red Slaver","floor":13,"turns":2},{"damage":19,"enemies":"Lagavulin","floor":14,"turns":6},{"damage":31,"enemies":"Hexaghost","floor":16,"turns":8},{"damage":25,"enemies":"3 Byrds","floor":18,"turns":4},{"damage":34,"enemies":"Shell Parasite","floor":20,"turns":5},{"damage":19,"enemies":"3 Cultists","floor":22,"turns":3}],"seed_played":"-6809905571112859128","potions_obtained":[{"floor":1,"key":"Swift Potion"},{"floor":4,"key":"EssenceOfSteel"},{"floor":6,"key":"GamblersBrew"},{"floor":16,"key":"AttackPotion"},{"floor":18,"key":"Weak Potion"}],"is_trial":false,"path_per_floor":["M","?","?","M","$","E","R","M","T","R","M","R","M","E","R","B",null,"M","$","M","$","M"],"character_chosen":"DEFECT","items_purchased":["Membership Card","Cold Snap","Runic Capacitor","Bag of Preparation","Coolheaded"],"campfire_rested":0,"item_purchase_floors":[5,19,19,21,21],"current_hp_per_floor":[64,59,48,48,48,55,55,55,55,55,49,49,49,37,37,13,62,44,44,17,17,0],"gold":38,"neow_bonus":"THREE_ENEMY_KILL","is_prod":false,"is_daily":false,"chose_seed":false,"campfire_upgraded":4,"win_rate":0,"timestamp":1552825924,"path_taken":["M","?","?","M","$","E","R","M","T","R","M","R","M","E","R","BOSS","M","$","M","$","M"],"build_version":"2019-01-23","purchased_purges":1,"victory":false,"max_hp_per_floor":[71,71,71,71,71,78,78,78,78,78,78,78,78,78,78,78,78,78,78,78,78,78],"card_choices":[{"not_picked":["Stack","Cold Snap"],"picked":"Loop","floor":1},{"not_picked":["Streamline","Loop"],"picked":"Coolheaded","floor":4},{"not_picked":["Stack","Loop"],"picked":"Biased Cognition","floor":6},{"not_picked":["Aggregate","Turbo"],"picked":"Self Repair","floor":8},{"not_picked":["Skim","Reprogram"],"picked":"Cold Snap","floor":11},{"not_picked":["Tempest","Barrage"],"picked":"Static Discharge","floor":13},{"not_picked":["Double Energy","Gash","Thunder Strike"],"picked":"SKIP","floor":14},{"not_picked":["Thunder Strike","All For One"],"picked":"Rainbow","floor":16},{"not_picked":["Hologram","Gash"],"picked":"White Noise+1","floor":18},{"not_picked":["Lockon+1","Static Discharge"],"picked":"Cold Snap","floor":20}],"player_experience":2334211,"relics_obtained":[{"floor":6,"key":"Strawberry"},{"floor":9,"key":"Vajra"},{"floor":14,"key":"Dodecahedron"}],"event_choices":[{"damage_healed":0,"gold_gain":0,"player_choice":"Success","damage_taken":5,"relics_obtained":["MawBank"],"max_hp_gain":0,"max_hp_loss":0,"event_name":"Scrap Ooze","floor":2,"gold_loss":0},{"damage_healed":0,"gold_gain":75,"player_choice":"Gather Gold","damage_taken":11,"max_hp_gain":0,"max_hp_loss":0,"event_name":"World of Goop","floor":3,"gold_loss":0}],"is_beta":false,"boss_relics":[{"not_picked":["Empty Cage","Orrery"],"picked":"Inserter"}],"items_purged_floors":[19],"is_endless":false,"potions_floor_spawned":[1,4,6,16,18],"killed_by":"3 Cultists","ascension_level":20}