{"gold_per_floor":[118,118,132,16,89,120,132,55,55,67,96,96,123,139,139,210,210,222,322,335,335,335,370,370,160,183,183,218,253,253,271,271,342,342,355,369,369,383,393,427,66,91,91,91,14,49,49,60,60,60,60,60,60,60,89,89],"floor_reached":57,"playtime":2458,"items_purged":["Strike_B","Streamline"],"score":3057,"play_id":"64adce2e-a707-401c-99c1-9478f676993d","local_time":"20190311162319","is_ascension_mode":true,"campfire_choices":[{"data":"Consume","floor":12,"key":"SMITH"},{"data":"Loop","floor":15,"key":"SMITH"},{"data":"Electrodynamics","floor":24,"key":"SMITH"},{"data":"Capacitor","floor":27,"key":"SMITH"},{"data":"Coolheaded","floor":30,"key":"SMITH"},{"data":"White Noise","floor":32,"key":"SMITH"},{"data":"Blizzard","floor":44,"key":"SMITH"},{"floor":47,"key":"RECALL"},{"data":"Coolheaded","floor":49,"key":"SMITH"},{"data":"Coolheaded","floor":53,"key":"SMITH"}],"neow_cost":"NONE","seed_source_timestamp":192872759834100,"circlet_count":0,"master_deck":["AscendersBane","Defend_B","Defend_B","Defend_B","Defend_B","Zap","Dualcast","Conserve Battery","Consume+1","Capacitor+1","Coolheaded+1","Self Repair","FTL","Loop+1","Electrodynamics+1","Cold Snap","White Noise+1","Stack","Cold Snap","Heatsinks+1","Self Repair+1","Biased Cognition+1","Coolheaded+1","Coolheaded+1","White Noise","Coolheaded","Loop+1","Blizzard+1","Defragment+1","Loop+1","Defragment+1","Heatsinks+1"],"relics":["Cracked Core","NeowsBlessing","FaceOfCleric","Meat on the Bone","Bronze Scales","Mercury Hourglass","Thread and Needle","Art of War","Nuclear Battery","WingedGreaves","Frozen Egg 2","Mummified Hand","Ornamental Fan","Singing Bowl","Orrery","ClockworkSouvenir","Happy Flower","Darkstone Periapt","Pear","Gremlin Horn"],"potions_floor_usage":[11,19,23,56,56],"damage_taken":[{"damage":0,"enemies":"2 Louse","floor":1,"turns":1},{"damage":0,"enemies":"Cultist","floor":3,"turns":1},{"damage":0,"enemies":"Lagavulin","floor":6,"turns":1},{"damage":9,"enemies":"Jaw Worm","floor":7,"turns":5},{"damage":10,"enemies":"Exordium Wildlife","floor":10,"turns":4},{"damage":32,"enemies":"Gremlin Nob","floor":11,"turns":4},{"damage":13,"enemies":"Lagavulin","floor":13,"turns":6},{"damage":0,"enemies":"2 Fungi Beasts","floor":14,"turns":3},{"damage":25,"enemies":"The Guardian","floor":16,"turns":9},{"damage":10,"enemies":"Chosen","floor":18,"turns":4},{"damage":6,"enemies":"Colosseum Slavers","floor":19,"turns":3},{"damage":16,"enemies":"Colosseum Nobs","floor":19,"turns":3},{"damage":2,"enemies":"Spheric Guardian","floor":20,"turns":4},{"damage":9,"enemies":"Gremlin Leader","floor":23,"turns":7},{"damage":37,"enemies":"Slavers","floor":28,"turns":3},{"damage":12,"enemies":"Gremlin Leader","floor":29,"turns":5},{"damage":1,"enemies":"3 Cultists","floor":31,"turns":3},{"damage":4,"enemies":"Champ","floor":33,"turns":8},{"damage":0,"enemies":"3 Darklings","floor":35,"turns":3},{"damage":0,"enemies":"Orb Walker","floor":36,"turns":3},{"damage":12,"enemies":"3 Darklings","floor":38,"turns":3},{"damage":0,"enemies":"Transient","floor":39,"turns":6},{"damage":7,"enemies":"Reptomancer","floor":40,"turns":4},{"damage":0,"enemies":"Giant Head","floor":42,"turns":9},{"damage":0,"enemies":"Nemesis","floor":46,"turns":5},{"damage":0,"enemies":"Sphere and 2 Shapes","floor":48,"turns":5},{"damage":10,"enemies":"Time Eater","floor":50,"turns":8},{"damage":46,"enemies":"Donu and Deca","floor":51,"turns":5},{"damage":21,"enemies":"Shield and Spear","floor":55,"turns":6},{"damage":26,"enemies":"The Heart","floor":56,"turns":9}],"seed_played":"1958036508269843006","potions_obtained":[{"floor":3,"key":"Ancient Potion"},{"floor":6,"key":"FocusPotion"},{"floor":16,"key":"PowerPotion"},{"floor":19,"key":"Regen Potion"}],"is_trial":false,"path_per_floor":["M","?","M","$","T","E","M","$","T","M","E","R","E","M","R","B",null,"M","?","M","?","?","E","R","$","T","R","E","E","R","M","R","B",null,"M","M","?","M","M","E","$","E","T","R","$","E","R","M","R","B","B",null,"R","$","E","B",null],"character_chosen":"DEFECT","items_purchased":["Consume","Capacitor","Self Repair","Heatsinks+1","PowerPotion","ClockworkSouvenir","Loop+1","Defragment+1"],"campfire_rested":0,"item_purchase_floors":[4,4,8,25,25,41,41,45],"current_hp_per_floor":[64,64,65,65,65,66,58,58,58,56,44,44,51,52,52,47,71,69,63,69,69,69,83,83,83,83,83,54,62,62,74,74,88,92,93,96,96,99,100,101,101,104,104,104,104,115,115,118,118,119,91,113,113,113,105,97],"gold":89,"neow_bonus":"THREE_ENEMY_KILL","is_prod":false,"is_daily":false,"chose_seed":false,"campfire_upgraded":9,"win_rate":0,"timestamp":1552288999,"path_taken":["M","?","?","$","?","E","M","?","T","M","E","R","E","M","R","BOSS","M","?","M","?","?","E","R","$","T","R","E","E","R","M","R","BOSS","M","M","?","M","M","E","$","E","T","R","?","E","R","M","R","BOSS","BOSS","R","$","E","BOSS"],"build_version":"2019-01-23","purchased_purges":2,"victory":true,"max_hp_per_floor":[71,71,72,72,72,73,74,74,74,75,76,76,77,78,78,79,79,80,82,83,83,83,84,84,84,84,84,85,86,86,89,89,90,92,93,96,96,99,100,101,101,104,104,104,104,115,115,118,118,119,120,120,120,120,123,124],"card_choices":[{"not_picked":["Steam","Rebound"],"picked":"Streamline","floor":1},{"not_picked":["Compile Driver","Ball Lightning"],"picked":"Conserve Battery","floor":3},{"not_picked":["Streamline","Barrage","Conserve Battery"],"picked":"SKIP","floor":6},{"not_picked":["Rebound","Sweeping Beam"],"picked":"Coolheaded","floor":7},{"not_picked":["Steam Power","Stack","Double Energy"],"picked":"SKIP","floor":10},{"not_picked":["Fusion","Reprogram"],"picked":"FTL","floor":11},{"not_picked":["Capacitor","Blizzard"],"picked":"Loop","floor":13},{"not_picked":["Chaos","Leap","Reprogram"],"picked":"SKIP","floor":14},{"not_picked":["Rainbow","Multi-Cast"],"picked":"Electrodynamics","floor":16},{"not_picked":["Redo+1","Turbo"],"picked":"Cold Snap","floor":18},{"not_picked":["Leap","Steam Power"],"picked":"White Noise","floor":19},{"not_picked":["Chaos","Sunder","Steam"],"picked":"SKIP","floor":20},{"not_picked":["Turbo","Rip and Tear","Auto Shields"],"picked":"SKIP","floor":23},{"not_picked":["Conserve Battery","Rebound","Storm+1"],"picked":"SKIP","floor":28},{"not_picked":["Conserve Battery","Rebound","Storm+1"],"picked":"SKIP","floor":28},{"not_picked":["Sunder","Steam"],"picked":"Self Repair+1","floor":29},{"not_picked":["Hyperbeam","Melter","Go for the Eyes"],"picked":"Singing Bowl","floor":31},{"not_picked":["Multi-Cast","Thunder Strike"],"picked":"Biased Cognition+1","floor":33},{"not_picked":["Compile Driver","Leap"],"picked":"Coolheaded","floor":34},{"not_picked":["Beam Cell","Sweeping Beam"],"picked":"Coolheaded","floor":34},{"not_picked":["Barrage+1","Sweeping Beam","Genetic Algorithm"],"picked":"Singing Bowl","floor":34},{"not_picked":["Barrage","Tempest"],"picked":"White Noise","floor":34},{"not_picked":["Conserve Battery","Ball Lightning"],"picked":"Coolheaded","floor":34},{"not_picked":["Steam+1","Rainbow"],"picked":"Loop+1","floor":35},{"not_picked":["Conserve Battery","Tempest","Redo"],"picked":"Singing Bowl","floor":36},{"not_picked":["Compile Driver","Coolheaded","Chaos+1"],"picked":"Singing Bowl","floor":38},{"not_picked":["Leap+1","Chill+1"],"picked":"Blizzard","floor":39},{"not_picked":["Auto Shields","Lockon"],"picked":"Defragment+1","floor":40},{"not_picked":["FTL","Lockon","Chaos+1"],"picked":"Singing Bowl","floor":42},{"not_picked":["Beam Cell","Redo+1"],"picked":"Heatsinks+1","floor":46},{"not_picked":["BootSequence+1","Redo","Gash"],"picked":"Singing Bowl","floor":48},{"not_picked":["Steam","Doom and Gloom","Beam Cell+1"],"picked":"Singing Bowl","floor":55}],"player_experience":2183988,"relics_obtained":[{"floor":5,"key":"Meat on the Bone"},{"floor":6,"key":"Bronze Scales"},{"floor":9,"key":"Mercury Hourglass"},{"floor":11,"key":"Thread and Needle"},{"floor":13,"key":"Art of War"},{"floor":19,"key":"WingedGreaves"},{"floor":19,"key":"Frozen Egg 2"},{"floor":23,"key":"Mummified Hand"},{"floor":28,"key":"Ornamental Fan"},{"floor":29,"key":"Singing Bowl"},{"floor":42,"key":"Happy Flower"},{"floor":43,"key":"Darkstone Periapt"},{"floor":46,"key":"Pear"},{"floor":55,"key":"Gremlin Horn"}],"event_choices":[{"damage_healed":0,"gold_gain":0,"player_choice":"Trade","damage_taken":0,"relics_obtained":["FaceOfCleric"],"max_hp_gain":0,"max_hp_loss":0,"event_name":"FaceTrader","floor":2,"gold_loss":0},{"damage_healed":0,"gold_gain":0,"player_choice":"Fight","damage_taken":0,"max_hp_gain":0,"max_hp_loss":0,"event_name":"Colosseum","floor":19,"gold_loss":0},{"damage_healed":0,"gold_gain":0,"player_choice":"Fought Nobs","damage_taken":0,"max_hp_gain":0,"max_hp_loss":0,"event_name":"Colosseum","floor":19,"gold_loss":0},{"damage_healed":0,"gold_gain":0,"cards_transformed":["Strike_B","Strike_B"],"player_choice":"Became Test Subject","damage_taken":0,"max_hp_gain":0,"max_hp_loss":0,"event_name":"Drug Dealer","floor":21,"gold_loss":0,"cards_obtained":["Stack","Cold Snap"]},{"damage_healed":0,"gold_gain":0,"player_choice":"Ignored","damage_taken":0,"max_hp_gain":0,"max_hp_loss":0,"event_name":"The Mausoleum","floor":22,"gold_loss":0},{"cards_removed":["Strike_B"],"damage_healed":0,"gold_gain":0,"player_choice":"Purged","damage_taken":0,"max_hp_gain":0,"max_hp_loss":0,"event_name":"Purifier","floor":37,"gold_loss":0}],"is_beta":false,"boss_relics":[{"not_picked":["Cursed Key","Lizard Tail"],"picked":"Nuclear Battery"},{"not_picked":["White Beast Statue","Eternal Feather"],"picked":"Orrery"}],"items_purged_floors":[25,41],"is_endless":false,"potions_floor_spawned":[3,6,7,16,19,28,29,33,35,36,46],"ascension_level":20}