{"gold_per_floor":[115,129,55,130,141,172,172,207,207,207,217,217,217,70,70,70],"floor_reached":16,"playtime":371,"items_purged":[],"score":178,"play_id":"e181bcc2-a56a-4015-abe1-8152375ed40e","local_time":"20190203195305","is_ascension_mode":true,"campfire_choices":[{"data":"Barricade","floor":7,"key":"SMITH"},{"floor":15,"key":"REST"}],"neow_cost":"TEN_PERCENT_HP_LOSS","seed_source_timestamp":126449737249000,"circlet_count":0,"master_deck":["AscendersBane","Strike_R","Strike_R","Strike_R","Strike_R","Strike_R","Defend_R","Defend_R","Defend_R","Defend_R","Bash","Barricade+1","Inflame","Rampage","Shrug It Off","Headbutt"],"relics":["Burning Blood","Bag of Preparation","Self Forming Clay","Matryoshka","Golden Idol","Peace Pipe","PreservedInsect"],"potions_floor_usage":[6,6],"damage_taken":[{"damage":7,"enemies":"Jaw Worm","floor":1,"turns":3},{"damage":18,"enemies":"Cultist","floor":2,"turns":6},{"damage":3,"enemies":"Small Slimes","floor":5,"turns":4},{"damage":8,"enemies":"Gremlin Nob","floor":6,"turns":3},{"damage":40,"enemies":"3 Sentries","floor":8,"turns":9},{"damage":11,"enemies":"3 Louse","floor":11,"turns":5},{"damage":26,"enemies":"The Guardian","floor":16,"turns":7}],"seed_played":"-3946255085510632665","potions_obtained":[{"floor":1,"key":"AttackPotion"},{"floor":2,"key":"Poison Potion"}],"is_trial":false,"path_per_floor":["M","M","$","?","M","E","R","E","T","$","M","?","?","$","R","B"],"character_chosen":"IRONCLAD","items_purchased":["Rampage","PreservedInsect"],"campfire_rested":1,"item_purchase_floors":[3,14],"current_hp_per_floor":[71,59,59,52,55,53,53,19,19,19,14,14,7,7,27,1],"gold":70,"neow_bonus":"THREE_RARE_CARDS","is_prod":false,"is_daily":false,"chose_seed":false,"campfire_upgraded":1,"win_rate":0,"timestamp":1549191185,"path_taken":["M","M","$","?","?","E","R","E","T","?","?","?","?","$","R","BOSS"],"build_version":"2019-01-23","purchased_purges":0,"victory":false,"max_hp_per_floor":[72,72,72,72,72,72,72,72,72,72,72,67,67,67,67,67],"card_choices":[{"not_picked":["Feed","Impervious"],"picked":"Barricade","floor":0},{"not_picked":["Searing Blow","Blood for Blood"],"picked":"Inflame","floor":1},{"not_picked":["Warcry","Shockwave","Cleave"],"picked":"SKIP","floor":2},{"not_picked":["Anger","Warcry","Armaments"],"picked":"SKIP","floor":5},{"not_picked":["Sever Soul","Warcry","Cleave"],"picked":"SKIP","floor":6},{"not_picked":["Blood for Blood","Seeing Red"],"picked":"Shrug It Off","floor":8},{"not_picked":["Headbutt","Reckless Charge","Bludgeon"],"picked":"SKIP","floor":11},{"not_picked":["Reckless Charge","Bludgeon"],"picked":"Headbutt","floor":11}],"player_experience":38162,"relics_obtained":[{"floor":6,"key":"Bag of Preparation"},{"floor":8,"key":"Self Forming Clay"},{"floor":9,"key":"Matryoshka"}],"event_choices":[{"damage_healed":0,"gold_gain":75,"player_choice":"Touch","damage_taken":7,"max_hp_gain":0,"max_hp_loss":0,"event_name":"FaceTrader","floor":4,"gold_loss":0},{"damage_healed":0,"gold_gain":0,"player_choice":"Lose Max HP","damage_taken":0,"relics_obtained":["Golden Idol"],"max_hp_gain":0,"max_hp_loss":5,"event_name":"Golden Idol","floor":12,"gold_loss":0},{"damage_healed":0,"gold_gain":0,"player_choice":"Success","damage_taken":7,"relics_obtained":["Peace Pipe"],"max_hp_gain":0,"max_hp_loss":0,"event_name":"Scrap Ooze","floor":13,"gold_loss":0}],"is_beta":false,"boss_relics":[],"items_purged_floors":[],"is_endless":false,"potions_floor_spawned":[1,2,5],"killed_by":"The Guardian","ascension_level":13}