{"gold_per_floor":[111,41,216,216,229,229,264,264,291,291,304,42,42,73,73,168,168,184,184,204,129,142,152,152,167,167,167,181,192,222,240,240,240],"floor_reached":33,"playtime":2068,"items_purged":["Doubt"],"score":277,"play_id":"9274d58a-c618-400e-ac0c-cf222a13f982","local_time":"20190302194617","is_ascension_mode":false,"campfire_choices":[{"data":"Chaos","floor":6.0,"key":"SMITH"},{"floor":8,"key":"REST"},{"data":"Electrodynamics","floor":10,"key":"SMITH"},{"data":"Fission","floor":13,"key":"SMITH"},{"data":"Echo Form","floor":15,"key":"SMITH"},{"floor":24,"key":"REST"},{"floor":27,"key":"REST"},{"floor":32,"key":"REST"}],"neow_cost":"NONE","seed_source_timestamp":969780225609207,"circlet_count":0,"master_deck":["Strike_B","Strike_B","Strike_B","Strike_B","Defend_B","Defend_B","Defend_B","Defend_B","Zap","Dualcast","Electrodynamics+1","Ball Lightning","Chaos+1","Heatsinks","BootSequence","Storm","Echo Form+1","Ball Lightning","Fission+1","Redo","Rainbow","Force Field+1","White Noise","Storm","Redo+1","Cold Snap","Capacitor","Storm","Cold Snap","Cold Snap"],"special_seed":0,"relics":["Cracked Core"],"potions_floor_usage":[18,23,25,29,33,33],"damage_taken":[{"damage":6.0,"enemies":"2 Louse","floor":1.0,"turns":2.0},{"damage":1.0,"enemies":"Cultist","floor":5.0,"turns":3.0},{"damage":16.0,"enemies":"Gremlin Nob","floor":7.0,"turns":4.0},{"damage":0,"enemies":"Small Slimes","floor":11,"turns":2},{"damage":8,"enemies":"3 Sentries","floor":14,"turns":3},{"damage":35,"enemies":"The Guardian","floor":16,"turns":8},{"damage":10,"enemies":"Shell Parasite","floor":18,"turns":4},{"damage":0,"enemies":"Chosen","floor":20,"turns":3},{"damage":16,"enemies":"Centurion and Healer","floor":22,"turns":3},{"damage":14,"enemies":"Snake Plant","floor":23,"turns":4},{"damage":33,"enemies":"Shelled Parasite and Fungi","floor":25,"turns":4},{"damage":11,"enemies":"Snecko","floor":28,"turns":5},{"damage":16,"enemies":"Cultist and Chosen","floor":29,"turns":5},{"damage":22,"enemies":"Gremlin Leader","floor":30,"turns":5},{"damage":6,"enemies":"Centurion and Healer","floor":31,"turns":4},{"damage":49,"enemies":"Champ","floor":33,"turns":8}],"seed_played":"-3665701173485833671","potions_obtained":[{"floor":14,"key":"Explosive Potion"},{"floor":16,"key":"Block Potion"},{"floor":18,"key":"Regen Potion"},{"floor":23,"key":"Dexterity Potion"},{"floor":30,"key":"Energy Potion"},{"floor":31,"key":"EssenceOfSteel"}],"is_trial":false,"path_per_floor":["M","$","?","?","M","R","E","R","T","R","M","$","R","E","R","B",null,"M","?","M","$","M","M","R","M","T","R","M","M","E","M","R","B"],"character_chosen":"DEFECT","items_purchased":["Chaos","Echo Form","Ball Lightning","Fission"],"campfire_rested":4,"item_purchase_floors":[2,12,12,12],"current_hp_per_floor":[69,69,69,75,74,74,58,75,75,75,75,75,75,67,67,32,75,65,65,65,65,49,47,69,36,36,58,47,31,9,3,25,0],"gold":240,"neow_bonus":"ONE_RANDOM_RARE_CARD","is_prod":false,"is_daily":false,"chose_seed":false,"campfire_upgraded":4,"win_rate":0,"timestamp":1551548777,"path_taken":["M","$","?","?","M","R","E","R","T","R","M","?","R","E","R","BOSS","M","?","M","$","M","M","R","M","T","R","M","M","E","M","R","BOSS"],"build_version":"2019-01-23","purchased_purges":1,"victory":false,"max_hp_per_floor":[75,75,75,75,75,75,75,75,75,75,75,75,75,75,75,75,75,75,75,75,75,75,75,75,75,75,75,75,75,75,75,75,75],"card_choices":[{"not_picked":["Steam","Beam Cell"],"picked":"Ball Lightning","floor":1.0},{"not_picked":["Rip and Tear","Doom and Gloom"],"picked":"Heatsinks","floor":5.0},{"not_picked":["Reprogram","Sweeping Beam"],"picked":"BootSequence","floor":7},{"not_picked":["Leap","Chaos"],"picked":"Storm","floor":11},{"not_picked":["Electrodynamics","Compile Driver"],"picked":"Redo","floor":14},{"not_picked":["All For One","Fission"],"picked":"Rainbow","floor":16},{"not_picked":["Genetic Algorithm","Cold Snap+1"],"picked":"Force Field+1","floor":18},{"not_picked":["Storm+1","Lockon"],"picked":"White Noise","floor":20},{"not_picked":["Consume+1","Leap"],"picked":"Storm","floor":22},{"not_picked":["Blizzard","Hologram"],"picked":"Redo+1","floor":23},{"not_picked":["Rebound","Turbo"],"picked":"Cold Snap","floor":25},{"not_picked":["Reprogram","Auto Shields+1"],"picked":"Capacitor","floor":28},{"not_picked":["Ball Lightning","Skim"],"picked":"Storm","floor":29},{"not_picked":["Barrage","Rebound"],"picked":"Cold Snap","floor":30},{"not_picked":["Streamline","Gash"],"picked":"Cold Snap","floor":31}],"player_experience":1019001,"relics_obtained":[],"event_choices":[{"damage_healed":0.0,"max_hp_gain":0.0,"max_hp_loss":0.0,"gold_gain":175.0,"event_name":"Liars Game","player_choice":"AGREE","floor":3.0,"gold_loss":0.0,"damage_taken":0.0,"cards_obtained":["Doubt"]},{"damage_healed":6.0,"max_hp_gain":0.0,"max_hp_loss":0.0,"gold_gain":0.0,"event_name":"Wheel of Change","player_choice":"Full Heal","floor":4.0,"gold_loss":0.0,"damage_taken":0.0}],"is_beta":false,"boss_relics":[{"not_picked":[]}],"items_purged_floors":[21],"is_endless":false,"potions_floor_spawned":[14,16,18,23,30,31],"killed_by":"Champ","ascension_level":0}