{"gold_per_floor":[119,146,196,196,215,246,246,25,25,100,100,129,148,207,207,207],"floor_reached":16,"playtime":278,"items_purged":[],"score":282,"play_id":"e1c6714a-87a0-4a4d-8c63-32123f18a533","local_time":"20190225134501","is_ascension_mode":true,"campfire_choices":[{"data":"Zap","floor":7,"key":"SMITH"},{"data":"Dualcast","floor":11,"key":"SMITH"},{"data":"Streamline","floor":15,"key":"SMITH"}],"neow_cost":"NONE","seed_source_timestamp":439018392172200,"circlet_count":0,"master_deck":["AscendersBane","Strike_B","Strike_B","Strike_B","Strike_B+1","Defend_B","Defend_B","Defend_B","Defend_B","Zap+1","Dualcast+1","Cold Snap+1","Cold Snap","Streamline+1","Chill"],"relics":["Cracked Core","NeowsBlessing","Whetstone","Smiling Mask","Anchor","Lantern","Membership Card","Blue Candle","Pear","Tiny Chest"],"potions_floor_usage":[12,16],"damage_taken":[{"damage":0,"enemies":"Cultist","floor":1,"turns":1},{"damage":0,"enemies":"Jaw Worm","floor":5,"turns":1},{"damage":0,"enemies":"Lagavulin","floor":6,"turns":1},{"damage":13,"enemies":"3 Sentries","floor":12,"turns":8},{"damage":0,"enemies":"Small Slimes","floor":13,"turns":2},{"damage":28,"enemies":"Gremlin Nob","floor":14,"turns":4},{"damage":7,"enemies":"Slime Boss","floor":16,"turns":6}],"seed_played":"554906995401344909","potions_obtained":[{"floor":5,"key":"SteroidPotion"},{"floor":14,"key":"Explosive Potion"}],"is_trial":false,"path_per_floor":["M","T","T","?","M","E","R","$","T","?","R","E","M","E","R","B"],"character_chosen":"DEFECT","items_purchased":["Membership Card"],"campfire_rested":0,"item_purchase_floors":[8],"current_hp_per_floor":[64,64,64,53,53,53,53,53,53,42,42,39,39,11,11,4],"gold":207,"neow_bonus":"THREE_ENEMY_KILL","is_prod":false,"is_daily":false,"chose_seed":false,"campfire_upgraded":3,"win_rate":0,"timestamp":1551069901,"path_taken":["M","?","?","?","M","E","R","$","T","?","R","E","M","E","R","BOSS"],"build_version":"2019-01-23","purchased_purges":0,"victory":false,"max_hp_per_floor":[71,71,71,71,71,71,71,71,71,71,71,81,81,81,81,81],"card_choices":[{"not_picked":["Chaos","Barrage"],"picked":"Cold Snap","floor":1},{"not_picked":["Heatsinks","Turbo","Hologram"],"picked":"SKIP","floor":5},{"not_picked":["Static Discharge","Chaos"],"picked":"Cold Snap","floor":6},{"not_picked":["Fusion","Sweeping Beam"],"picked":"Streamline","floor":12},{"not_picked":["Leap","Rebound"],"picked":"Chill","floor":13},{"not_picked":["Machine Learning","Rebound","Steam"],"picked":"SKIP","floor":14}],"player_experience":1811611,"relics_obtained":[{"floor":2,"key":"Whetstone"},{"floor":3,"key":"Smiling Mask"},{"floor":6,"key":"Lantern"},{"floor":9,"key":"Blue Candle"},{"floor":12,"key":"Pear"},{"floor":14,"key":"Tiny Chest"}],"event_choices":[{"damage_healed":0,"gold_gain":0,"player_choice":"Success","damage_taken":11,"relics_obtained":["Anchor"],"max_hp_gain":0,"max_hp_loss":0,"event_name":"Scrap Ooze","floor":4,"gold_loss":0},{"damage_healed":0,"gold_gain":75,"player_choice":"Gather Gold","damage_taken":11,"max_hp_gain":0,"max_hp_loss":0,"event_name":"World of Goop","floor":10,"gold_loss":0}],"is_beta":false,"boss_relics":[],"items_purged_floors":[],"is_endless":false,"potions_floor_spawned":[5,14],"killed_by":"Slime Boss","ascension_level":20}