{"gold_per_floor":[115,115,129,148,108,135,135,169,194,214,246,246,261,261,261,358,358,369,379,379,399,399,434,434,459,533,558,312,340,340,365,365,469,469,482,62,62,75,175,175,200,200,200,422,422,13,13,13,13,13,13,13,13,46,46],"floor_reached":56,"playtime":3072,"items_purged":["Defend_G","Defend_G","Strike_G"],"score":1397,"play_id":"5ff3f9a4-8dfe-4fa1-ab51-7ccef8a22451","local_time":"20181125190328","is_ascension_mode":true,"campfire_choices":[{"data":"Noxious Fumes","floor":7,"key":"SMITH"},{"data":"Cloak And Dagger","floor":15,"key":"SMITH"},{"data":"1","floor":24,"key":"LIFT"},{"data":"2","floor":30,"key":"LIFT"},{"data":"3","floor":32,"key":"LIFT"},{"data":"Storm of Steel","floor":40,"key":"SMITH"},{"data":"Burst","floor":42,"key":"SMITH"},{"data":"Catalyst","floor":45,"key":"SMITH"},{"floor":47,"key":"RECALL"},{"data":"Glass Knife","floor":49,"key":"SMITH"},{"data":"PiercingWail","floor":52,"key":"SMITH"}],"neow_cost":"PERCENT_DAMAGE","seed_source_timestamp":14348852866428,"circlet_count":0,"master_deck":["Defend_G","Defend_G","Strike_G+1","Strike_G+1","Survivor","Neutralize+1","Dodge and Roll","Dagger Spray","PiercingWail+1","Dash","Noxious Fumes+1","Storm of Steel+1","Cloak And Dagger+1","Corpse Explosion","Prepared+1","Cloak And Dagger+1","Cloak And Dagger+1","Crippling Poison","Dodge and Roll","Glass Knife+1","Catalyst+1","Burst+1","Footwork+1","Finesse","Backflip","Heel Hook","Choke+1","Finesse","Blur"],"relics":["Ring of the Snake","Juzu Bracelet","Vajra","Lantern","Girya","Runic Pyramid","Bird Faced Urn","Bag of Marbles","Kunai","Orichalcum","Blood Vial","Pear","Red Mask","Philosopher\u0027s Stone","TwistedFunnel","FossilizedHelix","Ninja Scroll","OrangePellets","Whetstone"],"potions_floor_usage":[8,16,16,18,23,33,33,39,39,55],"damage_taken":[{"damage":3,"enemies":"Small Slimes","floor":1,"turns":5},{"damage":0,"enemies":"Cultist","floor":3,"turns":5},{"damage":0,"enemies":"2 Louse","floor":4,"turns":3},{"damage":41,"enemies":"Gremlin Nob","floor":6,"turns":7},{"damage":9,"enemies":"Lagavulin","floor":8,"turns":9},{"damage":0,"enemies":"2 Fungi Beasts","floor":10,"turns":2},{"damage":14,"enemies":"3 Sentries","floor":11,"turns":6},{"damage":0,"enemies":"Gremlin Gang","floor":13,"turns":4},{"damage":2,"enemies":"The Guardian","floor":16,"turns":10},{"damage":0,"enemies":"Spheric Guardian","floor":18,"turns":3},{"damage":1,"enemies":"Chosen","floor":19,"turns":4},{"damage":0,"enemies":"3 Cultists","floor":21,"turns":3},{"damage":7,"enemies":"Gremlin Leader","floor":23,"turns":7},{"damage":20,"enemies":"Slavers","floor":25,"turns":3},{"damage":0,"enemies":"Gremlin Leader","floor":27,"turns":5},{"damage":13,"enemies":"Slavers","floor":29,"turns":3},{"damage":0,"enemies":"Masked Bandits","floor":31,"turns":2},{"damage":24,"enemies":"Collector","floor":33,"turns":8},{"damage":7,"enemies":"3 Darklings","floor":35,"turns":2},{"damage":0,"enemies":"3 Shapes","floor":38,"turns":2},{"damage":0,"enemies":"Mind Bloom Boss Battle","floor":39,"turns":5},{"damage":0,"enemies":"Reptomancer","floor":41,"turns":4},{"damage":30,"enemies":"Awakened One","floor":50,"turns":10},{"damage":11,"enemies":"Shield and Spear","floor":54,"turns":4},{"damage":51,"enemies":"The Heart","floor":55,"turns":9}],"seed_played":"-5985985869629850601","potions_obtained":[{"floor":4,"key":"FairyPotion"},{"floor":6,"key":"SpeedPotion"},{"floor":10,"key":"SteroidPotion"},{"floor":13,"key":"SkillPotion"},{"floor":16,"key":"AttackPotion"},{"floor":19,"key":"Strength Potion"},{"floor":23,"key":"Energy Potion"},{"floor":29,"key":"AttackPotion"},{"floor":31,"key":"Strength Potion"},{"floor":33,"key":"Block Potion"},{"floor":35,"key":"GamblersBrew"},{"floor":41,"key":"Energy Potion"}],"is_trial":false,"path_per_floor":["M","?","M","M","$","E","R","E","T","M","E","?","M","?","R","B",null,"M","M","?","M","?","E","R","E","T","E","$","E","R","?","R","B",null,"M","$","?","M","?","R","E","R","T","?","R","$","R","$","R","B",null,"R","$","E","B",null],"character_chosen":"THE_SILENT","items_purchased":["Noxious Fumes","Blood Vial","Dodge and Roll","TwistedFunnel","Finesse","Backflip","OrangePellets","Finesse"],"campfire_rested":0,"item_purchase_floors":[5,28,28,36,36,36,46,46],"current_hp_per_floor":[46,70,70,70,70,29,29,20,20,20,6,3,3,3,3,1,70,70,69,69,69,69,62,62,44,44,46,46,45,45,47,47,27,80,73,73,73,76,76,76,76,76,76,76,76,76,76,76,76,48,76,76,76,67,22],"gold":46,"neow_bonus":"TRANSFORM_TWO_CARDS","is_prod":false,"is_daily":false,"chose_seed":false,"campfire_upgraded":7,"win_rate":0,"timestamp":1543143808,"path_taken":["M","?","M","M","?","E","R","E","T","M","E","?","M","?","R","BOSS","M","M","?","M","?","E","R","E","T","E","$","E","R","?","R","BOSS","M","$","?","M","?","R","E","R","T","?","R","$","R","?","R","BOSS","R","$","E","BOSS"],"build_version":"2018-11-15","purchased_purges":3,"victory":true,"max_hp_per_floor":[70,70,70,70,70,70,70,70,70,70,70,70,70,70,70,70,70,70,70,70,70,70,70,70,70,70,70,70,80,80,80,80,80,80,80,80,76,76,76,76,76,76,76,76,76,76,76,76,76,76,76,76,76,76,76],"card_choices":[{"not_picked":["Escape Plan","Backflip"],"picked":"Dagger Spray","floor":1},{"not_picked":["Choke","Eviscerate"],"picked":"PiercingWail","floor":3},{"not_picked":["Skewer","Prepared"],"picked":"Dash","floor":4},{"not_picked":["Slice","Grand Finale","Dash"],"picked":"SKIP","floor":6},{"not_picked":["Slice","Deflect"],"picked":"Storm of Steel","floor":8},{"not_picked":["Distraction","Flying Knee","Quick Slash"],"picked":"SKIP","floor":10},{"not_picked":["PiercingWail","Acrobatics","Dagger Throw"],"picked":"SKIP","floor":11},{"not_picked":["Underhanded Strike","Dagger Throw"],"picked":"Cloak And Dagger","floor":13},{"not_picked":["Tools of the Trade","Unload"],"picked":"Corpse Explosion","floor":16},{"not_picked":["Finisher","Reflex"],"picked":"Prepared+1","floor":18},{"not_picked":["Dagger Throw+1","Acrobatics","Slice"],"picked":"SKIP","floor":19},{"not_picked":["Dash","Blade Dance+1"],"picked":"Cloak And Dagger+1","floor":21},{"not_picked":["Reflex","Flechettes","Masterful Stab"],"picked":"SKIP","floor":23},{"not_picked":["Quick Slash","Finisher","Noxious Fumes"],"picked":"SKIP","floor":25},{"not_picked":["Poisoned Stab+1","Cloak And Dagger"],"picked":"Crippling Poison","floor":27},{"not_picked":["Well Laid Plans","Blade Dance"],"picked":"Glass Knife","floor":29},{"not_picked":["Acrobatics","Bouncing Flask"],"picked":"Catalyst","floor":31},{"not_picked":["Malaise","Die Die Die"],"picked":"Burst","floor":33},{"not_picked":["Finisher","Bouncing Flask+1"],"picked":"Footwork+1","floor":35},{"not_picked":["Prepared","Quick Slash+1","Dagger Throw"],"picked":"SKIP","floor":38},{"not_picked":["Predator","Dagger Spray+1"],"picked":"Heel Hook","floor":39},{"not_picked":["Blade Dance+1","Flying Knee"],"picked":"Choke+1","floor":41},{"not_picked":["Slice+1","Acrobatics+1"],"picked":"Blur","floor":54}],"player_experience":543003,"relics_obtained":[{"floor":6,"key":"Juzu Bracelet"},{"floor":8,"key":"Vajra"},{"floor":9,"key":"Lantern"},{"floor":11,"key":"Girya"},{"floor":23,"key":"Bird Faced Urn"},{"floor":25,"key":"Bag of Marbles"},{"floor":26,"key":"Kunai"},{"floor":27,"key":"Orichalcum"},{"floor":29,"key":"Pear"},{"floor":31,"key":"Red Mask"},{"floor":39,"key":"FossilizedHelix"},{"floor":41,"key":"Ninja Scroll"},{"floor":54,"key":"Whetstone"}],"event_choices":[{"cards_removed":["Accuracy"],"damage_healed":24,"gold_gain":0,"player_choice":"Offered Uncommon","damage_taken":0,"max_hp_gain":0,"max_hp_loss":0,"event_name":"Bonfire Elementals","floor":2,"gold_loss":0},{"damage_healed":0,"gold_gain":0,"player_choice":"Fled","damage_taken":3,"max_hp_gain":0,"max_hp_loss":0,"event_name":"Scrap Ooze","floor":12,"gold_loss":0},{"damage_healed":0,"gold_gain":0,"player_choice":"Grow","damage_taken":0,"max_hp_gain":0,"max_hp_loss":0,"event_name":"Living Wall","floor":14,"gold_loss":0,"cards_upgraded":["Neutralize"]},{"damage_healed":0,"gold_gain":0,"player_choice":"Copied","damage_taken":0,"max_hp_gain":0,"max_hp_loss":0,"event_name":"Duplicator","floor":20,"gold_loss":0,"cards_obtained":["Cloak And Dagger"]},{"cards_removed":["Strike_G"],"damage_healed":0,"gold_gain":0,"player_choice":"Elegance","damage_taken":0,"max_hp_gain":0,"max_hp_loss":0,"event_name":"Back to Basics","floor":22,"gold_loss":0},{"damage_healed":0,"gold_gain":0,"player_choice":"Fought Bandits","damage_taken":0,"max_hp_gain":0,"max_hp_loss":0,"event_name":"Masked Bandits","floor":31,"gold_loss":0},{"damage_healed":0,"gold_gain":0,"player_choice":"Max HP","damage_taken":0,"max_hp_gain":0,"max_hp_loss":4,"event_name":"Winding Halls","floor":37,"gold_loss":0},{"damage_healed":0,"gold_gain":0,"player_choice":"Fight","damage_taken":0,"max_hp_gain":0,"max_hp_loss":0,"event_name":"MindBloom","floor":39,"gold_loss":0},{"damage_healed":0,"gold_gain":222,"player_choice":"Wore Mask","damage_taken":0,"max_hp_gain":0,"max_hp_loss":0,"event_name":"Tomb of Lord Red Mask","floor":44,"gold_loss":0}],"is_beta":true,"boss_relics":[{"not_picked":["Pandora\u0027s Box","Busted Crown"],"picked":"Runic Pyramid"},{"not_picked":["Sozu","Calling Bell"],"picked":"Philosopher\u0027s Stone"}],"items_purged_floors":[28,36,46],"is_endless":false,"potions_floor_spawned":[4,6,10,13,16,19,23,29,31,33,35,41],"ascension_level":1}