{"gold_per_floor":[113,113,38,55,70,70,100,100,125,7,7,7,25,25,25,128,128,147,165,200,43,54,54,65,65,145,178,192,192,192],"floor_reached":30,"playtime":1241,"items_purged":["Decay"],"score":273,"play_id":"d96702e4-f790-4127-a389-734f6c9f95c1","local_time":"20190303010216","is_ascension_mode":false,"campfire_choices":[{"data":"Bash","floor":6,"key":"SMITH"},{"data":"Heavy Blade","floor":8,"key":"SMITH"},{"data":"Limit Break","floor":12,"key":"SMITH"},{"data":"Inflame","floor":15,"key":"SMITH"},{"data":"Discovery","floor":23,"key":"SMITH"},{"floor":25,"key":"REST"},{"data":"Havoc","floor":29,"key":"SMITH"}],"neow_cost":"NONE","seed_source_timestamp":88963682777300,"circlet_count":0,"master_deck":["Strike_R","Strike_R","Strike_R","Strike_R","Strike_R","Defend_R","Defend_R","Defend_R","Defend_R","Bash+1","Havoc+1","Heavy Blade+1","Inflame+1","Limit Break+1","Clothesline","Demon Form","Searing Blow+1","Infernal Blade","Body Slam+1","Discovery+1","True Grit","Headbutt","Corruption","Infernal Blade+1","Havoc"],"relics":["Philosopher\u0027s Stone","Red Skull","Happy Flower","Black Star","Red Mask","Tiny Chest","Blood Vial","Bottled Lightning"],"potions_floor_usage":[18,20,20,27,30],"damage_taken":[{"damage":2,"enemies":"Jaw Worm","floor":1,"turns":3},{"damage":2,"enemies":"Cultist","floor":4,"turns":4},{"damage":0,"enemies":"Small Slimes","floor":5,"turns":2},{"damage":15,"enemies":"Gremlin Nob","floor":7,"turns":3},{"damage":11,"enemies":"Looter","floor":13,"turns":3},{"damage":30,"enemies":"The Guardian","floor":16,"turns":6},{"damage":31,"enemies":"2 Thieves","floor":18,"turns":4},{"damage":11,"enemies":"Chosen","floor":19,"turns":4},{"damage":0,"enemies":"Masked Bandits","floor":20,"turns":1},{"damage":15,"enemies":"Snake Plant","floor":22,"turns":4},{"damage":10,"enemies":"Centurion and Healer","floor":24,"turns":4},{"damage":13,"enemies":"Slavers","floor":27,"turns":4},{"damage":3,"enemies":"Shelled Parasite and Fungi","floor":28,"turns":2},{"damage":0,"enemies":"Gremlin Leader","floor":30,"turns":3}],"seed_played":"-5564228065888858257","potions_obtained":[{"floor":7,"key":"Poison Potion"},{"floor":13,"key":"AttackPotion"},{"floor":16,"key":"GamblersBrew"},{"floor":18,"key":"Poison Potion"},{"floor":19,"key":"Explosive Potion"},{"floor":27,"key":"SteroidPotion"}],"is_trial":false,"path_per_floor":["M","?","$","M","M","R","E","R","T","$","?","R","M","$","R","B",null,"M","M","?","$","M","R","M","R","T","E","M","R","E"],"character_chosen":"IRONCLAD","items_purchased":["Inflame","Block Potion","Discovery","True Grit","Headbutt"],"campfire_rested":1,"item_purchase_floors":[10,10,21,21,21],"current_hp_per_floor":[78,78,78,76,76,76,61,61,61,61,61,61,50,50,50,20,80,49,38,38,38,23,23,13,37,37,24,23,23,25],"gold":192,"neow_bonus":"BOSS_RELIC","is_prod":false,"is_daily":false,"chose_seed":false,"campfire_upgraded":6,"win_rate":0,"timestamp":1551542536,"path_taken":["M","?","?","M","M","R","E","R","T","$","?","R","M","$","R","BOSS","M","?","?","$","M","R","M","R","T","E","M","R","E"],"build_version":"2019-01-23","purchased_purges":1,"victory":false,"max_hp_per_floor":[80,80,80,80,80,80,80,80,80,80,80,80,80,80,80,80,80,80,80,80,80,80,80,80,80,80,80,80,80,80],"card_choices":[{"not_picked":["Battle Trance","Infernal Blade"],"picked":"Havoc","floor":1},{"not_picked":["Clothesline","Cleave"],"picked":"Heavy Blade","floor":4},{"not_picked":["Ghostly Armor","Cleave","Warcry"],"picked":"SKIP","floor":5},{"not_picked":["Shrug It Off","Second Wind"],"picked":"Clothesline","floor":13},{"not_picked":["Double Tap","Brutality"],"picked":"Demon Form","floor":16},{"not_picked":["Blood for Blood","Headbutt"],"picked":"Searing Blow+1","floor":18},{"not_picked":["Sword Boomerang+1","Armaments"],"picked":"Infernal Blade","floor":19},{"not_picked":["Flame Barrier","Perfected Strike"],"picked":"Body Slam+1","floor":20},{"not_picked":["Flex","Thunderclap"],"picked":"Corruption","floor":22},{"not_picked":["Sentinel","Carnage"],"picked":"Infernal Blade+1","floor":24},{"not_picked":["Carnage+1","Wild Strike"],"picked":"Havoc","floor":28}],"player_experience":1952613,"relics_obtained":[{"floor":7,"key":"Red Skull"},{"floor":9,"key":"Happy Flower"},{"floor":20,"key":"Red Mask"},{"floor":26,"key":"Tiny Chest"},{"floor":27,"key":"Blood Vial"},{"floor":27,"key":"Bottled Lightning"}],"event_choices":[{"damage_healed":0,"gold_gain":0,"player_choice":"Cursed","damage_taken":0,"max_hp_gain":0,"max_hp_loss":0,"event_name":"Wheel of Change","floor":2,"gold_loss":0,"cards_obtained":["Decay"]},{"damage_healed":0,"gold_gain":0,"player_choice":"1 cards matched","damage_taken":0,"max_hp_gain":0,"max_hp_loss":0,"event_name":"Match and Keep!","floor":11,"gold_loss":0,"cards_obtained":["Limit Break"]},{"damage_healed":0,"gold_gain":0,"player_choice":"Fought Bandits","damage_taken":0,"max_hp_gain":0,"max_hp_loss":0,"event_name":"Masked Bandits","floor":20,"gold_loss":0}],"is_beta":false,"boss_relics":[{"not_picked":["Sozu","Mark of Pain"],"picked":"Black Star"}],"items_purged_floors":[3],"is_endless":false,"potions_floor_spawned":[7,13,16,18,19,27],"killed_by":"Gremlin Leader","ascension_level":0}