{"gold_per_floor":[111,1,1,15,15,15,25,25,25,40,40,56,76,111,111,216,216,229,241,254,254,266,266,266,266,293,293,311,311,88,102,102,205,205,223,243,243,292,88,88],"floor_reached":40,"playtime":1547,"items_purged":["Defend_B","Strike_B"],"score":485,"play_id":"a704f707-e306-48e2-a5fe-ae6acf322e28","local_time":"20190425203332","is_ascension_mode":true,"campfire_choices":[{"data":"Zap","floor":6,"key":"SMITH"},{"data":"Zap","floor":8,"key":"SMITH"},{"data":"Seek","floor":11,"key":"SMITH"},{"data":"Defragment","floor":15,"key":"SMITH"},{"floor":23,"key":"REST"},{"data":"Fusion","floor":25,"key":"SMITH"},{"data":"Electrodynamics","floor":27,"key":"SMITH"},{"data":"Go for the Eyes","floor":29,"key":"SMITH"},{"data":"Dualcast","floor":32,"key":"SMITH"}],"neow_cost":"NONE","seed_source_timestamp":96462252043000,"circlet_count":0,"master_deck":["Strike_B+1","Strike_B+1","Defend_B","Defend_B","Defend_B","Zap+1","Dualcast+1","Cold Snap","Auto Shields","FTL","Seek+1","Zap+1","Ball Lightning","Core Surge","Defragment+1","Go for the Eyes+1","Fusion+1","Electrodynamics+1","Capacitor","Fusion+1","Echo Form","Redo+1","Auto Shields","Flash of Steel","Panacea","Panache","Genetic Algorithm+1","Consume","Self Repair"],"relics":["Cracked Core","Bottled Lightning","PreservedInsect","Nuclear Battery","Bag of Preparation","DataDisk","Inserter","Ice Cream"],"potions_floor_usage":[16,16,19,33,38,38],"damage_taken":[{"damage":0,"enemies":"Cultist","floor":1,"turns":3},{"damage":2,"enemies":"2 Louse","floor":4,"turns":3},{"damage":1,"enemies":"Jaw Worm","floor":7,"turns":2},{"damage":1,"enemies":"Blue Slaver","floor":10,"turns":3},{"damage":3,"enemies":"Lots of Slimes","floor":12,"turns":2},{"damage":3,"enemies":"Exordium Thugs","floor":13,"turns":4},{"damage":6,"enemies":"Gremlin Nob","floor":14,"turns":3},{"damage":21,"enemies":"The Guardian","floor":16,"turns":8},{"damage":16,"enemies":"Shell Parasite","floor":18,"turns":4},{"damage":0,"enemies":"3 Byrds","floor":19,"turns":1},{"damage":12,"enemies":"Cultist and Chosen","floor":20,"turns":3},{"damage":0,"enemies":"Sentry and Sphere","floor":22,"turns":3},{"damage":3,"enemies":"Snecko","floor":28,"turns":3},{"damage":0,"enemies":"Cultist and Chosen","floor":31,"turns":3},{"damage":30,"enemies":"Automaton","floor":33,"turns":7},{"damage":0,"enemies":"3 Shapes","floor":35,"turns":2},{"damage":0,"enemies":"Orb Walker","floor":36,"turns":2},{"damage":27,"enemies":"2 Orb Walkers","floor":38,"turns":2},{"damage":44,"enemies":"Nemesis","floor":40,"turns":2}],"seed_played":"8064997556744774765","potions_obtained":[{"floor":4,"key":"Energy Potion"},{"floor":13,"key":"Poison Potion"},{"floor":16,"key":"Explosive Potion"},{"floor":19,"key":"SteroidPotion"},{"floor":28,"key":"FocusPotion"},{"floor":33,"key":"Explosive Potion"},{"floor":36,"key":"Regen Potion"},{"floor":38,"key":"SteroidPotion"}],"is_trial":false,"path_per_floor":["M","$","?","M","?","R","M","R","T","M","R","M","M","E","R","B",null,"M","M","M","?","M","R","?","R","T","R","M","R","$","M","R","B",null,"M","M","?","?","$","E"],"character_chosen":"DEFECT","items_purchased":["Auto Shields","FTL","DataDisk","Consume","Self Repair"],"campfire_rested":1,"item_purchase_floors":[2,2,30,39,39],"current_hp_per_floor":[82,82,82,80,64,64,63,63,63,62,62,59,56,50,50,29,69,53,53,41,41,41,65,65,65,65,65,62,62,62,62,62,32,70,70,70,60,38,38,0],"gold":88,"neow_bonus":"TEN_PERCENT_HP_BONUS","is_prod":false,"is_daily":false,"chose_seed":false,"campfire_upgraded":8,"win_rate":0,"timestamp":1556238812,"path_taken":["M","$","?","?","?","R","M","R","T","M","R","M","M","E","R","BOSS","M","M","M","?","M","R","?","R","T","R","?","R","?","M","R","BOSS","M","M","?","?","?","E"],"build_version":"2019-01-23","purchased_purges":2,"victory":false,"max_hp_per_floor":[82,82,82,82,82,82,82,82,82,82,82,82,82,82,82,82,82,82,82,82,82,82,82,82,82,82,82,82,82,82,82,82,82,82,82,82,82,82,82,82],"card_choices":[{"not_picked":["Rebound","Stack"],"picked":"Cold Snap","floor":1},{"not_picked":["Sweeping Beam","Streamline"],"picked":"Ball Lightning","floor":4},{"not_picked":["Leap","Turbo","Force Field"],"picked":"SKIP","floor":7},{"not_picked":["Melter","Beam Cell"],"picked":"Core Surge","floor":10},{"not_picked":["Chill","Tempest"],"picked":"Defragment","floor":12},{"not_picked":["Compile Driver","Steam Power"],"picked":"Go for the Eyes","floor":13},{"not_picked":["Gash","Coolheaded"],"picked":"Fusion","floor":14},{"not_picked":["Buffer","Echo Form"],"picked":"Electrodynamics","floor":16},{"not_picked":["Streamline+1","Steam Power","Tempest"],"picked":"SKIP","floor":18},{"not_picked":["Steam Power","Scrape"],"picked":"Capacitor","floor":19},{"not_picked":["Stack","Undo","Tempest"],"picked":"SKIP","floor":20},{"not_picked":["Undo","Hologram","Leap"],"picked":"SKIP","floor":22},{"not_picked":["Aggregate","Cold Snap"],"picked":"Fusion+1","floor":28},{"not_picked":["Compile Driver","Barrage","Steam+1"],"picked":"SKIP","floor":31},{"not_picked":["Meteor Strike","Hyperbeam"],"picked":"Echo Form","floor":33},{"not_picked":["Ball Lightning","Steam+1"],"picked":"Redo+1","floor":35},{"not_picked":["Barrage+1","Skim"],"picked":"Auto Shields","floor":36},{"not_picked":["Deep Breath","Dark Shackles"],"picked":"Flash of Steel","floor":37},{"not_picked":["The Bomb","Discovery"],"picked":"Panacea","floor":37},{"not_picked":["Blind","Thinking Ahead"],"picked":"Panache","floor":37},{"not_picked":["Turbo","Stack+1"],"picked":"Genetic Algorithm+1","floor":38}],"player_experience":166503,"relics_obtained":[{"floor":9,"key":"Bottled Lightning"},{"floor":14,"key":"PreservedInsect"},{"floor":26,"key":"Bag of Preparation"},{"floor":38,"key":"Ice Cream"}],"event_choices":[{"damage_healed":0,"gold_gain":0,"player_choice":"2 cards matched","damage_taken":0,"max_hp_gain":0,"max_hp_loss":0,"event_name":"Match and Keep!","floor":3,"gold_loss":0,"cards_obtained":["Seek","Zap"]},{"damage_healed":0,"gold_gain":0,"player_choice":"Entered Light","damage_taken":16,"max_hp_gain":0,"max_hp_loss":0,"event_name":"Shining Light","floor":5,"gold_loss":0,"cards_upgraded":["Strike_B","Strike_B"]},{"damage_healed":0,"gold_gain":0,"player_choice":"Ignored","damage_taken":0,"max_hp_gain":0,"max_hp_loss":0,"event_name":"The Mausoleum","floor":21,"gold_loss":0},{"cards_removed":["Strike_B"],"damage_healed":0,"gold_gain":0,"player_choice":"Purged","damage_taken":0,"max_hp_gain":0,"max_hp_loss":0,"event_name":"Purifier","floor":24,"gold_loss":0},{"damage_healed":0,"gold_gain":0,"player_choice":"Memory 3","damage_taken":10,"max_hp_gain":0,"max_hp_loss":0,"event_name":"SensoryStone","floor":37,"gold_loss":0},{"damage_healed":0,"gold_gain":0,"player_choice":"Fight","damage_taken":0,"max_hp_gain":0,"max_hp_loss":0,"event_name":"Mysterious Sphere","floor":38,"gold_loss":0}],"is_beta":false,"boss_relics":[{"not_picked":["Black Star","Snecko Eye"],"picked":"Nuclear Battery"},{"not_picked":["Runic Pyramid","White Beast Statue"],"picked":"Inserter"}],"items_purged_floors":[30,39],"is_endless":false,"potions_floor_spawned":[4,13,16,19,28,33,36,38],"killed_by":"Nemesis","ascension_level":5}