{"gold_per_floor":[111,111,111,111,127,156,215,215,296,23,56,56,72,72,72,144,144,160,178,189,464,479,479,514,514,514,101,116,136,136,136,136,210,210,222,240,253,253,264,264,299,309,309,338,250,250,250,269,269,269,269,269,269,51,84,84],"floor_reached":57,"playtime":2308,"items_purged":["Regret"],"score":2755,"play_id":"18074c2a-bb71-4dfb-ab17-27a6f9052d1a","local_time":"20190320213150","is_ascension_mode":true,"campfire_choices":[{"data":"Electrodynamics","floor":8,"key":"SMITH"},{"data":"Zap","floor":12,"key":"SMITH"},{"data":"Coolheaded","floor":15,"key":"SMITH"},{"data":"Capacitor","floor":23,"key":"SMITH"},{"data":"Darkness","floor":25,"key":"SMITH"},{"data":"Panacea","floor":30,"key":"SMITH"},{"floor":32,"key":"RECALL"},{"data":"Echo Form","floor":40,"key":"SMITH"},{"data":"Consume","floor":49,"key":"SMITH"},{"data":"Reboot","floor":53,"key":"SMITH"}],"neow_cost":"NONE","seed_source_timestamp":94937576765200,"circlet_count":0,"master_deck":["AscendersBane","Defend_B","Defend_B","Defend_B","Zap+1","Dualcast","Defragment+1","Cold Snap","Coolheaded+1","Electrodynamics+1","Multi-Cast+1","Leap+1","Self Repair+1","Darkness+1","Capacitor+1","Glacier","Panacea+1","Defragment+1","Echo Form+1","Echo Form","Defragment+1","Consume+1","Reboot+1","Secret Technique","Master of Strategy","Reboot"],"relics":["Cracked Core","NeowsBlessing","Juzu Bracelet","Mango","Mummified Hand","Pantograph","Meat on the Bone","Orichalcum","Astrolabe","Kunai","DataDisk","Matryoshka","Nuclear Battery","Cables","Centennial Puzzle","Prayer Wheel","Art of War","Bottled Tornado"],"potions_floor_usage":[24,41,41,50,55,56],"damage_taken":[{"damage":0,"enemies":"Jaw Worm","floor":1,"turns":1},{"damage":0,"enemies":"Small Slimes","floor":5,"turns":1},{"damage":0,"enemies":"Gremlin Nob","floor":6,"turns":1},{"damage":16,"enemies":"3 Sentries","floor":7,"turns":11},{"damage":3,"enemies":"3 Sentries","floor":11,"turns":3},{"damage":0,"enemies":"Cultist","floor":13,"turns":2},{"damage":11,"enemies":"The Guardian","floor":16,"turns":14},{"damage":8,"enemies":"2 Thieves","floor":18,"turns":3},{"damage":0,"enemies":"3 Byrds","floor":19,"turns":1},{"damage":4,"enemies":"Centurion and Healer","floor":20,"turns":3},{"damage":0,"enemies":"3 Cultists","floor":22,"turns":2},{"damage":52,"enemies":"Book of Stabbing","floor":24,"turns":6},{"damage":2,"enemies":"Cultist and Chosen","floor":28,"turns":6},{"damage":2,"enemies":"Snecko","floor":29,"turns":4},{"damage":6,"enemies":"Automaton","floor":33,"turns":5},{"damage":19,"enemies":"3 Darklings","floor":35,"turns":7},{"damage":0,"enemies":"Orb Walker","floor":36,"turns":3},{"damage":7,"enemies":"Writhing Mass","floor":37,"turns":6},{"damage":11,"enemies":"Transient","floor":39,"turns":6},{"damage":49,"enemies":"Reptomancer","floor":41,"turns":5},{"damage":24,"enemies":"Spire Growth","floor":42,"turns":4},{"damage":16,"enemies":"Nemesis","floor":44,"turns":9},{"damage":0,"enemies":"Writhing Mass","floor":48,"turns":3},{"damage":4,"enemies":"Donu and Deca","floor":50,"turns":3},{"damage":22,"enemies":"Awakened One","floor":51,"turns":9},{"damage":50,"enemies":"Shield and Spear","floor":55,"turns":3},{"damage":63,"enemies":"The Heart","floor":56,"turns":8}],"seed_played":"4702182034511091922","potions_obtained":[{"floor":1,"key":"Weak Potion"},{"floor":5,"key":"GamblersBrew"},{"floor":19,"key":"AttackPotion"},{"floor":20,"key":"Fire Potion"},{"floor":29,"key":"Swift Potion"},{"floor":33,"key":"Fire Potion"},{"floor":41,"key":"Swift Potion"},{"floor":48,"key":"SteroidPotion"},{"floor":55,"key":"FearPotion"}],"is_trial":false,"path_per_floor":["M","?","?","?","M","E","?","R","T","$","E","R","M","?","R","B",null,"M","M","M","?","M","R","E","R","T","$","M","M","R","?","R","B",null,"M","M","M","?","M","R","E","M","T","E","$","?","?","M","R","B","B",null,"R","$","E","B",null],"character_chosen":"DEFECT","items_purchased":["Meat on the Bone","DataDisk","Glacier","Panacea","Reboot","Art of War","PowerPotion"],"campfire_rested":0,"item_purchase_floors":[10,27,27,27,45,54,54],"current_hp_per_floor":[64,64,57,31,31,45,29,29,29,29,38,38,50,50,50,64,80,82,82,85,85,85,85,55,55,55,55,63,71,71,71,71,85,85,85,85,85,81,81,81,64,72,72,66,66,56,56,56,56,81,79,81,81,81,53,37],"gold":84,"neow_bonus":"THREE_ENEMY_KILL","is_prod":false,"is_daily":false,"chose_seed":false,"campfire_upgraded":9,"win_rate":0,"timestamp":1553085110,"path_taken":["M","?","?","?","M","E","?","R","T","$","E","R","M","?","R","BOSS","M","M","M","?","M","R","E","R","T","$","M","M","R","?","R","BOSS","M","M","M","?","M","R","E","M","T","E","$","?","?","M","R","BOSS","BOSS","R","$","E","BOSS"],"build_version":"2019-01-23","purchased_purges":1,"victory":true,"max_hp_per_floor":[71,71,71,71,71,85,85,85,85,85,85,85,85,85,85,85,85,85,85,85,85,85,85,85,85,85,85,85,85,85,85,85,85,85,85,85,85,81,81,81,81,81,81,81,81,81,81,81,81,81,81,81,81,81,81,81],"card_choices":[{"not_picked":["Doom and Gloom","Conserve Battery"],"picked":"Defragment","floor":1},{"not_picked":["Hologram","Barrage"],"picked":"Cold Snap","floor":5},{"not_picked":["Ball Lightning","Streamline"],"picked":"Coolheaded","floor":6},{"not_picked":["Conserve Battery","Darkness"],"picked":"Electrodynamics","floor":7},{"not_picked":["Beam Cell","Rebound","Barrage"],"picked":"SKIP","floor":11},{"not_picked":["Gash","Tempest","Streamline"],"picked":"SKIP","floor":13},{"not_picked":["Steam","Conserve Battery","Beam Cell"],"picked":"SKIP","floor":18},{"not_picked":["Sweeping Beam+1","Aggregate"],"picked":"Darkness","floor":19},{"not_picked":["Beam Cell","Reinforced Body","Steam"],"picked":"SKIP","floor":20},{"not_picked":["Cold Snap+1","Undo"],"picked":"Capacitor","floor":22},{"not_picked":["Hologram","Steam Power","Streamline"],"picked":"SKIP","floor":24},{"not_picked":["Sunder","Beam Cell+1"],"picked":"Defragment+1","floor":28},{"not_picked":["Reinforced Body+1","Defragment"],"picked":"Echo Form","floor":29},{"not_picked":["Rainbow","Core Surge"],"picked":"Echo Form","floor":33},{"not_picked":["Ball Lightning","Scrape","Rebound"],"picked":"SKIP","floor":35},{"not_picked":["Aggregate","Go for the Eyes","Skim"],"picked":"SKIP","floor":36},{"not_picked":["Leap","Stack"],"picked":"Defragment+1","floor":37},{"not_picked":["Redo","Go for the Eyes","Ball Lightning"],"picked":"SKIP","floor":39},{"not_picked":["Auto Shields+1","Gash","Genetic Algorithm"],"picked":"SKIP","floor":41},{"not_picked":["Compile Driver","Steam"],"picked":"Consume","floor":42},{"not_picked":["Streamline+1","Reinforced Body","Auto Shields"],"picked":"SKIP","floor":44},{"not_picked":["Streamline+1","Reinforced Body","Auto Shields"],"picked":"SKIP","floor":44},{"not_picked":["Dark Shackles","Madness"],"picked":"Secret Technique","floor":46},{"not_picked":["Secret Weapon","Metamorphosis"],"picked":"Master of Strategy","floor":46},{"not_picked":["Steam","Streamline+1","Hologram"],"picked":"SKIP","floor":48},{"not_picked":["Self Repair+1","Turbo","Rip and Tear"],"picked":"SKIP","floor":48},{"not_picked":["Go for the Eyes","Conserve Battery"],"picked":"Reboot","floor":55}],"player_experience":2424140,"relics_obtained":[{"floor":6,"key":"Mango"},{"floor":7,"key":"Mummified Hand"},{"floor":9,"key":"Pantograph"},{"floor":11,"key":"Orichalcum"},{"floor":24,"key":"Kunai"},{"floor":43,"key":"Cables"},{"floor":43,"key":"Centennial Puzzle"},{"floor":44,"key":"Prayer Wheel"},{"floor":55,"key":"Bottled Tornado"}],"event_choices":[{"damage_healed":0,"gold_gain":0,"player_choice":"Grow","damage_taken":0,"max_hp_gain":0,"max_hp_loss":0,"event_name":"Living Wall","floor":2,"gold_loss":0,"cards_upgraded":["Defragment"]},{"cards_removed":["Defend_B"],"damage_healed":0,"gold_gain":0,"player_choice":"Card Removal","damage_taken":7,"max_hp_gain":0,"max_hp_loss":0,"event_name":"Golden Wing","floor":3,"gold_loss":0},{"damage_healed":0,"gold_gain":0,"player_choice":"Success","damage_taken":26,"relics_obtained":["Juzu Bracelet"],"max_hp_gain":0,"max_hp_loss":0,"event_name":"Scrap Ooze","floor":4,"gold_loss":0},{"damage_healed":0,"gold_gain":0,"player_choice":"Searched \u00271\u0027 times","damage_taken":0,"max_hp_gain":0,"max_hp_loss":0,"event_name":"Dead Adventurer","floor":7,"gold_loss":0},{"damage_healed":0,"gold_gain":0,"player_choice":"Leave","damage_taken":0,"max_hp_gain":0,"max_hp_loss":0,"event_name":"The Cleric","floor":14,"gold_loss":0},{"damage_healed":0,"gold_gain":275,"player_choice":"Desecrate","damage_taken":0,"max_hp_gain":0,"max_hp_loss":0,"event_name":"Golden Shrine","floor":21,"gold_loss":0,"cards_obtained":["Regret"]},{"damage_healed":0,"gold_gain":0,"player_choice":"Gave Potion","damage_taken":0,"relics_obtained":["Matryoshka"],"max_hp_gain":0,"max_hp_loss":0,"event_name":"WeMeetAgain","floor":31,"gold_loss":0},{"damage_healed":0,"gold_gain":0,"player_choice":"Max HP","damage_taken":0,"max_hp_gain":0,"max_hp_loss":4,"event_name":"Winding Halls","floor":38,"gold_loss":0},{"damage_healed":0,"gold_gain":0,"player_choice":"Memory 3","damage_taken":10,"max_hp_gain":0,"max_hp_loss":0,"event_name":"SensoryStone","floor":46,"gold_loss":0},{"cards_removed":["Strike_B"],"damage_healed":0,"gold_gain":0,"player_choice":"Removed Attack","damage_taken":0,"max_hp_gain":0,"max_hp_loss":0,"event_name":"Falling","floor":47,"gold_loss":0}],"is_beta":false,"boss_relics":[{"not_picked":["Runic Pyramid","Tiny House"],"picked":"Astrolabe"},{"not_picked":["Eternal Feather","Sozu"],"picked":"Nuclear Battery"}],"items_purged_floors":[27],"is_endless":false,"potions_floor_spawned":[1,5,11,19,20,29,33,35,36,37,41,48,55],"ascension_level":20}