{"gold_per_floor":[115,125,300,310,310,310,328,328,382,397,397,397,460,480,480,600,600,619,644,559,583,583,583,598,523,523,70,85,85,100,100,100,197,197,209,209,209,21,41,41,74,74,97,125,25,49,49,63,63,63],"floor_reached":50,"playtime":1914,"items_purged":["Strike_B","Strike_B"],"score":600,"play_id":"19e332eb-fe30-4c47-b262-94242a30d216","local_time":"20190420222355","is_ascension_mode":true,"campfire_choices":[{"data":"Zap","floor":6,"key":"SMITH"},{"floor":12,"key":"REST"},{"floor":15,"key":"REST"},{"floor":23,"key":"REST"},{"floor":29,"key":"REST"},{"data":"Defragment","floor":32,"key":"SMITH"},{"data":"Defragment","floor":40,"key":"SMITH"},{"data":"Echo Form","floor":42,"key":"SMITH"},{"floor":47,"key":"REST"},{"floor":49,"key":"RECALL"}],"neow_cost":"NONE","seed_source_timestamp":237620082315344,"circlet_count":0,"master_deck":["Strike_B","Defend_B+1","Defend_B","Defend_B","Defend_B","Zap+1","Dualcast+1","Conserve Battery","Cold Snap","Doubt","Defragment+1","Heatsinks","Streamline","Defragment+1","Cold Snap","Electrodynamics","Sweeping Beam","Conserve Battery","Chill+1","Glacier","Capacitor","Gash","Ball Lightning","Echo Form+1","Ball Lightning+1","Auto Shields","Static Discharge+1"],"relics":["Cracked Core","DataDisk","Bloody Idol","PreservedInsect","Orichalcum","Tiny Chest","Snecko Eye","Kunai","Cables","Bottled Lightning","Runic Pyramid","Lantern","War Paint","Letter Opener","Potion Belt"],"potions_floor_usage":[33,33,50],"damage_taken":[{"damage":9,"enemies":"Jaw Worm","floor":1,"turns":3},{"damage":0,"enemies":"2 Louse","floor":2,"turns":3},{"damage":3,"enemies":"Small Slimes","floor":4,"turns":3},{"damage":3,"enemies":"Blue Slaver","floor":7,"turns":3},{"damage":0,"enemies":"Looter","floor":10,"turns":3},{"damage":15,"enemies":"Gremlin Nob","floor":13,"turns":4},{"damage":6,"enemies":"2 Fungi Beasts","floor":14,"turns":3},{"damage":45,"enemies":"The Guardian","floor":16,"turns":13},{"damage":28,"enemies":"Chosen","floor":18,"turns":5},{"damage":7,"enemies":"3 Byrds","floor":19,"turns":3},{"damage":33,"enemies":"Centurion and Healer","floor":21,"turns":6},{"damage":0,"enemies":"3 Cultists","floor":24,"turns":4},{"damage":3,"enemies":"Shelled Parasite and Fungi","floor":28,"turns":5},{"damage":0,"enemies":"Centurion and Healer","floor":30,"turns":10},{"damage":25,"enemies":"Collector","floor":33,"turns":13},{"damage":1,"enemies":"3 Darklings","floor":35,"turns":6},{"damage":0,"enemies":"3 Shapes","floor":39,"turns":4},{"damage":4,"enemies":"Giant Head","floor":41,"turns":9},{"damage":57,"enemies":"Reptomancer","floor":44,"turns":5},{"damage":0,"enemies":"Sphere and 2 Shapes","floor":48,"turns":5},{"damage":53,"enemies":"Time Eater","floor":50,"turns":13}],"seed_played":"-7293336532950996704","potions_obtained":[{"floor":2,"key":"LiquidBronze"},{"floor":4,"key":"SpeedPotion"},{"floor":13,"key":"LiquidBronze"},{"floor":16,"key":"PowerPotion"}],"is_trial":false,"path_per_floor":["M","M","?","M","?","R","M","?","T","M","?","R","E","M","R","B",null,"M","M","?","M","?","R","M","?","T","$","M","R","M","?","R","B",null,"M","?","?","$","M","R","E","R","T","E","$","T","R","M","R","B"],"character_chosen":"DEFECT","items_purchased":["Capacitor","Bottled Lightning","Gash","Lantern","Auto Shields"],"campfire_rested":5,"item_purchase_floors":[27,27,27,38,38],"current_hp_per_floor":[66,66,66,63,68,68,65,65,65,65,47,69,54,48,70,25,74,46,39,39,6,6,28,33,33,33,33,35,57,62,62,62,42,74,74,74,70,70,70,70,70,70,70,18,18,23,44,49,49,0],"gold":63,"neow_bonus":"RANDOM_COMMON_RELIC","is_prod":false,"is_daily":false,"chose_seed":false,"campfire_upgraded":4,"win_rate":0,"timestamp":1555817035,"path_taken":["M","M","?","M","?","R","M","?","T","M","?","R","E","M","R","BOSS","M","M","?","M","?","R","M","?","T","?","M","R","M","?","R","BOSS","M","?","?","?","?","R","E","R","T","E","$","?","R","M","R","BOSS"],"build_version":"2019-01-23","purchased_purges":2,"victory":false,"max_hp_per_floor":[75,75,75,75,80,80,80,74,74,74,74,74,74,74,74,74,74,74,74,74,74,74,74,74,74,74,74,74,74,74,74,74,74,74,74,74,70,70,70,70,70,70,70,70,70,70,70,70,70,70],"card_choices":[{"not_picked":["Stack","Compile Driver"],"picked":"Conserve Battery","floor":1},{"not_picked":["Compile Driver","Gash"],"picked":"Cold Snap","floor":2},{"not_picked":["Loop","Heatsinks"],"picked":"Defragment","floor":4},{"not_picked":["Recycle","Reprogram"],"picked":"Heatsinks","floor":7},{"not_picked":["Lockon","Compile Driver"],"picked":"Streamline","floor":10},{"not_picked":["Redo","Cold Snap"],"picked":"Defragment","floor":13},{"not_picked":["Leap","Steam"],"picked":"Cold Snap","floor":14},{"not_picked":["Rainbow","Core Surge"],"picked":"Electrodynamics","floor":16},{"not_picked":["Rebound","Stack"],"picked":"Sweeping Beam","floor":18},{"not_picked":["Recycle+1","Compile Driver"],"picked":"Conserve Battery","floor":19},{"not_picked":["Coolheaded","Genetic Algorithm"],"picked":"Chill+1","floor":21},{"not_picked":["White Noise","Steam+1"],"picked":"Glacier","floor":24},{"not_picked":["Conserve Battery","Lockon","Reboot"],"picked":"SKIP","floor":28},{"not_picked":["Self Repair","Skim"],"picked":"Ball Lightning","floor":30},{"not_picked":["Hyperbeam","Core Surge"],"picked":"Echo Form","floor":33},{"not_picked":["Barrage","Beam Cell+1"],"picked":"Ball Lightning+1","floor":35},{"not_picked":["Undo+1","White Noise+1"],"picked":"Static Discharge+1","floor":39},{"not_picked":["Beam Cell+1","Streamline","Recycle+1"],"picked":"SKIP","floor":41},{"not_picked":["Undo","Ball Lightning","Scrape+1"],"picked":"SKIP","floor":44},{"not_picked":["Aggregate+1","Barrage","White Noise+1"],"picked":"SKIP","floor":48}],"player_experience":222278,"relics_obtained":[{"floor":9,"key":"PreservedInsect"},{"floor":13,"key":"Tiny Chest"},{"floor":26,"key":"Cables"},{"floor":41,"key":"War Paint"},{"floor":44,"key":"Letter Opener"},{"floor":46,"key":"Potion Belt"}],"event_choices":[{"damage_healed":0,"gold_gain":175,"player_choice":"AGREE","damage_taken":0,"max_hp_gain":0,"max_hp_loss":0,"event_name":"Liars Game","floor":3,"gold_loss":0,"cards_obtained":["Doubt"]},{"damage_healed":0,"gold_gain":0,"player_choice":"Donut","damage_taken":0,"max_hp_gain":5,"max_hp_loss":0,"event_name":"Big Fish","floor":5,"gold_loss":0},{"damage_healed":0,"gold_gain":0,"player_choice":"Lose Max HP","damage_taken":0,"relics_obtained":["Golden Idol"],"max_hp_gain":0,"max_hp_loss":6,"event_name":"Golden Idol","floor":8,"gold_loss":0},{"damage_healed":0,"gold_gain":0,"player_choice":"Success","damage_taken":18,"relics_obtained":["Orichalcum"],"max_hp_gain":0,"max_hp_loss":0,"event_name":"Scrap Ooze","floor":11,"gold_loss":0},{"damage_healed":0,"gold_gain":0,"player_choice":"Obtained Relic","damage_taken":0,"relics_obtained":["Kunai"],"max_hp_gain":0,"max_hp_loss":0,"event_name":"Addict","floor":20,"gold_loss":85},{"damage_healed":0,"gold_gain":0,"player_choice":"Gave Idol","damage_taken":0,"relics_obtained":["Bloody Idol"],"max_hp_gain":0,"max_hp_loss":0,"event_name":"Forgotten Altar","floor":22,"relics_lost":["Golden Idol"],"gold_loss":0},{"cards_removed":["Strike_B"],"damage_healed":0,"gold_gain":0,"player_choice":"Gave Gold","damage_taken":0,"max_hp_gain":0,"max_hp_loss":0,"event_name":"Beggar","floor":25,"gold_loss":75},{"damage_healed":0,"gold_gain":0,"player_choice":"Ignored","damage_taken":0,"max_hp_gain":0,"max_hp_loss":0,"event_name":"The Mausoleum","floor":31,"gold_loss":0},{"damage_healed":0,"gold_gain":0,"player_choice":"Ignored","damage_taken":0,"max_hp_gain":0,"max_hp_loss":0,"event_name":"Tomb of Lord Red Mask","floor":36,"gold_loss":0},{"damage_healed":0,"gold_gain":0,"player_choice":"Max HP","damage_taken":0,"max_hp_gain":0,"max_hp_loss":4,"event_name":"Winding Halls","floor":37,"gold_loss":0}],"is_beta":false,"boss_relics":[{"not_picked":["Ectoplasm","Fusion Hammer"],"picked":"Snecko Eye"},{"not_picked":["Empty Cage","Astrolabe"],"picked":"Runic Pyramid"}],"items_purged_floors":[27,45],"is_endless":false,"potions_floor_spawned":[2,4,13,16,18,24,30],"killed_by":"Time Eater","ascension_level":4}