{"gold_per_floor":[110,123,135,153,167,167,202,202,229,229,247,306,319,333,333,406,406,425,403,403],"floor_reached":20,"playtime":1447,"items_purged":[],"score":580,"play_id":"55701128-aafb-48fc-b691-e2026fca8d13","local_time":"20190326161703","is_ascension_mode":true,"campfire_choices":[{"data":"Zap","floor":6.0,"key":"SMITH"},{"floor":8.0,"key":"REST"},{"data":"Chaos","floor":10.0,"key":"SMITH"},{"data":"Blizzard","floor":15.0,"key":"SMITH"}],"neow_cost":"NONE","seed_source_timestamp":0,"circlet_count":0,"master_deck":["AscendersBane","Strike_B","Strike_B","Strike_B","Strike_B","Defend_B","Defend_B","Defend_B","Defend_B","Zap+1","Dualcast","Coolheaded","Blizzard+1","Chaos+1","Glacier","Loop","Cold Snap","Undo","White Noise","Echo Form","Leap","Consume"],"special_seed":0,"relics":["Cracked Core","Regal Pillow","Bag of Marbles","Tiny Chest","Inserter"],"potions_floor_usage":[20],"damage_taken":[{"damage":0.0,"enemies":"Cultist","floor":1.0,"turns":3.0},{"damage":6.0,"enemies":"2 Louse","floor":2.0,"turns":3.0},{"damage":8.0,"enemies":"Small Slimes","floor":3.0,"turns":3.0},{"damage":12.0,"enemies":"Looter","floor":4.0,"turns":4.0},{"damage":16.0,"enemies":"2 Fungi Beasts","floor":5.0,"turns":4.0},{"damage":20.0,"enemies":"Gremlin Nob","floor":7.0,"turns":5.0},{"damage":1.0,"enemies":"Large Slime","floor":11.0,"turns":7.0},{"damage":13.0,"enemies":"3 Sentries","floor":12.0,"turns":10.0},{"damage":0.0,"enemies":"Exordium Thugs","floor":13.0,"turns":4.0},{"damage":5.0,"enemies":"Gremlin Gang","floor":14.0,"turns":4.0},{"damage":10.0,"enemies":"Hexaghost","floor":16.0,"turns":14.0},{"damage":17.0,"enemies":"Spheric Guardian","floor":18.0,"turns":5.0},{"damage":16.0,"enemies":"2 Thieves","floor":19.0,"turns":4.0},{"damage":33,"enemies":"Cultist and Chosen","floor":20,"turns":3}],"seed_played":"8554258161668022697","potions_obtained":[{"floor":2.0,"key":"PowerPotion"},{"floor":3.0,"key":"Energy Potion"},{"floor":11.0,"key":"Dexterity Potion"},{"floor":12.0,"key":"SkillPotion"},{"floor":14.0,"key":"EntropicBrew"},{"floor":19.0,"key":"PowerPotion"}],"is_trial":false,"path_per_floor":["M","M","M","M","M","R","E","R","T","R","M","E","M","M","R","B",null,"M","M","M"],"character_chosen":"DEFECT","items_purchased":[],"campfire_rested":1,"item_purchase_floors":[],"current_hp_per_floor":[64,58,50,38,22,22,2,38,38,38,37,24,24,19,19,9,56,39,23,0],"gold":403,"neow_bonus":"RANDOM_COMMON_RELIC","is_prod":false,"is_daily":false,"chose_seed":false,"campfire_upgraded":3,"win_rate":0,"timestamp":1553588223,"path_taken":["M","M","M","M","M","R","E","R","T","R","M","E","M","M","R","BOSS","M","M","M"],"build_version":"2019-03-15","purchased_purges":0,"victory":false,"max_hp_per_floor":[71,71,71,71,71,71,71,71,71,71,71,71,71,71,71,71,71,71,71,71],"card_choices":[{"not_picked":["Conserve Battery","Double Energy"],"picked":"Coolheaded","floor":1.0},{"not_picked":["Beam Cell","Consume","Barrage"],"picked":"SKIP","floor":2.0},{"not_picked":["Redo","Hello World"],"picked":"Blizzard","floor":3.0},{"not_picked":["Storm","Lockon"],"picked":"Chaos","floor":4.0},{"not_picked":["Redo","Coolheaded"],"picked":"Glacier","floor":5.0},{"not_picked":["Rip and Tear","Barrage"],"picked":"Loop","floor":7.0},{"not_picked":["Melter","Conserve Battery"],"picked":"Cold Snap","floor":11.0},{"not_picked":["Force Field","Stack","Chaos"],"picked":"SKIP","floor":12.0},{"not_picked":["Reinforced Body","Gash"],"picked":"Undo","floor":13.0},{"not_picked":["Rip and Tear","Streamline"],"picked":"White Noise","floor":14.0},{"not_picked":["Fission","Rainbow"],"picked":"Echo Form","floor":16.0},{"not_picked":["Sweeping Beam","Steam"],"picked":"Leap","floor":18.0},{"not_picked":["Barrage","Beam Cell"],"picked":"Consume","floor":19.0}],"player_experience":757701,"relics_obtained":[{"floor":7.0,"key":"Bag of Marbles"},{"floor":12.0,"key":"Tiny Chest"}],"event_choices":[],"is_beta":true,"boss_relics":[{"not_picked":["Tiny House","Empty Cage"],"picked":"Inserter"}],"items_purged_floors":[],"is_endless":false,"potions_floor_spawned":[2,3,11,12,14,19],"killed_by":"Cultist and Chosen","ascension_level":20}