{"gold_per_floor":[113,72,72,72,90,90,119,135,187,187,187,27,59,70,70,142,142,157,174,374,52,67,67,86,66,90,102,114,126,138,150],"floor_reached":31,"playtime":781,"items_purged":["Regret","Strike_R"],"score":536,"play_id":"ade7d48b-08a2-43aa-a179-592d21196745","local_time":"20190401120412","is_ascension_mode":true,"campfire_choices":[{"data":"Bash","floor":6,"key":"SMITH"},{"data":"Demon Form","floor":15,"key":"SMITH"},{"floor":23,"key":"REST"},{"data":"1","floor":27,"key":"LIFT"},{"data":"2","floor":29,"key":"LIFT"}],"neow_cost":"NONE","seed_source_timestamp":262344844974600,"circlet_count":0,"master_deck":["AscendersBane","Strike_R+1","Strike_R+1","Defend_R+1","Defend_R","Defend_R","Defend_R","Bash+1","Shrug It Off","Flame Barrier","Seeing Red","Evolve","Rampage","Demon Form+1","Feed","Seeing Red","Shrug It Off+1","True Grit+1","Seeing Red","Corruption"],"relics":["Burning Blood","NeowsBlessing","Boot","Whetstone","Anchor","Centennial Puzzle","Girya","Black Star","Bag of Preparation","MawBank"],"potions_floor_usage":[16,16,19,22,28],"damage_taken":[{"damage":0,"enemies":"Jaw Worm","floor":1,"turns":1},{"damage":0,"enemies":"Small Slimes","floor":5,"turns":1},{"damage":0,"enemies":"Gremlin Nob","floor":7,"turns":1},{"damage":10,"enemies":"2 Louse","floor":8,"turns":3},{"damage":10,"enemies":"3 Sentries","floor":13,"turns":7},{"damage":2,"enemies":"Large Slime","floor":14,"turns":6},{"damage":28,"enemies":"Slime Boss","floor":16,"turns":10},{"damage":27,"enemies":"Shell Parasite","floor":18,"turns":9},{"damage":32,"enemies":"2 Thieves","floor":19,"turns":4},{"damage":12,"enemies":"Snake Plant","floor":22,"turns":5},{"damage":12,"enemies":"Snecko","floor":24,"turns":6},{"damage":0,"enemies":"Centurion and Healer","floor":28,"turns":2},{"damage":17,"enemies":"Slavers","floor":31,"turns":4}],"seed_played":"6361881729116905722","potions_obtained":[{"floor":7,"key":"Swift Potion"},{"floor":13,"key":"EntropicBrew"},{"floor":14,"key":"Fire Potion"},{"floor":24,"key":"Strength Potion"}],"is_trial":false,"path_per_floor":["M","$","?","?","M","R","E","M","T","?","?","$","E","M","R","B",null,"M","M","?","$","M","R","M","?","T","R","M","R","?","E"],"character_chosen":"IRONCLAD","items_purchased":["Flame Barrier","Rampage","Bag of Preparation","AttackPotion"],"campfire_rested":1,"item_purchase_floors":[2,12,21,21],"current_hp_per_floor":[74,74,74,74,75,75,75,71,71,53,30,30,26,30,30,8,58,37,14,14,14,8,31,28,28,28,28,34,34,34,17],"gold":150,"neow_bonus":"THREE_ENEMY_KILL","is_prod":false,"is_daily":false,"chose_seed":false,"campfire_upgraded":2,"win_rate":0,"timestamp":1554087852,"path_taken":["M","$","?","?","M","R","E","M","T","?","?","$","E","M","R","BOSS","M","M","?","?","M","R","M","?","T","R","?","R","?","E"],"build_version":"2019-01-23","purchased_purges":2,"victory":false,"max_hp_per_floor":[75,75,75,75,75,75,75,75,75,75,75,75,75,75,75,75,75,75,78,78,78,78,78,81,81,81,81,81,81,81,81],"card_choices":[{"not_picked":["Pommel Strike","Clash"],"picked":"Shrug It Off","floor":1},{"not_picked":["Clothesline","Clash"],"picked":"Seeing Red","floor":5},{"not_picked":["Clothesline","Spot Weakness"],"picked":"Evolve","floor":7},{"not_picked":["Thunderclap","Rage","Infernal Blade"],"picked":"SKIP","floor":8},{"not_picked":["Havoc","Heavy Blade"],"picked":"Demon Form","floor":13},{"not_picked":["Body Slam","Clash","Flex"],"picked":"SKIP","floor":14},{"not_picked":["Exhume","Limit Break"],"picked":"Feed","floor":16},{"not_picked":["Clothesline+1","Clash","Armaments"],"picked":"SKIP","floor":18},{"not_picked":["Sentinel","Demon Form"],"picked":"Seeing Red","floor":19},{"not_picked":["True Grit","Body Slam"],"picked":"Shrug It Off+1","floor":22},{"not_picked":["Havoc","Perfected Strike"],"picked":"True Grit+1","floor":24}],"player_experience":2793205,"relics_obtained":[{"floor":7,"key":"Whetstone"},{"floor":9,"key":"Anchor"},{"floor":13,"key":"Girya"},{"floor":26,"key":"MawBank"}],"event_choices":[{"damage_healed":0,"gold_gain":0,"player_choice":"Box","damage_taken":0,"relics_obtained":["Boot"],"max_hp_gain":0,"max_hp_loss":0,"event_name":"Big Fish","floor":3,"gold_loss":0,"cards_obtained":["Regret"]},{"damage_healed":0,"gold_gain":0,"player_choice":"Ignored","damage_taken":0,"max_hp_gain":0,"max_hp_loss":0,"event_name":"Liars Game","floor":4,"gold_loss":0},{"damage_healed":0,"gold_gain":0,"player_choice":"Success","damage_taken":18,"relics_obtained":["Centennial Puzzle"],"max_hp_gain":0,"max_hp_loss":0,"event_name":"Scrap Ooze","floor":10,"gold_loss":0},{"damage_healed":0,"gold_gain":0,"player_choice":"Entered Light","damage_taken":23,"max_hp_gain":0,"max_hp_loss":0,"event_name":"Shining Light","floor":11,"gold_loss":0,"cards_upgraded":["Defend_R","Strike_R"]},{"damage_healed":0,"gold_gain":250,"player_choice":"Bet on Owner","damage_taken":0,"max_hp_gain":0,"max_hp_loss":0,"event_name":"The Joust","floor":20,"gold_loss":50},{"damage_healed":0,"gold_gain":0,"player_choice":"Bought 1 Potion","damage_taken":0,"max_hp_gain":0,"max_hp_loss":0,"event_name":"The Woman in Blue","floor":25,"gold_loss":0},{"damage_healed":0,"gold_gain":0,"cards_transformed":["Strike_R","Strike_R"],"player_choice":"Became Test Subject","damage_taken":0,"max_hp_gain":0,"max_hp_loss":0,"event_name":"Drug Dealer","floor":30,"gold_loss":0,"cards_obtained":["Seeing Red","Corruption"]}],"is_beta":false,"boss_relics":[{"not_picked":["Runic Cube","Tiny House"],"picked":"Black Star"}],"items_purged_floors":[12,21],"is_endless":false,"potions_floor_spawned":[7,13,14,16,24,28],"killed_by":"Slavers","ascension_level":20}