{"gold_per_floor":[114,134,57,73,93,93,126,126,205,480,495,495,495,141,141,217,217,233,246,35,47,47,47,72,72],"floor_reached":25,"playtime":1227,"items_purged":["Regret"],"score":431,"play_id":"eb1cdec7-9f4f-4cdb-ac20-b45697481efc","local_time":"20190418200559","is_ascension_mode":true,"campfire_choices":[{"floor":6,"key":"REST"},{"floor":8,"key":"REST"},{"data":"Static Discharge","floor":13,"key":"SMITH"},{"data":"Loop","floor":15,"key":"SMITH"},{"floor":23,"key":"REST"}],"neow_cost":"NONE","seed_source_timestamp":613373141428182,"circlet_count":0,"master_deck":["AscendersBane","Strike_B+1","Strike_B+1","Strike_B+1","Strike_B+1","Defend_B+1","Defend_B+1","Defend_B+1","Defend_B+1","Zap","Dualcast","Cold Snap","Cold Snap","Loop+1","Chaos","Static Discharge+1","Barrage","Self Repair","Redo","Reboot","Force Field+1","Sweeping Beam","Loop","Force Field","Steam+1","Defragment"],"relics":["Cracked Core","Mango","Bottled Flame","Omamori","Bag of Marbles"],"potions_floor_usage":[7,16,19,19,21,21,25],"damage_taken":[{"damage":1,"enemies":"Cultist","floor":1,"turns":3},{"damage":5,"enemies":"Jaw Worm","floor":2,"turns":4},{"damage":1,"enemies":"2 Louse","floor":4,"turns":2},{"damage":7,"enemies":"Looter","floor":5,"turns":4},{"damage":18,"enemies":"Gremlin Nob","floor":7,"turns":4},{"damage":14,"enemies":"Lots of Slimes","floor":11,"turns":5},{"damage":29,"enemies":"Hexaghost","floor":16,"turns":9},{"damage":23,"enemies":"Chosen","floor":18,"turns":4},{"damage":22,"enemies":"3 Byrds","floor":19,"turns":3},{"damage":33,"enemies":"Snake Plant","floor":21,"turns":4},{"damage":54,"enemies":"Gremlin Leader","floor":24,"turns":8},{"damage":22,"enemies":"3 Cultists","floor":25,"turns":4}],"seed_played":"-8295639377841515831","potions_obtained":[{"floor":0,"key":"LiquidBronze"},{"floor":0,"key":"Ancient Potion"},{"floor":7,"key":"PowerPotion"},{"floor":18,"key":"Swift Potion"},{"floor":19,"key":"Regen Potion"},{"floor":21,"key":"Poison Potion"}],"is_trial":false,"path_per_floor":["M","M","$","M","M","R","E","R","T","?","M","?","R","$","R","B",null,"M","M","$","M","?","R","E","M"],"character_chosen":"DEFECT","items_purchased":["Loop","Self Repair","Omamori","Redo","Loop","Regen Potion","Force Field"],"campfire_rested":3,"item_purchase_floors":[3,14,14,14,20,20,20],"current_hp_per_floor":[63,58,58,57,50,71,67,85,85,85,71,71,71,71,71,49,76,53,38,38,46,46,71,17,0],"gold":72,"neow_bonus":"THREE_SMALL_POTIONS","is_prod":false,"is_daily":false,"chose_seed":false,"campfire_upgraded":2,"win_rate":0,"timestamp":1555607159,"path_taken":["M","?","$","M","M","R","E","R","T","?","?","?","R","?","R","BOSS","M","M","$","M","?","R","E","M"],"build_version":"2019-01-23","purchased_purges":1,"victory":false,"max_hp_per_floor":[71,71,71,71,71,71,85,85,85,85,85,85,85,85,85,85,85,85,85,85,85,85,85,85,85],"card_choices":[{"not_picked":["Leap","Blizzard"],"picked":"Cold Snap","floor":1},{"not_picked":["Reprogram","Hologram"],"picked":"Cold Snap","floor":2},{"not_picked":["Gash","Sweeping Beam"],"picked":"Chaos","floor":4},{"not_picked":["Redo","Reinforced Body"],"picked":"Static Discharge","floor":5},{"not_picked":["Go for the Eyes","Turbo","Gash"],"picked":"SKIP","floor":7},{"not_picked":["Scrape","Double Energy"],"picked":"Barrage","floor":11},{"not_picked":["Multi-Cast","Thunder Strike"],"picked":"Reboot","floor":16},{"not_picked":["Streamline","Auto Shields"],"picked":"Force Field+1","floor":18},{"not_picked":["Blizzard","Consume"],"picked":"Sweeping Beam","floor":19},{"not_picked":["Gash","Barrage"],"picked":"Steam+1","floor":21},{"not_picked":["Gash","Self Repair"],"picked":"Defragment","floor":24}],"player_experience":1215955,"relics_obtained":[{"floor":7,"key":"Mango"},{"floor":9,"key":"Bottled Flame"},{"floor":24,"key":"Bag of Marbles"}],"event_choices":[{"damage_healed":0,"gold_gain":275,"player_choice":"Desecrate","damage_taken":0,"max_hp_gain":0,"max_hp_loss":0,"event_name":"Golden Shrine","floor":10,"gold_loss":0,"cards_obtained":["Regret"]},{"damage_healed":0,"gold_gain":0,"player_choice":"Got Potions","damage_taken":0,"max_hp_gain":0,"max_hp_loss":0,"event_name":"Lab","floor":12,"gold_loss":0},{"damage_healed":0,"gold_gain":0,"player_choice":"Simplicity","damage_taken":0,"max_hp_gain":0,"max_hp_loss":0,"event_name":"Back to Basics","floor":22,"gold_loss":0,"cards_upgraded":["Strike_B","Strike_B","Strike_B","Strike_B","Defend_B","Defend_B","Defend_B","Defend_B"]}],"is_beta":false,"boss_relics":[{"not_picked":["Pandora\u0027s Box","Runic Pyramid","Ectoplasm"]}],"items_purged_floors":[14],"is_endless":false,"potions_floor_spawned":[5,7,18,19,21],"killed_by":"3 Cultists","ascension_level":19}