{"gold_per_floor":[119,132,132,46,121,121,155,155,155,184,184,213,6,19,19,95,95,106,156,156,156,156,156,156],"floor_reached":24,"playtime":403,"items_purged":[],"score":466,"play_id":"8b4fd564-2df2-4610-b5da-1b0abb32c96b","local_time":"20190408190753","is_ascension_mode":true,"campfire_choices":[{"data":"Zap","floor":6,"key":"SMITH"},{"data":"Sunder","floor":8,"key":"SMITH"},{"data":"Self Repair","floor":11,"key":"SMITH"},{"data":"Consume","floor":15,"key":"SMITH"},{"data":"Turbo","floor":23,"key":"SMITH"}],"neow_cost":"NONE","seed_source_timestamp":148201110040400,"circlet_count":0,"master_deck":["AscendersBane","Strike_B","Strike_B","Strike_B","Strike_B","Defend_B","Defend_B","Defend_B","Defend_B","Zap+1","Dualcast","Self Repair+1","Sunder+1","Hologram","Self Repair","Consume+1","Rainbow","Turbo+1","Necronomicurse"],"relics":["Cracked Core","NeowsBlessing","Ancient Tea Set","Happy Flower","Dead Branch","Symbiotic Virus","DataDisk","Philosopher\u0027s Stone","Necronomicon"],"potions_floor_usage":[12,18],"damage_taken":[{"damage":0,"enemies":"2 Louse","floor":1,"turns":1},{"damage":0,"enemies":"Cultist","floor":2,"turns":1},{"damage":0,"enemies":"Gremlin Nob","floor":7,"turns":1},{"damage":30,"enemies":"Lagavulin","floor":10,"turns":5},{"damage":24,"enemies":"Gremlin Nob","floor":12,"turns":4},{"damage":11,"enemies":"Jaw Worm","floor":14,"turns":4},{"damage":28,"enemies":"Slime Boss","floor":16,"turns":6},{"damage":3,"enemies":"2 Thieves","floor":18,"turns":2},{"damage":45,"enemies":"Slavers","floor":24,"turns":3}],"seed_played":"260864598250871111","potions_obtained":[{"floor":1,"key":"Weak Potion"},{"floor":3,"key":"Explosive Potion"},{"floor":12,"key":"LiquidBronze"},{"floor":18,"key":"FearPotion"}],"is_trial":false,"path_per_floor":["M","M","?","$","?","R","E","R","T","E","R","E","$","M","R","B",null,"M","?","?","?","$","R","E"],"character_chosen":"DEFECT","items_purchased":["Self Repair","DataDisk","Self Repair"],"campfire_rested":0,"item_purchase_floors":[4,13,13],"current_hp_per_floor":[64,64,64,64,53,53,53,53,53,30,30,16,16,29,29,18,58,71,71,71,50,50,50,5],"gold":156,"neow_bonus":"THREE_ENEMY_KILL","is_prod":false,"is_daily":false,"chose_seed":false,"campfire_upgraded":5,"win_rate":0,"timestamp":1554718073,"path_taken":["M","M","?","?","?","R","E","R","T","E","R","E","$","M","R","BOSS","M","?","?","?","$","R","E"],"build_version":"2019-01-23","purchased_purges":0,"victory":false,"max_hp_per_floor":[71,71,71,71,71,71,71,71,71,71,71,71,71,71,71,71,71,71,71,71,71,71,71,71],"card_choices":[{"not_picked":["BootSequence","Leap","Sweeping Beam"],"picked":"SKIP","floor":1},{"not_picked":["Stack","Steam","BootSequence"],"picked":"SKIP","floor":2},{"not_picked":["Recycle","Hologram"],"picked":"Sunder","floor":7},{"not_picked":["Force Field","Doom and Gloom"],"picked":"Hologram","floor":10},{"not_picked":["Sunder","Go for the Eyes","Compile Driver"],"picked":"SKIP","floor":12},{"not_picked":["Turbo","Go for the Eyes"],"picked":"Consume","floor":14},{"not_picked":["Fission","Buffer"],"picked":"Rainbow","floor":16},{"not_picked":["Rebound","Steam"],"picked":"Turbo","floor":18}],"player_experience":2984221,"relics_obtained":[{"floor":7,"key":"Ancient Tea Set"},{"floor":9,"key":"Happy Flower"},{"floor":10,"key":"Dead Branch"},{"floor":12,"key":"Symbiotic Virus"},{"floor":21,"key":"Necronomicon"}],"event_choices":[{"damage_healed":0,"gold_gain":0,"player_choice":"Got Potions","damage_taken":0,"max_hp_gain":0,"max_hp_loss":0,"event_name":"Lab","floor":3,"gold_loss":0},{"damage_healed":0,"gold_gain":75,"player_choice":"Gather Gold","damage_taken":11,"max_hp_gain":0,"max_hp_loss":0,"event_name":"World of Goop","floor":5,"gold_loss":0},{"damage_healed":0,"gold_gain":50,"player_choice":"Stole From Cult","damage_taken":0,"max_hp_gain":0,"max_hp_loss":0,"event_name":"Nest","floor":19,"gold_loss":0},{"damage_healed":0,"gold_gain":0,"player_choice":"Ignored","damage_taken":0,"max_hp_gain":0,"max_hp_loss":0,"event_name":"Beggar","floor":20,"gold_loss":0},{"damage_healed":0,"gold_gain":0,"player_choice":"Obtained Book","damage_taken":21,"max_hp_gain":0,"max_hp_loss":0,"event_name":"Cursed Tome","floor":21,"gold_loss":0}],"is_beta":false,"boss_relics":[{"not_picked":["Runic Pyramid","Lizard Tail"],"picked":"Philosopher\u0027s Stone"}],"items_purged_floors":[],"is_endless":false,"potions_floor_spawned":[1,10,12,18],"killed_by":"Slavers","ascension_level":20}