{"gold_per_floor":[19,19,44,65,39,39,39,73,96,96,12,45,45,85,85,178,178,201,48,48,63,84,84,84],"floor_reached":24,"playtime":1269,"items_purged":["Strike_R"],"score":403,"play_id":"5305c44c-64bb-47eb-9d9b-faeccee15aeb","local_time":"20181220114049","is_ascension_mode":true,"campfire_choices":[{"data":"Carnage","floor":6.0,"key":"SMITH"},{"data":"True Grit","floor":10.0,"key":"SMITH"},{"data":"Rampage","floor":13.0,"key":"SMITH"},{"data":"Bash","floor":15.0,"key":"SMITH"},{"data":"Barricade","floor":23.0,"key":"SMITH"}],"neow_cost":"NO_GOLD","seed_source_timestamp":2149812995885433,"circlet_count":0,"master_deck":["AscendersBane","Strike_R","Strike_R","Strike_R","Strike_R","Defend_R+1","Defend_R+1","Defend_R","Defend_R","Bash+1","Juggernaut+1","True Grit+1","Iron Wave","Carnage+1","Cleave","Rampage+1","Dropkick","Barricade+1","Iron Wave","Bloodletting","Feel No Pain","Thunderclap","Battle Trance"],"special_seed":0,"relics":["Burning Blood","Golden Idol","War Paint","Vajra","Paper Frog","Lantern","Runic Pyramid"],"potions_floor_usage":[24],"damage_taken":[{"damage":11.0,"enemies":"Jaw Worm","floor":1.0,"turns":5.0},{"damage":9.0,"enemies":"2 Louse","floor":3.0,"turns":4.0},{"damage":5.0,"enemies":"Small Slimes","floor":4.0,"turns":4.0},{"damage":29.0,"enemies":"Gremlin Nob","floor":8.0,"turns":4.0},{"damage":22.0,"enemies":"Lagavulin","floor":12.0,"turns":5.0},{"damage":8.0,"enemies":"Gremlin Nob","floor":14.0,"turns":3.0},{"damage":16.0,"enemies":"Slime Boss","floor":16.0,"turns":9.0},{"damage":5.0,"enemies":"Chosen","floor":18.0,"turns":6.0},{"damage":22.0,"enemies":"2 Thieves","floor":21.0,"turns":4.0},{"damage":16.0,"enemies":"Snake Plant","floor":22.0,"turns":2.0},{"damage":32,"enemies":"Gremlin Leader","floor":24,"turns":6}],"seed_played":"2450821698635087694","potions_obtained":[{"floor":8.0,"key":"Explosive Potion"},{"floor":14.0,"key":"AttackPotion"},{"floor":16.0,"key":"Explosive Potion"},{"floor":18.0,"key":"Dexterity Potion"}],"is_trial":false,"path_per_floor":["M","?","M","M","$","R","?","E","T","R","$","E","R","E","R","B",null,"M","$","?","M","M","R","E"],"character_chosen":"IRONCLAD","items_purchased":["Cleave","Rampage","Bloodletting"],"campfire_rested":0,"item_purchase_floors":[5,11,19],"current_hp_per_floor":[63,63,60,61,61,61,61,38,38,38,38,22,22,20,20,10,54,55,55,55,39,29,29,0],"gold":84,"neow_bonus":"THREE_RARE_CARDS","is_prod":false,"is_daily":false,"chose_seed":false,"campfire_upgraded":5,"win_rate":0,"timestamp":1545277249,"path_taken":["M","?","M","M","$","R","?","E","T","R","$","E","R","E","R","BOSS","M","$","?","M","M","R","E"],"build_version":"2018-12-17","purchased_purges":1,"victory":false,"max_hp_per_floor":[75,68,68,68,68,68,68,68,68,68,68,68,68,68,68,68,68,68,68,68,68,68,68,68],"card_choices":[{"not_picked":["Dark Embrace","Limit Break"],"picked":"Juggernaut","floor":0.0},{"not_picked":["Wild Strike","Dual Wield"],"picked":"True Grit","floor":1.0},{"not_picked":["Clash","Reckless Charge"],"picked":"Iron Wave","floor":3.0},{"not_picked":["Blood for Blood","Pummel"],"picked":"Carnage","floor":4.0},{"not_picked":["Body Slam","Warcry","Twin Strike"],"picked":"SKIP","floor":8.0},{"not_picked":["Searing Blow","Perfected Strike","Body Slam"],"picked":"SKIP","floor":12.0},{"not_picked":["Seeing Red","Flex"],"picked":"Dropkick","floor":14.0},{"not_picked":["Berserk","Bludgeon"],"picked":"Barricade","floor":16.0},{"not_picked":["Heavy Blade","Body Slam"],"picked":"Iron Wave","floor":18.0},{"not_picked":["Sever Soul","Reckless Charge"],"picked":"Thunderclap","floor":21.0},{"not_picked":["Clash","Power Through"],"picked":"Battle Trance","floor":22.0}],"player_experience":644702,"relics_obtained":[{"floor":8.0,"key":"War Paint"},{"floor":9.0,"key":"Vajra"},{"floor":12.0,"key":"Paper Frog"},{"floor":14.0,"key":"Lantern"}],"event_choices":[{"damage_healed":0.0,"max_hp_gain":0.0,"max_hp_loss":7.0,"gold_gain":0.0,"event_name":"Golden Idol","player_choice":"Lose Max HP","floor":2.0,"gold_loss":0.0,"damage_taken":0.0,"relics_obtained":["Golden Idol"]},{"damage_healed":0.0,"max_hp_gain":0.0,"max_hp_loss":0.0,"gold_gain":0.0,"event_name":"Living Wall","player_choice":"Grow","floor":7.0,"gold_loss":0.0,"damage_taken":0.0,"cards_upgraded":["Juggernaut"]},{"damage_healed":0.0,"max_hp_gain":0.0,"max_hp_loss":0.0,"gold_gain":0.0,"event_name":"The Library","player_choice":"Read","floor":20.0,"gold_loss":0.0,"damage_taken":0.0,"cards_obtained":["Feel No Pain"]}],"is_beta":true,"boss_relics":[{"not_picked":["Calling Bell","Runic Cube"],"picked":"Runic Pyramid"}],"items_purged_floors":[19],"is_endless":false,"potions_floor_spawned":[8,14,16,18],"killed_by":"Gremlin Leader","ascension_level":18}