{"gold_per_floor":[109,124,124,74,74,108,108,133,201,231,9,21,21,32,32,106,106,121,139,139,155,173,199,199,233,233,248,278,289,305,355,355,430,480,491,311,323,8,23,52,52,82,131,166,200,211,238,238,238,238],"floor_reached":51,"playtime":3819,"items_purged":["Strike_G"],"score":1544,"play_id":"e858ec41-cbde-4447-9616-1c8180320b64","local_time":"20181122132020","is_ascension_mode":true,"campfire_choices":[{"data":"Skewer","floor":7,"key":"SMITH"},{"data":"Terror","floor":13,"key":"SMITH"},{"data":"Flying Knee","floor":15,"key":"SMITH"},{"floor":24,"key":"REST"},{"floor":32,"key":"REST"},{"floor":41,"key":"REST"},{"floor":49,"key":"REST"}],"neow_cost":"NONE","seed_source_timestamp":1052464203803968,"circlet_count":0,"master_deck":["AscendersBane","Defend_G+1","Defend_G","Defend_G","Defend_G","Strike_G","Strike_G+1","Strike_G+1","Strike_G","Survivor","Neutralize+1","Skewer+1","Flying Knee+1","Terror+1","Caltrops+1","Malaise","Cloak And Dagger+1","Backstab+1","A Thousand Cuts+1","Backflip+1","Sucker Punch+1","Envenom+1","Deadly Poison+1","Infinite Blades+1","Well Laid Plans+1","Footwork+1","Leg Sweep","Quick Slash+1"],"special_seed":0,"relics":["Ring of the Snake","PreservedInsect","Centennial Puzzle","Strawberry","Frozen Egg 2","Dodecahedron","Oddly Smooth Stone","Fusion Hammer","Whetstone","The Courier","Kunai","Meat on the Bone","Tiny House","Bag of Marbles","Du-Vu Doll","WingedGreaves","Letter Opener","Regal Pillow","Juzu Bracelet","Orichalcum","War Paint"],"potions_floor_usage":[10,16,16,22,22,28,29,33,35,50,50],"damage_taken":[{"damage":0.0,"enemies":"Cultist","floor":1.0,"turns":4.0},{"damage":0.0,"enemies":"Small Slimes","floor":2.0,"turns":3.0},{"damage":17,"enemies":"3 Sentries","floor":6,"turns":7},{"damage":13,"enemies":"Gremlin Nob","floor":8,"turns":3},{"damage":15,"enemies":"3 Sentries","floor":10,"turns":6},{"damage":0,"enemies":"2 Louse","floor":12,"turns":2},{"damage":1,"enemies":"Red Slaver","floor":14,"turns":3},{"damage":0,"enemies":"Slime Boss","floor":16,"turns":7},{"damage":0,"enemies":"3 Byrds","floor":18,"turns":4},{"damage":0,"enemies":"Shell Parasite","floor":19,"turns":4},{"damage":5,"enemies":"Cultist and Chosen","floor":21,"turns":8},{"damage":20,"enemies":"Sentry and Sphere","floor":22,"turns":5},{"damage":24,"enemies":"Gremlin Leader","floor":23,"turns":6},{"damage":8,"enemies":"Slavers","floor":25,"turns":5},{"damage":2,"enemies":"Centurion and Healer","floor":27,"turns":6},{"damage":6,"enemies":"Book of Stabbing","floor":28,"turns":4},{"damage":0,"enemies":"Snecko","floor":29,"turns":5},{"damage":15,"enemies":"Snake Plant","floor":30,"turns":3},{"damage":40,"enemies":"Champ","floor":33,"turns":16},{"damage":16,"enemies":"3 Darklings","floor":35,"turns":4},{"damage":7,"enemies":"Orb Walker","floor":37,"turns":4},{"damage":17,"enemies":"Spire Growth","floor":39,"turns":4},{"damage":8,"enemies":"Reptomancer","floor":40,"turns":6},{"damage":13,"enemies":"Giant Head","floor":42,"turns":7},{"damage":3,"enemies":"Nemesis","floor":44,"turns":4},{"damage":13,"enemies":"Giant Head","floor":45,"turns":6},{"damage":7,"enemies":"Transient","floor":46,"turns":5},{"damage":3,"enemies":"Nemesis","floor":47,"turns":5},{"damage":60,"enemies":"Time Eater","floor":50,"turns":11}],"seed_played":"-290285682478033441","potions_obtained":[{"floor":5.0,"key":"FairyPotion"},{"floor":5.0,"key":"SpeedPotion"},{"floor":6,"key":"FearPotion"},{"floor":8,"key":"Swift Potion"},{"floor":14,"key":"Strength Potion"},{"floor":16,"key":"SkillPotion"},{"floor":18,"key":"Energy Potion"},{"floor":23,"key":"Block Potion"},{"floor":25,"key":"Swift Potion"},{"floor":28,"key":"EssenceOfSteel"},{"floor":33,"key":"Weak Potion"},{"floor":34,"key":"Explosive Potion"},{"floor":35,"key":"SteroidPotion"},{"floor":42,"key":"PowerPotion"},{"floor":46,"key":"GhostInAJar"}],"is_trial":false,"path_per_floor":["M","M","?","?","?","E","R","E","T","E","$","M","R","M","R","B",null,"M","M","$","M","M","E","R","E","T","M","E","M","M","?","R","B",null,"M","$","M","$","M","E","R","E","T","E","E","M","E","?","R","B",null],"character_chosen":"THE_SILENT","items_purchased":["Oddly Smooth Stone","Caltrops+1","Bag of Marbles","Du-Vu Doll","Well Laid Plans+1","Footwork+1"],"campfire_rested":4,"item_purchase_floors":[11,11,36,38,38,38],"current_hp_per_floor":[63,63,63,63,63,46,46,40,40,25,25,25,25,24,24,24,64,64,64,64,59,39,15,38,30,30,28,22,34,31,31,54,26,69,53,53,46,46,41,45,69,56,56,53,52,45,42,42,78,30],"gold":238,"neow_bonus":"RANDOM_COMMON_RELIC","is_prod":false,"is_daily":false,"chose_seed":false,"campfire_upgraded":3,"win_rate":0,"timestamp":1542864020,"path_taken":["M","M","?","?","?","E","R","E","T","E","$","?","R","M","R","BOSS","M","?","$","M","M","E","R","E","T","M","E","M","M","?","R","BOSS","M","$","M","$","?","E","R","E","T","E","E","M","E","?","R","BOSS"],"build_version":"2018-11-15","purchased_purges":1,"victory":true,"max_hp_per_floor":[70,70,70,70,70,70,70,77,77,77,77,77,77,77,77,77,77,77,77,77,77,77,77,77,77,77,77,77,77,77,77,77,77,82,82,82,82,82,82,82,82,82,82,82,82,82,82,78,78,78],"card_choices":[{"not_picked":["Deadly Poison","Flying Knee"],"picked":"Skewer","floor":1.0},{"not_picked":["Prepared","Quick Slash"],"picked":"Flying Knee","floor":2.0},{"not_picked":["PiercingWail","Escape Plan"],"picked":"Terror","floor":6},{"not_picked":["Deadly Poison","Riddle With Holes","Bane"],"picked":"SKIP","floor":8},{"not_picked":["Sucker Punch","Dagger Throw","Storm of Steel"],"picked":"SKIP","floor":10},{"not_picked":["Outmaneuver","Slice","Quick Slash"],"picked":"SKIP","floor":12},{"not_picked":["Dagger Throw","Catalyst","Quick Slash"],"picked":"SKIP","floor":14},{"not_picked":["Night Terror","Burst"],"picked":"Malaise","floor":16},{"not_picked":["Cloak And Dagger","PiercingWail","Dagger Throw"],"picked":"SKIP","floor":18},{"not_picked":["Bane","Catalyst","Caltrops+1"],"picked":"SKIP","floor":19},{"not_picked":["Bane","Flying Knee","Outmaneuver"],"picked":"SKIP","floor":21},{"not_picked":["Deflect","Slice"],"picked":"Cloak And Dagger+1","floor":22},{"not_picked":["Endless Agony","Underhanded Strike+1"],"picked":"Backstab","floor":23},{"not_picked":["Expertise","Dash","Deflect"],"picked":"SKIP","floor":25},{"not_picked":["Bouncing Flask","Acrobatics","Underhanded Strike"],"picked":"SKIP","floor":27},{"not_picked":["Dagger Spray+1","Quick Slash"],"picked":"A Thousand Cuts+1","floor":28},{"not_picked":["Deadly Poison","Slice"],"picked":"Backflip","floor":29},{"not_picked":["Acrobatics","Backflip"],"picked":"Sucker Punch+1","floor":30},{"not_picked":["Wraith Form v2+1","Corpse Explosion"],"picked":"Envenom+1","floor":33},{"not_picked":["Outmaneuver","Bouncing Flask"],"picked":"Deadly Poison+1","floor":35},{"not_picked":["Terror","Dagger Throw"],"picked":"Infinite Blades+1","floor":37},{"not_picked":["Slice","Dagger Throw+1"],"picked":"Leg Sweep","floor":39},{"not_picked":["Storm of Steel","Prepared","Caltrops+1"],"picked":"SKIP","floor":40},{"not_picked":["Flying Knee","Reflex","Finisher"],"picked":"SKIP","floor":42},{"not_picked":["Deflect","Leg Sweep","Night Terror"],"picked":"SKIP","floor":44},{"not_picked":["Dagger Spray","Underhanded Strike+1","Cloak And Dagger"],"picked":"SKIP","floor":45},{"not_picked":["Reflex","Dagger Throw","Eviscerate"],"picked":"SKIP","floor":46},{"not_picked":["Deadly Poison","Bane"],"picked":"Quick Slash+1","floor":47}],"player_experience":536896,"relics_obtained":[{"floor":6,"key":"Centennial Puzzle"},{"floor":8,"key":"Strawberry"},{"floor":9,"key":"Frozen Egg 2"},{"floor":10,"key":"Dodecahedron"},{"floor":23,"key":"Whetstone"},{"floor":25,"key":"The Courier"},{"floor":26,"key":"Kunai"},{"floor":28,"key":"Meat on the Bone"},{"floor":40,"key":"WingedGreaves"},{"floor":42,"key":"Letter Opener"},{"floor":43,"key":"Regal Pillow"},{"floor":44,"key":"Juzu Bracelet"},{"floor":45,"key":"Orichalcum"},{"floor":47,"key":"War Paint"}],"event_choices":[{"damage_healed":0.0,"max_hp_gain":0.0,"max_hp_loss":0.0,"gold_gain":0.0,"event_name":"Living Wall","player_choice":"Grow","floor":3.0,"gold_loss":0.0,"damage_taken":0.0,"cards_upgraded":["Neutralize"]},{"cards_removed":["Defend_G"],"damage_healed":0.0,"max_hp_gain":0.0,"max_hp_loss":0.0,"gold_gain":0.0,"event_name":"The Cleric","player_choice":"Card Removal","floor":4.0,"gold_loss":50.0,"damage_taken":0.0},{"damage_healed":0.0,"max_hp_gain":0.0,"max_hp_loss":0.0,"gold_gain":0.0,"event_name":"Lab","player_choice":"Got Potions","floor":5.0,"gold_loss":0.0,"damage_taken":0.0},{"damage_healed":0,"gold_gain":100,"player_choice":"Bet on Murderer","damage_taken":0,"max_hp_gain":0,"max_hp_loss":0,"event_name":"The Joust","floor":31,"gold_loss":50},{"damage_healed":0,"gold_gain":0,"player_choice":"Max HP","damage_taken":0,"max_hp_gain":0,"max_hp_loss":4,"event_name":"Winding Halls","floor":48,"gold_loss":0}],"is_beta":true,"boss_relics":[{"not_picked":["Astrolabe","Lizard Tail"],"picked":"Fusion Hammer"},{"not_picked":["Calling Bell","Pandora\u0027s Box"],"picked":"Tiny House"}],"items_purged_floors":[36],"is_endless":false,"potions_floor_spawned":[6,8,14,16,18,19,23,25,28,33,35,37,42,46,47],"ascension_level":13}