{"gold_per_floor":[119,139,139,111,186,21,46,46,69,69,100,100,131,131,131,229,229,247,263,263,263,29,67,67,88,111,26,26,26,26,42,42,42],"floor_reached":33,"playtime":742,"items_purged":["Writhe"],"score":538,"play_id":"97bddae3-a873-4e0c-b0ad-57027c71f9a3","local_time":"20190411221640","is_ascension_mode":true,"campfire_choices":[{"data":"Turbo","floor":8,"key":"SMITH"},{"floor":10,"key":"REST"},{"floor":12,"key":"REST"},{"data":"White Noise","floor":15,"key":"SMITH"},{"floor":24,"key":"REST"},{"floor":29,"key":"REST"},{"floor":32,"key":"REST"}],"neow_cost":"NONE","seed_source_timestamp":418389959546400,"circlet_count":0,"master_deck":["AscendersBane","Strike_B+1","Strike_B+1","Strike_B","Defend_B","Defend_B","Defend_B","Defend_B","Zap","Dualcast","Ball Lightning","Glacier","Ball Lightning","Echo Form","Turbo+1","Coolheaded+1","White Noise+1","Echo Form","Blizzard","Capacitor","Coolheaded+1"],"relics":["Cracked Core","NeowsBlessing","Golden Idol","Ancient Tea Set","Thread and Needle","Pen Nib","Nuclear Battery","Happy Flower","Anchor","Whetstone","Letter Opener"],"potions_floor_usage":[19,23,23],"damage_taken":[{"damage":0,"enemies":"2 Louse","floor":1,"turns":1},{"damage":0,"enemies":"Jaw Worm","floor":2,"turns":1},{"damage":0,"enemies":"Small Slimes","floor":7,"turns":1},{"damage":20,"enemies":"Lagavulin","floor":11,"turns":7},{"damage":18,"enemies":"Gremlin Nob","floor":13,"turns":4},{"damage":17,"enemies":"Slime Boss","floor":16,"turns":6},{"damage":32,"enemies":"Shell Parasite","floor":18,"turns":7},{"damage":1,"enemies":"Spheric Guardian","floor":19,"turns":4},{"damage":13,"enemies":"Gremlin Leader","floor":23,"turns":7},{"damage":0,"enemies":"Snecko","floor":25,"turns":5},{"damage":16,"enemies":"Snake Plant","floor":31,"turns":3},{"damage":70,"enemies":"Automaton","floor":33,"turns":6}],"seed_played":"5902357342956211614","potions_obtained":[{"floor":2,"key":"FocusPotion"},{"floor":7,"key":"SpeedPotion"},{"floor":18,"key":"FocusPotion"},{"floor":19,"key":"Fire Potion"},{"floor":25,"key":"Strength Potion"}],"is_trial":false,"path_per_floor":["M","M","?","$","?","$","M","R","T","R","E","R","E","?","R","B",null,"M","M","?","?","$","E","R","M","T","?","?","R","$","M","R","B"],"character_chosen":"DEFECT","items_purchased":["Ball Lightning","Echo Form","Blizzard","Capacitor"],"campfire_rested":5,"item_purchase_floors":[4,6,22,22],"current_hp_per_floor":[64,64,40,40,29,29,29,29,29,50,30,51,33,26,26,9,56,24,23,23,23,23,10,31,31,31,31,10,31,31,15,36,0],"gold":42,"neow_bonus":"THREE_ENEMY_KILL","is_prod":false,"is_daily":false,"chose_seed":false,"campfire_upgraded":2,"win_rate":0,"timestamp":1554988600,"path_taken":["M","M","?","$","?","$","M","R","T","R","E","R","E","?","R","BOSS","M","M","?","?","$","E","R","?","T","?","?","R","?","M","R","BOSS"],"build_version":"2019-01-23","purchased_purges":1,"victory":false,"max_hp_per_floor":[71,71,71,71,71,71,71,71,71,71,71,71,71,71,71,71,71,71,71,71,71,71,71,71,71,71,71,71,71,71,71,71,71],"card_choices":[{"not_picked":["Redo","Skim"],"picked":"Ball Lightning","floor":1},{"not_picked":["Leap","Doom and Gloom"],"picked":"Glacier","floor":2},{"not_picked":["Auto Shields","Storm"],"picked":"Turbo","floor":7},{"not_picked":["Storm","Undo"],"picked":"Coolheaded","floor":11},{"not_picked":["Steam","Streamline"],"picked":"White Noise","floor":13},{"not_picked":["Reboot","Rainbow"],"picked":"Echo Form","floor":16},{"not_picked":["Turbo+1","Chaos","Skim"],"picked":"SKIP","floor":18},{"not_picked":["Turbo","BootSequence","Steam Power"],"picked":"SKIP","floor":19},{"not_picked":["Hello World","Static Discharge","Reinforced Body"],"picked":"SKIP","floor":23},{"not_picked":["Undo","Fusion"],"picked":"Coolheaded+1","floor":25},{"not_picked":["Rebound","Redo","Gash"],"picked":"SKIP","floor":31}],"player_experience":3068235,"relics_obtained":[{"floor":9,"key":"Ancient Tea Set"},{"floor":11,"key":"Thread and Needle"},{"floor":13,"key":"Pen Nib"},{"floor":23,"key":"Anchor"},{"floor":26,"key":"Whetstone"}],"event_choices":[{"damage_healed":0,"gold_gain":0,"player_choice":"Take Damage","damage_taken":24,"relics_obtained":["Golden Idol"],"max_hp_gain":0,"max_hp_loss":0,"event_name":"Golden Idol","floor":3,"gold_loss":0},{"damage_healed":0,"gold_gain":75,"player_choice":"Gather Gold","damage_taken":11,"max_hp_gain":0,"max_hp_loss":0,"event_name":"World of Goop","floor":5,"gold_loss":0},{"cards_removed":["Strike_B"],"damage_healed":0,"gold_gain":0,"player_choice":"Card Removal","damage_taken":7,"max_hp_gain":0,"max_hp_loss":0,"event_name":"Golden Wing","floor":14,"gold_loss":0},{"damage_healed":0,"gold_gain":0,"player_choice":"Opened","damage_taken":0,"relics_obtained":["Happy Flower"],"max_hp_gain":0,"max_hp_loss":0,"event_name":"The Mausoleum","floor":20,"gold_loss":0,"cards_obtained":["Writhe"]},{"damage_healed":0,"gold_gain":0,"player_choice":"Upgraded","damage_taken":0,"max_hp_gain":0,"max_hp_loss":0,"event_name":"Upgrade Shrine","floor":21,"gold_loss":0,"cards_upgraded":["Coolheaded"]},{"damage_healed":0,"gold_gain":0,"player_choice":"Obtained Relic","damage_taken":0,"relics_obtained":["Letter Opener"],"max_hp_gain":0,"max_hp_loss":0,"event_name":"Addict","floor":27,"gold_loss":85},{"damage_healed":0,"gold_gain":0,"player_choice":"Obtained Book","damage_taken":21,"max_hp_gain":0,"max_hp_loss":0,"event_name":"Cursed Tome","floor":28,"gold_loss":0}],"is_beta":false,"boss_relics":[{"not_picked":["Coffee Dripper","Pandora\u0027s Box"],"picked":"Nuclear Battery"}],"items_purged_floors":[22],"is_endless":false,"potions_floor_spawned":[2,7,16,18,19,25],"killed_by":"Automaton","ascension_level":20}