{"path_per_floor":["M","M","?","?","$","R","M","E","T","E","M","M","E","?","R","B",null,"M","M","?","M","M","R","E","R","T","E","T","$","?","E","R","B",null,"M","M","M","M","?","E","T","R","T","?","$","?","E","M","R","B"],"character_chosen":"IRONCLAD","items_purchased":["Apotheosis","Seeing Red","Strawberry"],"gold_per_floor":[110,126,126,126,51,51,69,104,104,136,149,162,225,225,225,326,326,342,352,384,400,420,420,449,449,449,484,484,177,177,208,208,309,309,324,339,355,365,587,618,696,696,722,722,368,368,396,409,409,409],"floor_reached":51,"campfire_rested":1,"playtime":3531,"current_hp_per_floor":[79,80,77,77,77,77,79,45,45,45,49,51,40,40,40,25,80,80,80,72,66,66,66,46,46,46,52,52,52,52,53,53,39,53,47,53,53,53,53,39,39,53,53,53,60,52,60,60,60,60],"items_purged":["Injury","Parasite","Pain"],"gold":409,"score":735,"play_id":"4aa477ce-3f0d-4e8b-a5a0-8cbcc9d0f32d","is_prod":false,"is_daily":false,"is_ascension_mode":false,"campfire_upgraded":6,"path_taken":["M","M","?","?","?","R","M","E","T","E","M","?","E","?","R","BOSS","M","M","?","M","?","R","E","R","T","E","?","$","?","E","R","BOSS","M","M","M","M","?","E","?","R","T","?","$","?","E","M","R","BOSS"],"build_version":"2018-02-15-BETA1","purchased_purges":3,"victory":true,"master_deck":["Defend_R","Defend_R","Defend_R","Defend_R","Bash","Offering+1","Cleave","Headbutt","Battle Trance","Shrug It Off","Clash","Clash","Seeing Red+1","Double Tap","Rampage+1","Clumsy","Clash+1","Apotheosis+1","Bite","Bite","Bite","Bite","Bite","Clash","Flex+1","Clumsy","Anger","True Grit+1","Seeing Red","Madness","Madness","Bloodletting","Warcry+1"],"max_hp_per_floor":[80,80,80,80,80,80,80,80,80,80,80,80,80,80,80,80,80,80,80,80,80,80,80,80,80,80,80,80,77,53,53,53,53,53,53,53,53,53,53,53,53,53,53,53,60,60,60,60,60,60],"relics":["Burning Blood","Gambling Chip","Torii","Unceasing Top","Ancient Tea Set","Tiny Chest","Cursed Key","Red Mask","Prayer Wheel","Thread and Needle","Red Skull","Du-Vu Doll","Juzu Bracelet","Runic Cube","Vajra","Bottled Lightning","Bag of Marbles","Strawberry","Regal Pillow"],"card_choices":[{"not_picked":["Fiend Fire","Double Tap"],"picked":"Offering"},{"not_picked":["Headbutt","Clash"],"picked":"Cleave"},{"not_picked":["Dropkick","Power Through"],"picked":"Headbutt"},{"not_picked":["Clash","Pummel"],"picked":"Battle Trance"},{"not_picked":["Reaper","Intimidate"],"picked":"Shrug It Off"},{"not_picked":["Twin Strike","Clothesline"],"picked":"Clash"},{"not_picked":["Clothesline","Seeing Red"],"picked":"Clash"},{"not_picked":["Heavy Blade","Power Through"],"picked":"Seeing Red"},{"not_picked":["Limit Break","Berserk"],"picked":"Double Tap"},{"not_picked":["Anger","Twin Strike"],"picked":"Armaments"},{"not_picked":["Inflame","Headbutt"],"picked":"Rampage"},{"not_picked":["Limit Break","Juggernaut"],"picked":"Clash"},{"not_picked":["Perfected Strike","Shrug It Off"],"picked":"Clash"},{"not_picked":["Impervious","Infernal Blade"],"picked":"Flex"},{"not_picked":["Twin Strike","Heavy Blade"],"picked":"Anger"},{"not_picked":["Sever Soul","Cleave"],"picked":"True Grit"},{"not_picked":["Reckless Charge","Flex"],"picked":"Bloodletting"},{"not_picked":["Heavy Blade","Cleave"],"picked":"Warcry"}],"player_experience":50393,"potions_floor_usage":[16,16,35,47,50,50],"damage_taken":[{"damage":7,"enemies":"Jaw Worm","floor":1,"turns":3},{"damage":4,"enemies":"Small Slimes","floor":2,"turns":3},{"damage":4,"enemies":"2 Louse","floor":7,"turns":2},{"damage":40,"enemies":"Lagavulin","floor":8,"turns":6},{"damage":6,"enemies":"3 Sentries","floor":10,"turns":6},{"damage":2,"enemies":"Blue Slaver","floor":11,"turns":5},{"damage":4,"enemies":"Exordium Wildlife","floor":12,"turns":2},{"damage":17,"enemies":"Lagavulin","floor":13,"turns":4},{"damage":21,"enemies":"Hexaghost","floor":16,"turns":7},{"damage":4,"enemies":"Shell Parasite","floor":18,"turns":3},{"damage":4,"enemies":"Spheric Guardian","floor":19,"turns":3},{"damage":14,"enemies":"Masked Bandits","floor":20,"turns":3},{"damage":12,"enemies":"Snake Plant","floor":21,"turns":3},{"damage":6,"enemies":"Slaver and Parasite","floor":22,"turns":4},{"damage":26,"enemies":"Book of Stabbing","floor":24,"turns":5},{"damage":0,"enemies":"Slavers","floor":27,"turns":5},{"damage":4,"enemies":"Gremlin Leader","floor":31,"turns":5},{"damage":39,"enemies":"Automaton","floor":33,"turns":8},{"damage":20,"enemies":"3 Shapes","floor":35,"turns":1},{"damage":5,"enemies":"3 Darklings","floor":36,"turns":4},{"damage":4,"enemies":"Flame Bruiser 2 Orb","floor":37,"turns":3},{"damage":4,"enemies":"4 Shapes","floor":38,"turns":4},{"damage":28,"enemies":"Giant Head","floor":40,"turns":7},{"damage":0,"enemies":"2 Orb Walkers","floor":47,"turns":1},{"damage":4,"enemies":"Sphere and 2 Shapes","floor":48,"turns":2},{"damage":10,"enemies":"Donu and Deca","floor":50,"turns":4}],"event_choices":[{"event_name":"Scrap Ooze","player_choice":"success","floor":3,"damage_taken":3},{"event_name":"Liars Game","player_choice":"disagreed","floor":4,"damage_taken":0},{"event_name":"Bonfire Elementals","player_choice":"BASIC","floor":14,"damage_taken":0},{"event_name":"Masked Bandits","player_choice":"Fought over 352 gold","floor":20,"damage_taken":0},{"event_name":"Vampires","player_choice":"Became a vampire","floor":30,"damage_taken":0},{"event_name":"Tomb of Lord Red Mask","player_choice":"Wore Mask","floor":39,"damage_taken":0},{"event_name":"Winding Halls","player_choice":"Embrace Madness","floor":46,"damage_taken":0}],"boss_relics":[{"not_picked":["Philosopher\u0027s Stone","Sozu"],"picked":"Cursed Key"},{"not_picked":["Runic Pyramid","Lizard Tail"],"picked":"Runic Cube"}],"potions_floor_spawned":[10,11,12,13,19,20,22,24,36,38,40,47],"seed_played":"5623555995697015968","ascension_level":0,"is_trial":false}