{"path_per_floor":["M","?","M","?","M","R","M","R","T","$","R","M","E","M","R","B",null,"M","$","?","?","?"],"character_chosen":"IRONCLAD","items_purchased":["Blood for Blood","Oddly Smooth Stone","Molten Egg 2"],"gold_per_floor":[119,84,94,269,282,282,296,296,296,66,66,78,107,119,119,224,254,266,17,17,217,217],"floor_reached":23,"campfire_rested":0,"playtime":1066,"current_hp_per_floor":[69,80,80,80,80,80,80,80,80,80,80,80,75,78,78,48,77,62,62,62,62,85],"items_purged":[],"gold":217,"score":246,"play_id":"877cc0d2-0710-43e2-8b8b-f36238efbb72","local_time":"20180310165817","is_prod":false,"is_daily":false,"is_ascension_mode":true,"campfire_upgraded":4,"timestamp":1520693897,"path_taken":["M","?","M","?","M","R","M","R","T","?","R","?","E","?","R","BOSS","M","$","?","?","?","E"],"build_version":"2018-03-09","purchased_purges":0,"victory":false,"master_deck":["Strike_R+1","Strike_R+1","Strike_R+1","Strike_R+1","Strike_R+1","Defend_R+1","Defend_R+1","Defend_R+1","Defend_R+1","Bash","Combust+1","Hemokinesis+1","Armaments+1","Warcry","Blood for Blood+1","Cleave","Limit Break+1","Heavy Blade","Combust"],"max_hp_per_floor":[80,80,80,80,80,80,80,80,80,80,80,80,80,80,80,80,85,85,85,85,85,85],"relics":["Burning Blood","Omamori","Bird Faced Urn","Oddly Smooth Stone","Orichalcum","Tiny House","Molten Egg 2"],"card_choices":[{"not_picked":["Cleave","Anger"],"picked":"Combust"},{"not_picked":["Disarm","Flex"],"picked":"Hemokinesis"},{"not_picked":["Body Slam","Headbutt"],"picked":"Armaments"},{"not_picked":["Burning Pact","Sentinel"],"picked":"Warcry"},{"not_picked":["Impervious","Twin Strike"],"picked":"Cleave"},{"not_picked":["Exhume","Impervious"],"picked":"Limit Break"},{"not_picked":["Rampage","Evolve"],"picked":"Heavy Blade"},{"not_picked":["Armaments","Burning Pact"],"picked":"Combust"}],"player_experience":259843,"potions_floor_usage":[13,13,16,18,23],"damage_taken":[{"damage":9,"enemies":"Jaw Worm","floor":1,"turns":4},{"damage":1,"enemies":"Small Slimes","floor":3,"turns":4},{"damage":4,"enemies":"Cultist","floor":5,"turns":3},{"damage":4,"enemies":"2 Fungi Beasts","floor":7,"turns":4},{"damage":3,"enemies":"Looter","floor":12,"turns":3},{"damage":20,"enemies":"3 Sentries","floor":13,"turns":5},{"damage":3,"enemies":"Blue Slaver","floor":14,"turns":5},{"damage":38,"enemies":"Slime Boss","floor":16,"turns":7},{"damage":23,"enemies":"Chosen","floor":18,"turns":4},{"damage":96,"enemies":"Book of Stabbing","floor":23,"turns":6}],"event_choices":[{"event_name":"The Cleric","player_choice":"Healed","floor":2,"damage_taken":0},{"event_name":"Liars Game","player_choice":"agreed","floor":4,"damage_taken":0},{"event_name":"Back to Basics","player_choice":"Simplicity","floor":20,"damage_taken":0},{"event_name":"Wheel of Change","player_choice":"Gold","floor":21,"damage_taken":0},{"event_name":"The Library","player_choice":"Heal","floor":22,"damage_taken":0}],"boss_relics":[{"not_picked":["Lizard Tail","Eternal Feather"],"picked":"Tiny House"}],"potions_floor_spawned":[5,7,12,18],"seed_played":"-2322910282470590983","killed_by":"Book of Stabbing","ascension_level":6,"is_trial":false}