{"path_per_floor":["M","?","M","?","?","R","$","E","T","R","M","M","M","M","R","B",null,"M","M","$","?","M","R","E","M","T"],"character_chosen":"IRONCLAD","items_purchased":["Bronze Scales"],"gold_per_floor":[111,61,80,155,155,155,10,38,65,65,83,103,115,131,131,235,235,248,268,193,108,122,122,153,170,170],"floor_reached":27,"campfire_rested":3,"playtime":1421,"current_hp_per_floor":[62,62,66,55,55,79,79,66,66,66,72,62,60,57,81,31,71,62,49,49,49,39,64,22,19,19],"items_purged":["Pain"],"gold":170,"score":306,"play_id":"49800c69-5ab9-4756-9679-b072e011f41d","local_time":"20180310202748","is_prod":false,"is_daily":false,"is_ascension_mode":true,"campfire_upgraded":1,"timestamp":1520706468,"path_taken":["M","?","M","?","?","R","$","E","T","R","M","?","M","M","R","BOSS","M","M","$","?","?","R","E","M","T","E"],"build_version":"2018-03-09","purchased_purges":1,"victory":false,"master_deck":["Strike_R","Strike_R","Strike_R","Strike_R","Strike_R","Defend_R","Defend_R","Defend_R","Bash","Shockwave+1","Iron Wave","Second Wind","Pummel","Fiend Fire","Feel No Pain","Pain","Parasite","Pummel","Twin Strike+1"],"max_hp_per_floor":[80,80,80,80,80,80,80,80,80,80,80,80,82,82,82,84,84,84,84,84,84,86,86,88,90,90],"relics":["Burning Blood","Bronze Scales","Charon\u0027s Ashes","Singing Bowl","Calling Bell","Orichalcum","Pen Nib","Dodecahedron","Kunai","Calipers","Champion Belt"],"card_choices":[{"not_picked":["Sever Soul","Warcry"],"picked":"Shockwave"},{"not_picked":["Pummel","Wild Strike"],"picked":"Iron Wave"},{"not_picked":["Shrug It Off","Heavy Blade"],"picked":"Second Wind"},{"not_picked":["Thunderclap","Perfected Strike"],"picked":"Pummel"},{"not_picked":["Clothesline","Wild Strike"],"picked":"Fiend Fire"},{"not_picked":["Heavy Blade","True Grit"],"picked":"Feel No Pain"},{"not_picked":["Armaments","Inflame"],"picked":"Pummel"},{"not_picked":["Bloodletting","Shockwave"],"picked":"Twin Strike"}],"player_experience":271796,"potions_floor_usage":[3,12,16,22,25],"damage_taken":[{"damage":16,"enemies":"Jaw Worm","floor":1,"turns":4},{"damage":2,"enemies":"Small Slimes","floor":3,"turns":4},{"damage":19,"enemies":"Gremlin Nob","floor":8,"turns":4},{"damage":0,"enemies":"2 Louse","floor":11,"turns":2},{"damage":16,"enemies":"Gremlin Gang","floor":12,"turns":3},{"damage":10,"enemies":"Large Slime","floor":13,"turns":6},{"damage":9,"enemies":"Blue Slaver","floor":14,"turns":2},{"damage":58,"enemies":"Hexaghost","floor":16,"turns":11},{"damage":15,"enemies":"Chosen","floor":18,"turns":5},{"damage":19,"enemies":"Spheric Guardian","floor":19,"turns":4},{"damage":18,"enemies":"Snake Plant","floor":22,"turns":4},{"damage":50,"enemies":"Slavers","floor":24,"turns":6},{"damage":11,"enemies":"Cultist and Chosen","floor":25,"turns":3},{"damage":19,"enemies":"Gremlin Leader","floor":27,"turns":4}],"event_choices":[{"event_name":"The Cleric","player_choice":"Card Removal","floor":2,"damage_taken":0},{"event_name":"World of Goop","player_choice":"Gather Gold","floor":4,"damage_taken":0},{"event_name":"Golden Idol","player_choice":"Ignored","floor":5,"damage_taken":0},{"event_name":"Addict","player_choice":"Obtained Relic","floor":21,"damage_taken":0}],"boss_relics":[{"not_picked":["Tiny House","Cursed Key"],"picked":"Calling Bell"}],"potions_floor_spawned":[1,11,14,16,22,24],"seed_played":"-5184584201096432012","killed_by":"Gremlin Leader","ascension_level":6,"is_trial":false}