{"gold_per_floor":[109,109,121,45,45,45,45,79,79,79,99,129,139,153,153,153],"floor_reached":16,"playtime":408,"items_purged":[],"score":220,"play_id":"5869cd84-7603-4542-9a4f-2b661484409a","local_time":"20190313194230","is_ascension_mode":true,"campfire_choices":[{"data":"Bash","floor":6,"key":"SMITH"},{"data":"Corruption","floor":10,"key":"SMITH"},{"floor":15,"key":"REST"}],"neow_cost":"NONE","seed_source_timestamp":379693789681500,"circlet_count":0,"master_deck":["AscendersBane","Strike_R","Strike_R","Strike_R","Strike_R","Defend_R","Defend_R","Defend_R","Defend_R","Bash+1","Shrug It Off","Corruption+1","Rampage+1","Entrench","Shrug It Off","True Grit","Rage","Immolate","Inflame+1"],"relics":["Philosopher\u0027s Stone","Ancient Tea Set","Frozen Egg 2","Prayer Wheel"],"potions_floor_usage":[12],"damage_taken":[{"damage":3,"enemies":"Jaw Worm","floor":1,"turns":3},{"damage":2,"enemies":"Cultist","floor":3,"turns":3},{"damage":27,"enemies":"Lagavulin","floor":8,"turns":6},{"damage":0,"enemies":"2 Louse","floor":11,"turns":2},{"damage":24,"enemies":"Gremlin Nob","floor":12,"turns":4},{"damage":0,"enemies":"Red Slaver","floor":13,"turns":5},{"damage":5,"enemies":"Looter","floor":14,"turns":4},{"damage":19,"enemies":"Hexaghost","floor":16,"turns":7}],"seed_played":"-2974793297209159032","potions_obtained":[{"floor":1,"key":"PowerPotion"},{"floor":3,"key":"GamblersBrew"},{"floor":7,"key":"SteroidPotion"},{"floor":8,"key":"Explosive Potion"}],"is_trial":false,"path_per_floor":["M","?","M","$","?","R","?","E","T","R","M","E","M","M","R","B"],"character_chosen":"IRONCLAD","items_purchased":["Rampage"],"campfire_rested":1,"item_purchase_floors":[4],"current_hp_per_floor":[65,65,63,63,63,63,63,36,36,36,36,12,12,7,29,10],"gold":153,"neow_bonus":"BOSS_RELIC","is_prod":false,"is_daily":false,"chose_seed":false,"campfire_upgraded":2,"win_rate":0,"timestamp":1552473750,"path_taken":["M","?","?","$","?","R","?","E","T","R","M","E","M","?","R","BOSS"],"build_version":"2019-01-23","purchased_purges":0,"victory":false,"max_hp_per_floor":[75,75,75,75,75,75,75,75,75,75,75,75,75,75,75,75],"card_choices":[{"not_picked":["Infernal Blade","Clash"],"picked":"Shrug It Off","floor":1},{"not_picked":["Iron Wave","Havoc"],"picked":"Corruption","floor":3},{"not_picked":["Havoc","Searing Blow","Wild Strike"],"picked":"SKIP","floor":8},{"not_picked":["Twin Strike","Sentinel"],"picked":"Entrench","floor":11},{"not_picked":["Rupture+1","Limit Break"],"picked":"Shrug It Off","floor":12},{"not_picked":["Second Wind","Twin Strike"],"picked":"True Grit","floor":13},{"not_picked":["Body Slam","Clothesline"],"picked":"Rage","floor":13},{"not_picked":["Dual Wield","Bloodletting"],"picked":"Immolate","floor":14},{"not_picked":["Pommel Strike","Pummel"],"picked":"Inflame+1","floor":14}],"player_experience":2243264,"relics_obtained":[{"floor":8,"key":"Ancient Tea Set"},{"floor":9,"key":"Frozen Egg 2"},{"floor":12,"key":"Prayer Wheel"}],"event_choices":[{"cards_removed":["Strike_R"],"damage_healed":0,"gold_gain":0,"player_choice":"Purged","damage_taken":0,"max_hp_gain":0,"max_hp_loss":0,"event_name":"Purifier","floor":2,"gold_loss":0},{"damage_healed":0,"gold_gain":0,"player_choice":"Grow","damage_taken":0,"max_hp_gain":0,"max_hp_loss":0,"event_name":"Living Wall","floor":5,"gold_loss":0,"cards_upgraded":["Rampage"]},{"damage_healed":0,"gold_gain":0,"player_choice":"Got Potions","damage_taken":0,"max_hp_gain":0,"max_hp_loss":0,"event_name":"Lab","floor":7,"gold_loss":0}],"is_beta":false,"boss_relics":[],"items_purged_floors":[],"is_endless":false,"potions_floor_spawned":[1,3,8],"killed_by":"Hexaghost","ascension_level":20}