{"path_per_floor":["M","M","?","?","M","E","?","R","T","$","R","E","M","M","R","B",null,"M","?","$","?","M","E","R","?","T","R","$","E","R","E","R","B",null,"M","?","M","?","M","R","M","E","T","?","$","M","M","E","R","B"],"character_chosen":"IRONCLAD","items_purchased":["Apotheosis","Regen Potion","Offering","Heavy Blade","Regen Potion","Meat on the Bone"],"gold_per_floor":[118,128,228,403,418,452,452,452,475,166,166,200,213,227,227,327,327,343,268,3,3,21,48,48,48,48,48,48,73,73,108,108,211,211,229,229,242,242,252,252,268,299,347,347,9,24,44,77,77,77],"floor_reached":51,"campfire_rested":5,"playtime":2970,"current_hp_per_floor":[65,66,66,66,58,13,6,30,30,30,30,28,33,32,32,38,70,55,55,55,39,19,23,47,47,47,71,71,43,67,59,59,21,65,71,71,73,73,27,51,52,11,11,11,11,48,53,80,80,41],"items_purged":["Doubt","Strike_R"],"gold":77,"score":1100,"play_id":"81935f09-d1ca-411a-9509-4076a52c0c93","local_time":"20180331141352","is_prod":false,"is_daily":false,"is_ascension_mode":true,"campfire_upgraded":4,"timestamp":1522476832,"path_taken":["M","M","?","?","?","E","?","R","T","$","R","E","M","M","R","BOSS","M","?","?","?","M","E","R","?","T","R","$","E","R","E","R","BOSS","M","?","M","?","M","R","M","E","T","?","$","M","M","E","R","BOSS"],"build_version":"2018-03-29","purchased_purges":2,"victory":true,"master_deck":["Strike_R","Strike_R","Strike_R","Defend_R","Defend_R","Defend_R","Defend_R","Demon Form+1","Thunderclap","Flame Barrier","Apotheosis+1","True Grit","Shockwave","Double Tap","Uppercut","Offering+1","Heavy Blade","Whirlwind","Limit Break","Shrug It Off","Brutality+1","Reaper","Sword Boomerang+1","Heavy Blade","Shrug It Off+1","Ghostly Armor+1","Headbutt"],"max_hp_per_floor":[80,80,80,80,80,80,80,80,80,80,80,80,80,80,80,80,80,80,80,80,80,80,80,80,80,80,80,80,80,80,80,80,80,80,80,80,80,80,80,80,80,80,80,80,80,80,80,80,80,80],"relics":["Burning Blood","Pen Nib","Lantern","Bag of Marbles","Lizard Tail","Enchiridion","Mercury Hourglass","Charon\u0027s Ashes","Prayer Wheel","Art of War","Velvet Choker","Question Card","Vajra","Meat on the Bone","Matryoshka"],"card_choices":[{"not_picked":["Rupture","Warcry"],"picked":"Thunderclap","floor":1},{"not_picked":["Havoc","Burning Pact"],"picked":"Flame Barrier","floor":5},{"not_picked":["Dual Wield","Headbutt"],"picked":"True Grit","floor":12},{"not_picked":["Wild Strike","Reckless Charge"],"picked":"Shockwave","floor":13},{"not_picked":["Berserk","Fiend Fire"],"picked":"Double Tap","floor":16},{"not_picked":["Entrench","Perfected Strike"],"picked":"Uppercut","floor":18},{"not_picked":["Feel No Pain","Shrug It Off"],"picked":"Whirlwind","floor":22},{"not_picked":["Clash","Cleave"],"picked":"Limit Break","floor":23},{"not_picked":["Body Slam","Twin Strike"],"picked":"Shrug It Off","floor":29},{"not_picked":["Iron Wave","Dual Wield"],"picked":"Brutality","floor":31},{"not_picked":["Offering","Double Tap"],"picked":"Reaper","floor":33},{"not_picked":["Perfected Strike","Cleave"],"picked":"Metallicize","floor":35},{"not_picked":["Inflame","Flame Barrier"],"picked":"Sword Boomerang","floor":37},{"not_picked":["Sword Boomerang","Body Slam"],"picked":"Heavy Blade","floor":39},{"not_picked":["Clothesline","True Grit"],"picked":"Shrug It Off","floor":41},{"not_picked":["Battle Trance","Rampage","Twin Strike"],"picked":"Ghostly Armor","floor":43},{"not_picked":["Pommel Strike","Cleave","Warcry"],"picked":"Headbutt","floor":48}],"player_experience":206341,"potions_floor_usage":[12,16,22,23,23,29,33,42,48,50,50],"damage_taken":[{"damage":13,"enemies":"Jaw Worm","floor":1,"turns":4},{"damage":5,"enemies":"Cultist","floor":2,"turns":4},{"damage":14,"enemies":"2 Louse","floor":5,"turns":4},{"damage":51,"enemies":"3 Sentries","floor":6,"turns":9},{"damage":20,"enemies":"Lagavulin","floor":12,"turns":5},{"damage":1,"enemies":"Blue Slaver","floor":13,"turns":2},{"damage":7,"enemies":"2 Fungi Beasts","floor":14,"turns":4},{"damage":0,"enemies":"Slime Boss","floor":16,"turns":7},{"damage":21,"enemies":"Chosen","floor":18,"turns":6},{"damage":26,"enemies":"2 Thieves","floor":22,"turns":3},{"damage":60,"enemies":"Book of Stabbing","floor":23,"turns":7},{"damage":34,"enemies":"Gremlin Leader","floor":29,"turns":5},{"damage":14,"enemies":"Book of Stabbing","floor":31,"turns":3},{"damage":56,"enemies":"Collector","floor":33,"turns":5},{"damage":0,"enemies":"3 Shapes","floor":35,"turns":3},{"damage":15,"enemies":"Flame Bruiser 1 Orb","floor":37,"turns":5},{"damage":52,"enemies":"Maw","floor":39,"turns":6},{"damage":5,"enemies":"Flame Bruiser 2 Orb","floor":41,"turns":5},{"damage":62,"enemies":"Giant Head","floor":42,"turns":7},{"damage":11,"enemies":"3 Darklings","floor":46,"turns":2},{"damage":1,"enemies":"4 Shapes","floor":47,"turns":5},{"damage":16,"enemies":"Nemesis","floor":48,"turns":5},{"damage":87,"enemies":"Time Eater","floor":50,"turns":6}],"event_choices":[{"event_name":"Golden Shrine","player_choice":"Pray","floor":3,"damage_taken":0},{"event_name":"Liars Game","player_choice":"agreed","floor":4,"damage_taken":0},{"event_name":"Golden Wing","player_choice":"Card Removal","floor":7,"damage_taken":0},{"event_name":"Beggar","player_choice":"Gave Gold","floor":19,"damage_taken":0},{"event_name":"Cursed Tome","player_choice":"Obtained Book","floor":21,"damage_taken":0},{"event_name":"Ghosts","player_choice":"Ignored","floor":25,"damage_taken":0},{"event_name":"The Lab","player_choice":"Got Potions","floor":38,"damage_taken":0},{"event_name":"Tomb of Lord Red Mask","player_choice":"Ignored","floor":44,"damage_taken":0}],"boss_relics":[{"not_picked":["Philosopher\u0027s Stone","Eternal Feather"],"picked":"Lizard Tail"},{"not_picked":["Calling Bell","Mark of Pain"],"picked":"Velvet Choker"}],"potions_floor_spawned":[1,12,16,23,31,33,39,48],"seed_played":"860587761216217666","ascension_level":7,"is_trial":false}