{"gold_per_floor":[115,40,40,40,50,79,92,124,170,170,170,203,43,59,59,59],"floor_reached":16,"playtime":382,"items_purged":["Strike_R"],"score":286,"play_id":"849462c6-b2b5-4581-af2e-e9508a1a048c","local_time":"20190425191348","is_ascension_mode":true,"campfire_choices":[{"floor":10.0,"key":"REST"},{"data":"True Grit","floor":15,"key":"SMITH"}],"neow_cost":"NONE","seed_source_timestamp":285946639899100,"circlet_count":0,"master_deck":["AscendersBane","Strike_R","Strike_R","Strike_R","Defend_R","Defend_R","Defend_R","Defend_R","Bash","Rampage","Shrug It Off","True Grit+1","Juggernaut","Evolve","Reaper","Shrug It Off"],"special_seed":0,"relics":["Burning Blood","NeowsBlessing","Singing Bowl","Art of War","Anchor"],"potions_floor_usage":[16,16],"damage_taken":[{"damage":0.0,"enemies":"Cultist","floor":1.0,"turns":1.0},{"damage":0.0,"enemies":"2 Louse","floor":5.0,"turns":1.0},{"damage":0.0,"enemies":"Lagavulin","floor":6.0,"turns":2.0},{"damage":9.0,"enemies":"Small Slimes","floor":7.0,"turns":5.0},{"damage":60.0,"enemies":"3 Sentries","floor":8.0,"turns":14.0},{"damage":26.0,"enemies":"Lagavulin","floor":12.0,"turns":8.0},{"damage":21,"enemies":"Red Slaver","floor":14,"turns":5},{"damage":29,"enemies":"Hexaghost","floor":16,"turns":9}],"seed_played":"-6844593155814571052","potions_obtained":[{"floor":1.0,"key":"SmokeBomb"},{"floor":11.0,"key":"Strength Potion"},{"floor":12,"key":"Regen Potion"}],"is_trial":false,"path_per_floor":["M","$","?","$","M","E","M","E","T","R","?","E","$","M","R","B"],"character_chosen":"IRONCLAD","items_purchased":["Evolve","Reaper"],"campfire_rested":1,"item_purchase_floors":[13,13],"current_hp_per_floor":[74,74,74,74,75,77,74,20,20,43,43,25,25,14,14,0],"gold":59,"neow_bonus":"THREE_ENEMY_KILL","is_prod":false,"is_daily":false,"chose_seed":false,"campfire_upgraded":1,"win_rate":0,"timestamp":1556187228,"path_taken":["M","?","?","$","?","E","M","E","T","R","?","E","?","M","R","BOSS"],"build_version":"2019-01-23","purchased_purges":1,"victory":false,"max_hp_per_floor":[75,75,75,75,75,77,77,77,77,77,77,79,79,79,79,79],"card_choices":[{"not_picked":["Shockwave","Iron Wave"],"picked":"Rampage","floor":1.0},{"not_picked":["Flex","Thunderclap"],"picked":"Shrug It Off","floor":5.0},{"not_picked":["Flame Barrier","Shrug It Off","Warcry"],"picked":"Singing Bowl","floor":6.0},{"not_picked":["Burning Pact","Anger"],"picked":"True Grit","floor":7.0},{"not_picked":["Ghostly Armor","Sentinel"],"picked":"Juggernaut","floor":8.0},{"not_picked":["Flex","Corruption","Thunderclap"],"picked":"Singing Bowl","floor":12},{"not_picked":["Twin Strike","Flex"],"picked":"Shrug It Off","floor":14}],"player_experience":3373228,"relics_obtained":[{"floor":6.0,"key":"Singing Bowl"},{"floor":8.0,"key":"Art of War"},{"floor":9.0,"key":"Anchor"}],"event_choices":[{"cards_removed":["Strike_R"],"damage_healed":0.0,"max_hp_gain":0.0,"max_hp_loss":0.0,"gold_gain":0.0,"event_name":"Purifier","player_choice":"Purged","floor":3.0,"gold_loss":0.0,"damage_taken":0.0},{"damage_healed":0.0,"max_hp_gain":0.0,"max_hp_loss":0.0,"gold_gain":0.0,"event_name":"Lab","player_choice":"Got Potions","floor":11.0,"gold_loss":0.0,"damage_taken":0.0}],"is_beta":false,"boss_relics":[],"items_purged_floors":[2],"is_endless":false,"potions_floor_spawned":[1,12,14],"killed_by":"Hexaghost","ascension_level":20}