{"gold_per_floor":[110,134,147,166,62,94,109,109,109,136,136,136],"floor_reached":12,"playtime":312,"items_purged":["Defend_B"],"score":176,"play_id":"5ab14aca-6709-4bb0-acc5-bf7e4608ecc4","local_time":"20190223135218","is_ascension_mode":true,"campfire_choices":[{"floor":8,"key":"REST"}],"neow_cost":"NONE","seed_source_timestamp":266622530876800,"circlet_count":0,"master_deck":["AscendersBane","Strike_B","Strike_B","Strike_B","Strike_B","Defend_B","Defend_B","Defend_B","Zap","Dualcast","Cold Snap","Fission","Cold Snap","Buffer"],"relics":["Cracked Core","NeowsBlessing","Smiling Mask","Ginger","Bronze Scales","Bag of Marbles","Golden Idol"],"potions_floor_usage":[6,6,10],"damage_taken":[{"damage":0,"enemies":"Cultist","floor":1,"turns":1},{"damage":0,"enemies":"Jaw Worm","floor":3,"turns":1},{"damage":0,"enemies":"2 Louse","floor":4,"turns":1},{"damage":14,"enemies":"3 Sentries","floor":6,"turns":6},{"damage":32,"enemies":"Large Slime","floor":7,"turns":6},{"damage":19,"enemies":"Gremlin Nob","floor":10,"turns":4},{"damage":21,"enemies":"Lagavulin","floor":12,"turns":7}],"seed_played":"7222080917682399370","potions_obtained":[{"floor":1,"key":"Explosive Potion"},{"floor":3,"key":"Ancient Potion"},{"floor":6,"key":"SneckoOil"},{"floor":7,"key":"Ancient Potion"}],"is_trial":false,"path_per_floor":["M","T","M","M","$","E","M","R","T","E","?","E"],"character_chosen":"DEFECT","items_purchased":["Fire Potion"],"campfire_rested":1,"item_purchase_floors":[5],"current_hp_per_floor":[64,64,64,64,64,50,18,39,39,20,20,0],"gold":136,"neow_bonus":"THREE_ENEMY_KILL","is_prod":false,"is_daily":false,"chose_seed":false,"campfire_upgraded":0,"win_rate":0,"timestamp":1550897538,"path_taken":["M","?","M","?","$","E","M","R","T","E","?","E"],"build_version":"2019-01-23","purchased_purges":1,"victory":false,"max_hp_per_floor":[71,71,71,71,71,71,71,71,71,71,64,64],"card_choices":[{"not_picked":["Undo","Barrage"],"picked":"Cold Snap","floor":1},{"not_picked":["Hologram","Go for the Eyes","Ball Lightning"],"picked":"SKIP","floor":3},{"not_picked":["Reinforced Body","Doom and Gloom","Leap"],"picked":"SKIP","floor":4},{"not_picked":["Leap","Steam"],"picked":"Fission","floor":6},{"not_picked":["BootSequence","Go for the Eyes"],"picked":"Cold Snap","floor":7},{"not_picked":["Heatsinks","Streamline"],"picked":"Buffer","floor":10}],"player_experience":1770719,"relics_obtained":[{"floor":2,"key":"Smiling Mask"},{"floor":6,"key":"Ginger"},{"floor":9,"key":"Bronze Scales"},{"floor":10,"key":"Bag of Marbles"}],"event_choices":[{"damage_healed":0,"gold_gain":0,"player_choice":"Lose Max HP","damage_taken":0,"relics_obtained":["Golden Idol"],"max_hp_gain":0,"max_hp_loss":7,"event_name":"Golden Idol","floor":11,"gold_loss":0}],"is_beta":false,"boss_relics":[],"items_purged_floors":[5],"is_endless":false,"potions_floor_spawned":[1,3,6,7],"killed_by":"Lagavulin","ascension_level":20}