{"gold_per_floor":[116,116,134,7,26,26,26,37,88,114,114,124,124,143,143,217,217,236,264,281,295,133,133,133,144,171,88,98,98,98,98,98,172,172,186,203,251,251,251,251,269,286,286,286,296,316,331,341,341,341],"floor_reached":51,"playtime":3568,"items_purged":[],"score":1386,"play_id":"50382636-c6c8-4aae-be22-106d11df5024","local_time":"20190111160401","is_ascension_mode":true,"campfire_choices":[{"data":"Noxious Fumes","floor":6.0,"key":"SMITH"},{"data":"After Image","floor":11.0,"key":"SMITH"},{"data":"Neutralize","floor":13.0,"key":"SMITH"},{"data":"Bouncing Flask","floor":15.0,"key":"SMITH"},{"data":"Venomology","floor":23.0,"key":"SMITH"},{"data":"Catalyst","floor":30.0,"key":"SMITH"},{"data":"Glass Knife","floor":32.0,"key":"SMITH"},{"data":"Burst","floor":40.0,"key":"SMITH"},{"floor":44.0,"key":"REST"},{"floor":49,"key":"REST"}],"neow_cost":"NONE","seed_source_timestamp":499510114682773,"circlet_count":0,"master_deck":["AscendersBane","Defend_G","Defend_G","Defend_G","Defend_G","Defend_G","Strike_G","Strike_G","Strike_G","Strike_G","Strike_G","Survivor","Neutralize+1","Burst+1","Dagger Throw","Noxious Fumes+1","Crippling Poison","Bouncing Flask+1","After Image+1","Backflip","Glass Knife+1","Bane+1","PiercingWail","Dodge and Roll+1","Tactician","Venomology+1","Calculated Gamble","Concentrate","Catalyst+1","Corpse Explosion","Flash of Steel","PiercingWail","Outmaneuver+1"],"special_seed":0,"relics":["Ring of the Snake","Pen Nib","Dream Catcher","Runic Pyramid","Red Mask","Bag of Marbles","Bronze Scales","Busted Crown","Torii","Centennial Puzzle"],"potions_floor_usage":[48,50,50,50],"damage_taken":[{"damage":33.0,"enemies":"Jaw Worm","floor":1.0,"turns":11.0},{"damage":3.0,"enemies":"Small Slimes","floor":3.0,"turns":3.0},{"damage":1.0,"enemies":"2 Louse","floor":5.0,"turns":3.0},{"damage":3.0,"enemies":"Exordium Wildlife","floor":8.0,"turns":4.0},{"damage":16.0,"enemies":"Lagavulin","floor":10.0,"turns":6.0},{"damage":1.0,"enemies":"Blue Slaver","floor":12.0,"turns":4.0},{"damage":7.0,"enemies":"Looter","floor":14.0,"turns":4.0},{"damage":4.0,"enemies":"Hexaghost","floor":16.0,"turns":9.0},{"damage":4.0,"enemies":"Shell Parasite","floor":18.0,"turns":8.0},{"damage":21.0,"enemies":"Masked Bandits","floor":19.0,"turns":4.0},{"damage":4.0,"enemies":"Spheric Guardian","floor":20.0,"turns":5.0},{"damage":0.0,"enemies":"Centurion and Healer","floor":21.0,"turns":8.0},{"damage":9.0,"enemies":"Gremlin Leader","floor":24.0,"turns":6.0},{"damage":8.0,"enemies":"Shelled Parasite and Fungi","floor":25.0,"turns":6.0},{"damage":5.0,"enemies":"Snake Plant","floor":28.0,"turns":5.0},{"damage":0.0,"enemies":"Automaton","floor":33.0,"turns":6.0},{"damage":0.0,"enemies":"3 Darklings","floor":35.0,"turns":4.0},{"damage":0.0,"enemies":"3 Shapes","floor":36.0,"turns":4.0},{"damage":10.0,"enemies":"2 Orb Walkers","floor":37.0,"turns":4.0},{"damage":8.0,"enemies":"Spire Growth","floor":41.0,"turns":4.0},{"damage":14.0,"enemies":"4 Shapes","floor":42.0,"turns":3.0},{"damage":9.0,"enemies":"Transient","floor":45.0,"turns":6.0},{"damage":0.0,"enemies":"Maw","floor":46.0,"turns":3.0},{"damage":7.0,"enemies":"Sphere and 2 Shapes","floor":47.0,"turns":4.0},{"damage":9,"enemies":"Transient","floor":48,"turns":6},{"damage":21,"enemies":"Donu and Deca","floor":50,"turns":5}],"seed_played":"2505795012169198433","potions_obtained":[{"floor":5.0,"key":"SteroidPotion"},{"floor":12.0,"key":"Explosive Potion"},{"floor":14.0,"key":"SpeedPotion"},{"floor":19.0,"key":"SpeedPotion"},{"floor":25.0,"key":"PowerPotion"},{"floor":37.0,"key":"Block Potion"},{"floor":41.0,"key":"Fire Potion"},{"floor":46.0,"key":"Energy Potion"}],"is_trial":false,"path_per_floor":["M","?","M","$","M","R","?","M","T","E","R","M","R","M","R","B",null,"M","?","M","M","$","R","E","M","T","$","M","?","R","T","R","B",null,"M","M","?","?","?","R","M","M","T","R","M","M","M","M","R","B",null],"character_chosen":"THE_SILENT","items_purchased":["Noxious Fumes","Crippling Poison","Venomology","Calculated Gamble","Regen Potion"],"campfire_rested":2,"item_purchase_floors":[4,4,22,22,27],"current_hp_per_floor":[26,48,45,45,44,44,44,41,41,25,25,24,24,17,17,13,53,49,28,24,24,24,24,15,7,7,7,17,30,30,30,30,30,57,57,57,47,47,47,47,39,37,37,56,47,47,40,31,50,29],"gold":341,"neow_bonus":"ONE_RANDOM_RARE_CARD","is_prod":false,"is_daily":false,"chose_seed":false,"campfire_upgraded":8,"win_rate":0,"timestamp":1547193841,"path_taken":["M","?","M","?","M","R","?","M","T","E","R","M","R","M","R","BOSS","M","?","M","M","$","R","E","M","T","$","M","?","R","?","R","BOSS","M","M","?","?","?","R","M","M","T","R","M","M","?","M","R","BOSS"],"build_version":"2019-01-10","purchased_purges":0,"victory":true,"max_hp_per_floor":[66,66,66,66,66,66,66,66,66,66,66,66,66,66,66,66,66,66,66,66,66,66,66,66,66,66,66,66,66,66,66,66,66,66,66,66,66,66,66,66,66,66,66,66,66,66,66,66,66,66],"card_choices":[{"not_picked":["Calculated Gamble","Quick Slash"],"picked":"Dagger Throw","floor":1.0},{"not_picked":["Endless Agony","Slice","Deflect"],"picked":"SKIP","floor":3.0},{"not_picked":["Dagger Spray","Concentrate","Acrobatics"],"picked":"SKIP","floor":5.0},{"not_picked":["Backflip","Setup"],"picked":"Bouncing Flask","floor":8.0},{"not_picked":["Leg Sweep","Deflect"],"picked":"After Image","floor":10.0},{"not_picked":["All Out Attack","Skewer","Crippling Poison"],"picked":"SKIP","floor":12.0},{"not_picked":["Endless Agony","Dagger Spray"],"picked":"Backflip","floor":14.0},{"not_picked":["Night Terror","Die Die Die"],"picked":"Glass Knife","floor":16.0},{"not_picked":["Dagger Spray","Poisoned Stab"],"picked":"Bane+1","floor":18.0},{"not_picked":["Quick Slash","Skewer+1"],"picked":"PiercingWail","floor":19.0},{"not_picked":["Dagger Spray","Poisoned Stab+1"],"picked":"Dodge and Roll+1","floor":20.0},{"not_picked":["Dodge and Roll","Underhanded Strike"],"picked":"Tactician","floor":21.0},{"not_picked":["Masterful Stab","Prepared"],"picked":"Concentrate","floor":25.0},{"not_picked":["Quick Slash","Dodge and Roll"],"picked":"Catalyst","floor":28.0},{"not_picked":["Burst","Malaise"],"picked":"Corpse Explosion","floor":33.0},{"not_picked":["Deadly Poison"],"picked":"SKIP","floor":35.0},{"not_picked":["Dagger Throw+1"],"picked":"SKIP","floor":36.0},{"not_picked":[],"picked":"Flash of Steel","floor":38.0},{"not_picked":["Slice"],"picked":"SKIP","floor":41.0},{"not_picked":["Cloak And Dagger+1"],"picked":"SKIP","floor":42.0},{"not_picked":["Sucker Punch"],"picked":"SKIP","floor":45.0},{"not_picked":[],"picked":"PiercingWail","floor":46.0},{"not_picked":["Dagger Throw"],"picked":"SKIP","floor":47.0},{"not_picked":[],"picked":"Outmaneuver+1","floor":48}],"player_experience":703917,"relics_obtained":[{"floor":9.0,"key":"Pen Nib"},{"floor":10.0,"key":"Dream Catcher"},{"floor":19.0,"key":"Red Mask"},{"floor":26.0,"key":"Bag of Marbles"},{"floor":31.0,"key":"Bronze Scales"},{"floor":37.0,"key":"Torii"},{"floor":43.0,"key":"Centennial Puzzle"}],"event_choices":[{"damage_healed":22.0,"max_hp_gain":0.0,"max_hp_loss":0.0,"gold_gain":0.0,"event_name":"Big Fish","player_choice":"Banana","floor":2.0,"gold_loss":0.0,"damage_taken":0.0},{"damage_healed":0.0,"max_hp_gain":0.0,"max_hp_loss":0.0,"gold_gain":0.0,"event_name":"Liars Game","player_choice":"Ignored","floor":7.0,"gold_loss":0.0,"damage_taken":0.0},{"damage_healed":0.0,"max_hp_gain":0.0,"max_hp_loss":0.0,"gold_gain":0.0,"event_name":"Masked Bandits","player_choice":"Fought Bandits","floor":19.0,"gold_loss":0.0,"damage_taken":0.0},{"damage_healed":13.0,"max_hp_gain":0.0,"max_hp_loss":0.0,"gold_gain":0.0,"event_name":"The Library","player_choice":"Heal","floor":29.0,"gold_loss":0.0,"damage_taken":0.0},{"damage_healed":0.0,"max_hp_gain":0.0,"max_hp_loss":0.0,"gold_gain":0.0,"event_name":"Mysterious Sphere","player_choice":"Fight","floor":37.0,"gold_loss":0.0,"damage_taken":0.0},{"damage_healed":0.0,"max_hp_gain":0.0,"max_hp_loss":0.0,"gold_gain":0.0,"event_name":"SensoryStone","player_choice":"Memory 1","floor":38.0,"gold_loss":0.0,"damage_taken":0.0},{"damage_healed":0.0,"max_hp_gain":0.0,"max_hp_loss":0.0,"gold_gain":0.0,"event_name":"Match and Keep!","player_choice":"0 cards matched","floor":39.0,"gold_loss":0.0,"damage_taken":0.0,"cards_obtained":[]}],"is_beta":true,"boss_relics":[{"not_picked":["White Beast Statue","Eternal Feather"],"picked":"Runic Pyramid"},{"not_picked":["Runic Dome","Ring of the Serpent"],"picked":"Busted Crown"}],"items_purged_floors":[],"is_endless":false,"potions_floor_spawned":[5,12,14,16,19,24,25,37,41,45,46,47],"ascension_level":19}