{"path_per_floor":["M","?","$","M","$","R","M","R","T","?","M","E","M","M","R","B",null,"M","?","M","$","M","R","E","$","T","R","$","?","M","M","R"],"character_chosen":"IRONCLAD","items_purchased":["Purity","Dropkick"],"gold_per_floor":[118,68,68,82,82,82,102,102,102,102,112,144,159,171,171,267,267,280,280,296,114,124,124,158,84,84,84,84,9,20,33,33],"floor_reached":33,"campfire_rested":2,"playtime":1527,"current_hp_per_floor":[68,68,68,74,74,74,80,80,80,80,80,73,79,77,77,43,71,80,80,80,80,63,80,66,66,66,66,66,66,59,46,70],"items_purged":["Strike_R"],"gold":33,"score":360,"play_id":"ae0eb194-7bf9-4272-bb7d-618e71fe1be6","local_time":"20180322203102","is_prod":false,"is_daily":false,"is_ascension_mode":true,"campfire_upgraded":4,"timestamp":1521743462,"path_taken":["M","?","$","M","$","R","?","R","T","?","M","E","?","M","R","BOSS","M","?","M","$","?","R","E","?","T","R","$","?","M","M","R","BOSS"],"build_version":"2018-03-15v3","purchased_purges":1,"victory":false,"master_deck":["Strike_R","Strike_R+1","Defend_R","Defend_R","Defend_R","Bash+1","Clash+1","Infernal Blade+1","Rage+1","Clash","Dropkick+1","Thunderclap","Purity","Dropkick"],"max_hp_per_floor":[80,80,80,80,80,80,80,80,80,80,80,80,80,80,80,80,80,80,80,80,80,80,80,80,80,80,80,80,80,80,80,80],"relics":["Burning Blood","Whetstone","Gremlin Horn","White Beast Statue","Ornamental Fan","Dodecahedron"],"card_choices":[{"not_picked":["Burning Pact","Warcry"],"picked":"Clash"},{"not_picked":["Seeing Red","Evolve"],"picked":"Infernal Blade"},{"not_picked":["Flame Barrier","Hemokinesis"],"picked":"Rage"},{"not_picked":["Ghostly Armor","Perfected Strike"],"picked":"Clash"},{"not_picked":["Dark Embrace","Armaments"],"picked":"Dropkick"},{"not_picked":["Whirlwind","Disarm"],"picked":"Thunderclap"}],"player_experience":308209,"potions_floor_usage":[14,16,18,22,22,24,30,31,31,33],"damage_taken":[{"damage":10,"enemies":"Small Slimes","floor":1,"turns":4},{"damage":0,"enemies":"2 Louse","floor":4,"turns":2},{"damage":0,"enemies":"Cultist","floor":7,"turns":3},{"damage":0,"enemies":"3 Louse","floor":11,"turns":3},{"damage":13,"enemies":"3 Sentries","floor":12,"turns":7},{"damage":0,"enemies":"Lots of Slimes","floor":13,"turns":2},{"damage":8,"enemies":"Blue Slaver","floor":14,"turns":2},{"damage":40,"enemies":"The Guardian","floor":16,"turns":7},{"damage":0,"enemies":"Chosen","floor":18,"turns":4},{"damage":0,"enemies":"Spheric Guardian","floor":20,"turns":3},{"damage":23,"enemies":"Snake Plant","floor":22,"turns":4},{"damage":20,"enemies":"Slavers","floor":24,"turns":5},{"damage":13,"enemies":"Chosen and Byrds","floor":30,"turns":5},{"damage":19,"enemies":"Centurion and Healer","floor":31,"turns":4},{"damage":74,"enemies":"Champ","floor":33,"turns":7}],"event_choices":[{"event_name":"The Cleric","player_choice":"Card Removal","floor":2,"damage_taken":0},{"event_name":"Bonfire Elementals","player_choice":"BASIC","floor":10,"damage_taken":0},{"event_name":"Vampires","player_choice":"Ignored","floor":19,"damage_taken":0},{"event_name":"Beggar","player_choice":"Gave Gold","floor":29,"damage_taken":0}],"boss_relics":[{"not_picked":["Black Blood","Runic Pyramid"],"picked":"White Beast Statue"}],"potions_floor_spawned":[1,7,11,16,18,20,22,24,30,31],"seed_played":"-5720382575185294243","killed_by":"Champ","ascension_level":7,"is_trial":false}