{"gold_per_floor":[117,117,136,136,152,180,180,208,208,208,243,253,253,267,267,370,370,386,62,81,94,94,94,107,139,139,153,163,8,8,21,21,122,122,141,141,157,205,3,3,15,50,50,15,25,25],"floor_reached":46,"playtime":2732,"items_purged":[],"score":917,"play_id":"e0a7bf2f-9081-4afb-90b4-a6cf53e5f5ad","local_time":"20180908162742","is_ascension_mode":true,"campfire_choices":[{"floor":7.0,"key":"REST"},{"floor":10.0,"key":"REST"},{"floor":15.0,"key":"REST"},{"floor":23.0,"key":"REST"},{"floor":30,"key":"REST"},{"floor":32,"key":"REST"},{"data":"Storm","floor":40,"key":"SMITH"}],"neow_cost":"","seed_source_timestamp":2065082074195293,"circlet_count":0,"master_deck":["Strike_B","Strike_B","Strike_B","Strike_B","Defend_B+1","Defend_B","Defend_B","Defend_B","Zap+1","Dualcast","AscendersBane","Ball Lightning","Capacitor","FTL","Heatsinks","Defragment","Rainbow","Static Discharge","Buffer","Doom and Gloom","Loop","Double Energy+1","Force Field","Storm","Melter+1","Seek","Electrodynamics","Coolheaded","Aggregate","Machine Learning","Storm+1","Heatsinks","Fission","Capacitor","Buffer","Ball Lightning","Chaos","Auto Shields","Rainbow","Reboot","Auto Shields"],"special_seed":0,"relics":["Cracked Core","Kunai","Thread and Needle","Mango","Unceasing Top","Art of War","Orrery","Cables","Blood Vial","War Paint","Mercury Hourglass","Eternal Feather","Ice Cream","Lee\u0027s Waffle","Pantograph","Singing Bowl"],"potions_floor_usage":[28,37,38,42],"damage_taken":[{"damage":0.0,"enemies":"Cultist","floor":1.0,"turns":3.0},{"damage":0.0,"enemies":"2 Louse","floor":3.0,"turns":2.0},{"damage":0.0,"enemies":"Small Slimes","floor":5.0,"turns":2.0},{"damage":18.0,"enemies":"Lagavulin","floor":6.0,"turns":5.0},{"damage":32.0,"enemies":"Gremlin Nob","floor":8.0,"turns":4.0},{"damage":21.0,"enemies":"Lagavulin","floor":11.0,"turns":5.0},{"damage":8.0,"enemies":"Blue Slaver","floor":12.0,"turns":3.0},{"damage":0.0,"enemies":"2 Fungi Beasts","floor":14.0,"turns":2.0},{"damage":0.0,"enemies":"Slime Boss","floor":16.0,"turns":7.0},{"damage":8.0,"enemies":"Chosen","floor":18.0,"turns":3.0},{"damage":9.0,"enemies":"Shell Parasite","floor":20.0,"turns":4.0},{"damage":20.0,"enemies":"Centurion and Healer","floor":21.0,"turns":4.0},{"damage":6.0,"enemies":"Snake Plant","floor":24.0,"turns":3.0},{"damage":51.0,"enemies":"Gremlin Leader","floor":25.0,"turns":6.0},{"damage":4,"enemies":"3 Cultists","floor":27,"turns":4},{"damage":0,"enemies":"Cultist and Chosen","floor":28,"turns":4},{"damage":20,"enemies":"Chosen and Byrds","floor":31,"turns":5},{"damage":29,"enemies":"Collector","floor":33,"turns":6},{"damage":6,"enemies":"Orb Walker","floor":35,"turns":3},{"damage":25,"enemies":"3 Darklings","floor":37,"turns":3},{"damage":52,"enemies":"Mysterious Sphere","floor":38,"turns":3},{"damage":23,"enemies":"Reptomancer","floor":41,"turns":4},{"damage":67,"enemies":"Nemesis","floor":42,"turns":6},{"damage":11,"enemies":"Sphere and 2 Shapes","floor":45,"turns":4},{"damage":24,"enemies":"Giant Head","floor":46,"turns":5}],"seed_played":"2709935664376027132","potions_obtained":[{"floor":3.0,"key":"EssenceOfSteel"},{"floor":11.0,"key":"PowerPotion"},{"floor":12.0,"key":"SteroidPotion"},{"floor":20.0,"key":"Fruit Juice"},{"floor":21.0,"key":"FearPotion"},{"floor":25.0,"key":"EssenceOfSteel"},{"floor":33,"key":"EssenceOfSteel"},{"floor":37,"key":"Energy Potion"},{"floor":41,"key":"Swift Potion"},{"floor":42,"key":"SteroidPotion"}],"is_trial":false,"path_per_floor":["M","?","M","?","M","E","R","E","T","R","E","M","T","M","R","B",null,"M","$","M","M","?","R","M","E","T","M","M","$","R","M","R","B",null,"M","?","M","?","$","R","M","E","T","$","M"],"character_chosen":"DEFECT","items_purchased":["Seek","Cables","Fission","Lee\u0027s Waffle","Auto Shields"],"campfire_rested":6,"item_purchase_floors":[19,19,29,39,44],"current_hp_per_floor":[68,68,68,68,68,50,72,40,54,80,59,51,51,51,77,77,86,78,78,69,54,54,82,78,29,29,27,29,29,57,39,67,40,81,77,77,54,4,101,101,78,13,13,13,6,0],"gold":25,"neow_bonus":"","is_prod":false,"is_daily":false,"chose_seed":false,"campfire_upgraded":1,"win_rate":0,"timestamp":1536413262,"path_taken":["M","?","?","?","M","E","R","E","T","R","E","M","?","M","R","BOSS","M","$","M","M","?","R","M","E","T","M","M","$","R","M","R","BOSS","M","?","?","?","$","R","M","E","T","?","M","E"],"build_version":"2018-09-06","purchased_purges":0,"victory":false,"max_hp_per_floor":[75,75,75,75,75,75,75,75,89,89,89,89,89,89,89,89,89,89,89,89,94,94,94,94,94,94,94,94,94,94,94,94,94,94,94,94,94,94,101,101,101,101,101,101,103,103],"card_choices":[{"not_picked":["Beam Cell","Coolheaded"],"picked":"Ball Lightning","floor":1.0},{"not_picked":["BootSequence","Double Energy"],"picked":"Ball Lightning","floor":3.0},{"not_picked":["Conserve Battery","Barrage"],"picked":"Capacitor","floor":5.0},{"not_picked":["Compile Driver","Cold Snap"],"picked":"FTL","floor":6.0},{"not_picked":["Tempest","Conserve Battery"],"picked":"Heatsinks","floor":8.0},{"not_picked":["Seek","Beam Cell"],"picked":"Defragment","floor":11.0},{"not_picked":["Sweeping Beam","Steam"],"picked":"Rainbow","floor":12.0},{"not_picked":["Rip and Tear","Gash"],"picked":"Static Discharge","floor":14.0},{"not_picked":["Core Surge","Thunder Strike"],"picked":"Buffer","floor":16.0},{"not_picked":["Consume","Turbo"],"picked":"Doom and Gloom","floor":17.0},{"not_picked":["Redo","Sweeping Beam"],"picked":"Loop","floor":17.0},{"not_picked":["Streamline","Compile Driver"],"picked":"Double Energy","floor":17.0},{"not_picked":["Stack","Steam"],"picked":"Force Field","floor":17.0},{"not_picked":["Go for the Eyes","Hello World"],"picked":"Storm","floor":17.0},{"not_picked":["Hologram","Aggregate"],"picked":"Melter+1","floor":18.0},{"not_picked":["Steam","Rebound"],"picked":"Electrodynamics","floor":20.0},{"not_picked":["Gash","Streamline"],"picked":"Coolheaded","floor":21.0},{"not_picked":["Rip and Tear","Steam"],"picked":"Aggregate","floor":24.0},{"not_picked":["Tempest+1","Leap"],"picked":"Machine Learning","floor":25.0},{"not_picked":["Hologram","Skim"],"picked":"Storm","floor":27},{"not_picked":["Reinforced Body","Double Energy"],"picked":"Heatsinks","floor":28},{"not_picked":["Glacier","Melter"],"picked":"Capacitor","floor":31},{"not_picked":["Meteor Strike","All For One"],"picked":"Buffer","floor":33},{"not_picked":["Genetic Algorithm","Stack+1"],"picked":"Ball Lightning","floor":35},{"not_picked":["Cold Snap","Hologram"],"picked":"Chaos","floor":37},{"not_picked":["Stack","Darkness"],"picked":"Auto Shields","floor":38},{"not_picked":["Redo+1","BootSequence"],"picked":"Rainbow","floor":41},{"not_picked":["Tempest","Conserve Battery+1"],"picked":"Reboot","floor":42},{"not_picked":["Cold Snap","Hologram","Double Energy+1"],"picked":"Singing Bowl","floor":45}],"player_experience":692244,"relics_obtained":[{"floor":6.0,"key":"Kunai"},{"floor":8.0,"key":"Thread and Needle"},{"floor":9.0,"key":"Mango"},{"floor":11.0,"key":"Unceasing Top"},{"floor":13.0,"key":"Art of War"},{"floor":22.0,"key":"Blood Vial"},{"floor":25.0,"key":"War Paint"},{"floor":26.0,"key":"Mercury Hourglass"},{"floor":38,"key":"Ice Cream"},{"floor":42,"key":"Pantograph"},{"floor":43,"key":"Singing Bowl"}],"event_choices":[{"event_name":"Living Wall","player_choice":"Grow","floor":2.0,"damage_taken":0.0},{"event_name":"Liars Game","player_choice":"disagreed","floor":4.0,"damage_taken":0.0},{"event_name":"Wheel of Change","player_choice":"Relic","floor":22.0,"damage_taken":0.0},{"event_name":"Falling","player_choice":"Removed Attack","floor":36,"damage_taken":0},{"event_name":"Mysterious Sphere","player_choice":"Fight","floor":38,"damage_taken":0}],"is_beta":false,"boss_relics":[{"not_picked":["Ectoplasm","Pandora\u0027s Box"],"picked":"Orrery"},{"not_picked":["Calling Bell","Runic Pyramid"],"picked":"Eternal Feather"}],"items_purged_floors":[],"is_endless":false,"potions_floor_spawned":[3,11,12,20,21,25,27,33,37,41,42],"killed_by":"Giant Head","ascension_level":12}