{"gold_per_floor":[111,111,23,37,37,37,61,136,161,86,154,170,170,195,195,195],"floor_reached":16,"playtime":379,"items_purged":["Doubt"],"score":180,"play_id":"a0250288-a666-44db-93e2-bc29c085d2ff","local_time":"20190221225418","is_ascension_mode":true,"campfire_choices":[{"data":"Zap","floor":6,"key":"SMITH"},{"floor":13,"key":"REST"},{"data":"Defragment","floor":15,"key":"SMITH"}],"neow_cost":"NONE","seed_source_timestamp":126274825299000,"circlet_count":0,"master_deck":["AscendersBane","Strike_B","Strike_B","Strike_B","Strike_B","Defend_B","Defend_B","Defend_B","Defend_B","Zap+1","Dualcast","Parasite","Clumsy","BootSequence","Electrodynamics","Self Repair","Creative AI","Defragment+1"],"relics":["Calling Bell","DataDisk","Letter Opener","Thread and Needle","Golden Idol","Bronze Scales","Mercury Hourglass"],"potions_floor_usage":[14,16],"damage_taken":[{"damage":7,"enemies":"Jaw Worm","floor":1,"turns":4},{"damage":3,"enemies":"2 Louse","floor":4,"turns":4},{"damage":0,"enemies":"Small Slimes","floor":7,"turns":2},{"damage":40,"enemies":"Lagavulin Event","floor":11,"turns":6},{"damage":0,"enemies":"Looter","floor":12,"turns":2},{"damage":9,"enemies":"Exordium Thugs","floor":14,"turns":4},{"damage":34,"enemies":"Slime Boss","floor":16,"turns":3}],"seed_played":"-4674042625104220352","potions_obtained":[{"floor":11,"key":"SpeedPotion"},{"floor":12,"key":"Energy Potion"}],"is_trial":false,"path_per_floor":["M","?","$","M","?","R","M","?","T","$","?","M","R","M","R","B"],"character_chosen":"DEFECT","items_purchased":["Electrodynamics"],"campfire_rested":1,"item_purchase_floors":[3],"current_hp_per_floor":[57,57,57,54,54,54,54,43,43,43,3,3,22,20,20,0],"gold":195,"neow_bonus":"BOSS_RELIC","is_prod":false,"is_daily":false,"chose_seed":false,"campfire_upgraded":2,"win_rate":0,"timestamp":1550757258,"path_taken":["M","?","$","M","?","R","M","?","T","?","?","M","R","?","R","BOSS"],"build_version":"2019-01-23","purchased_purges":1,"victory":false,"max_hp_per_floor":[71,71,71,71,64,64,64,64,64,64,64,64,64,64,64,64],"card_choices":[{"not_picked":["Sweeping Beam","Aggregate"],"picked":"BootSequence","floor":1},{"not_picked":["Skim","Turbo","Darkness"],"picked":"SKIP","floor":4},{"not_picked":["Gash","Steam Power","Conserve Battery"],"picked":"SKIP","floor":7},{"not_picked":["Hologram","Compile Driver"],"picked":"Self Repair","floor":11},{"not_picked":["Barrage","Sunder"],"picked":"Creative AI","floor":12},{"not_picked":["Go for the Eyes","Coolheaded"],"picked":"Defragment","floor":14}],"player_experience":1713252,"relics_obtained":[{"floor":0,"key":"DataDisk"},{"floor":0,"key":"Letter Opener"},{"floor":0,"key":"Thread and Needle"},{"floor":9,"key":"Bronze Scales"},{"floor":11,"key":"Mercury Hourglass"}],"event_choices":[{"damage_healed":0,"gold_gain":0,"player_choice":"Ignored","damage_taken":0,"max_hp_gain":0,"max_hp_loss":0,"event_name":"Liars Game","floor":2,"gold_loss":0},{"damage_healed":0,"gold_gain":0,"player_choice":"Lose Max HP","damage_taken":0,"relics_obtained":["Golden Idol"],"max_hp_gain":0,"max_hp_loss":7,"event_name":"Golden Idol","floor":5,"gold_loss":0},{"damage_healed":0,"gold_gain":75,"player_choice":"Gather Gold","damage_taken":11,"max_hp_gain":0,"max_hp_loss":0,"event_name":"World of Goop","floor":8,"gold_loss":0},{"damage_healed":0,"gold_gain":30,"player_choice":"Searched \u00272\u0027 times","damage_taken":0,"max_hp_gain":0,"max_hp_loss":0,"event_name":"Dead Adventurer","floor":11,"gold_loss":0}],"is_beta":false,"boss_relics":[],"items_purged_floors":[10],"is_endless":false,"potions_floor_spawned":[11,12],"killed_by":"Slime Boss","ascension_level":20}