{"gold_per_floor":[116,116,129,129,129,129,160,160,184,219,233,233,244,255,255,255],"floor_reached":16,"playtime":583,"items_purged":[],"score":193,"play_id":"7aa5b5da-3363-48ef-8513-d05d81765cc6","local_time":"20181124200544","is_ascension_mode":true,"campfire_choices":[{"floor":6,"key":"REST"},{"floor":8,"key":"REST"},{"floor":12,"key":"REST"},{"floor":15,"key":"REST"}],"neow_cost":"NONE","seed_source_timestamp":27116413866673,"circlet_count":0,"master_deck":["AscendersBane","Strike_B","Strike_B","Strike_B","Strike_B","Defend_B+1","Defend_B","Defend_B","Defend_B","Zap","Dualcast","Ball Lightning","Force Field+1","Electrodynamics","Conserve Battery","Redo"],"relics":["Cracked Core","Symbiotic Virus","Juzu Bracelet","Art of War","Centennial Puzzle"],"potions_floor_usage":[14],"damage_taken":[{"damage":0,"enemies":"2 Louse","floor":1,"turns":2},{"damage":0,"enemies":"Jaw Worm","floor":3,"turns":3},{"damage":28,"enemies":"Gremlin Nob","floor":7,"turns":4},{"damage":15,"enemies":"3 Sentries","floor":10,"turns":4},{"damage":0,"enemies":"Small Slimes","floor":11,"turns":2},{"damage":11,"enemies":"Looter","floor":13,"turns":2},{"damage":16,"enemies":"Lots of Slimes","floor":14,"turns":3},{"damage":77,"enemies":"Hexaghost","floor":16,"turns":11}],"seed_played":"-2468540265759533888","potions_obtained":[{"floor":7,"key":"LiquidBronze"},{"floor":10,"key":"PowerPotion"}],"is_trial":false,"path_per_floor":["M","?","M","?","T","R","E","R","T","E","M","R","M","M","R","B"],"character_chosen":"DEFECT","items_purchased":[],"campfire_rested":4,"item_purchase_floors":[],"current_hp_per_floor":[71,71,71,48,48,71,43,66,66,51,51,74,63,47,70,0],"gold":255,"neow_bonus":"TEN_PERCENT_HP_BONUS","is_prod":false,"is_daily":false,"chose_seed":false,"campfire_upgraded":0,"win_rate":0,"timestamp":1543082744,"path_taken":["M","?","M","?","?","R","E","R","T","E","M","R","M","M","R","BOSS"],"build_version":"2018-11-15","purchased_purges":0,"victory":false,"max_hp_per_floor":[78,78,78,78,78,78,78,78,78,78,78,78,78,78,78,78],"card_choices":[{"not_picked":["Barrage","Undo"],"picked":"Ball Lightning","floor":1},{"not_picked":["Stack","Gash"],"picked":"Force Field","floor":3},{"not_picked":["Undo","Doom and Gloom"],"picked":"Electrodynamics","floor":7},{"not_picked":["Darkness","Rebound"],"picked":"Conserve Battery","floor":10},{"not_picked":["Rebound","Skim","Aggregate"],"picked":"SKIP","floor":11},{"not_picked":["Gash","Melter"],"picked":"Redo","floor":13},{"not_picked":["Turbo","Consume","Gash"],"picked":"SKIP","floor":14}],"player_experience":784078,"relics_obtained":[{"floor":5,"key":"Symbiotic Virus"},{"floor":7,"key":"Juzu Bracelet"},{"floor":9,"key":"Art of War"},{"floor":10,"key":"Centennial Puzzle"}],"event_choices":[{"damage_healed":0,"gold_gain":0,"player_choice":"Ignored","damage_taken":0,"max_hp_gain":0,"max_hp_loss":0,"event_name":"Golden Idol","floor":2,"gold_loss":0},{"damage_healed":0,"gold_gain":0,"player_choice":"Entered Light","damage_taken":23,"max_hp_gain":0,"max_hp_loss":0,"event_name":"Shining Light","floor":4,"gold_loss":0,"cards_upgraded":["Defend_B","Force Field"]}],"is_beta":false,"boss_relics":[],"items_purged_floors":[],"is_endless":false,"potions_floor_spawned":[7,10],"killed_by":"Hexaghost","ascension_level":15}