{"gold_per_floor":[110,127,127,177,195,195,230,31,85,85],"floor_reached":10,"playtime":214,"items_purged":[],"score":125,"play_id":"31cfa0a0-11c4-4743-bd3c-674f883623dc","local_time":"20181220125319","is_ascension_mode":true,"campfire_choices":[{"data":"Zap","floor":6,"key":"SMITH"}],"neow_cost":"NONE","seed_source_timestamp":2155622556991780,"circlet_count":0,"master_deck":["AscendersBane","Strike_B","Strike_B","Strike_B","Strike_B","Defend_B","Defend_B","Defend_B","Defend_B","Zap+1","Dualcast","Ball Lightning","Sweeping Beam","FTL","Glacier","Loop"],"relics":["Cracked Core","NeowsBlessing","Oddly Smooth Stone","Potion Belt","DataDisk","Bag of Preparation"],"potions_floor_usage":[],"damage_taken":[{"damage":0,"enemies":"Jaw Worm","floor":1,"turns":1},{"damage":0,"enemies":"2 Louse","floor":2,"turns":1},{"damage":0,"enemies":"Cultist","floor":5,"turns":1},{"damage":42,"enemies":"3 Sentries","floor":7,"turns":6},{"damage":4,"enemies":"Exordium Thugs","floor":10,"turns":1}],"seed_played":"-6813389130210826037","potions_obtained":[{"floor":7,"key":"FocusPotion"}],"is_trial":false,"path_per_floor":["M","M","?","?","M","R","E","$","T","M"],"character_chosen":"DEFECT","items_purchased":["DataDisk","Loop"],"campfire_rested":0,"item_purchase_floors":[8,8],"current_hp_per_floor":[64,64,53,46,46,46,4,4,4,0],"gold":85,"neow_bonus":"THREE_ENEMY_KILL","is_prod":false,"is_daily":false,"chose_seed":false,"campfire_upgraded":1,"win_rate":0,"timestamp":1545281599,"path_taken":["M","M","?","?","M","R","E","$","T","?"],"build_version":"2018-12-17","purchased_purges":0,"victory":false,"max_hp_per_floor":[71,71,71,71,71,71,71,71,71,71],"card_choices":[{"not_picked":["Go for the Eyes","Streamline"],"picked":"Ball Lightning","floor":1},{"not_picked":["Beam Cell","Darkness"],"picked":"Sweeping Beam","floor":2},{"not_picked":["Hologram","Leap"],"picked":"FTL","floor":5},{"not_picked":["Defragment","Rip and Tear"],"picked":"Glacier","floor":7}],"player_experience":649278,"relics_obtained":[{"floor":7,"key":"Potion Belt"},{"floor":9,"key":"Bag of Preparation"}],"event_choices":[{"damage_healed":0,"gold_gain":0,"player_choice":"Success","damage_taken":11,"relics_obtained":["Oddly Smooth Stone"],"max_hp_gain":0,"max_hp_loss":0,"event_name":"Scrap Ooze","floor":3,"gold_loss":0},{"damage_healed":0,"gold_gain":50,"player_choice":"Touch","damage_taken":7,"max_hp_gain":0,"max_hp_loss":0,"event_name":"FaceTrader","floor":4,"gold_loss":0}],"is_beta":true,"boss_relics":[],"items_purged_floors":[],"is_endless":false,"potions_floor_spawned":[7],"killed_by":"Exordium Thugs","ascension_level":18}