{"gold_per_floor":[111,111,9,284,294,323,323,340,340,340,340,374,374,374,374,463,463,488,403,82,95,108,108,129,129,154,179,92,113,138,178,178,276,276,297,297,630,644,300,328,328,361,373,410,422,450,562,591,603,615,627,639,651,444,473,473],"floor_reached":57,"playtime":2670,"items_purged":["Regret","Strike_B","Storm","Storm"],"score":2851,"play_id":"9129c6dd-08ac-4f30-a954-92e93e7a4105","local_time":"20190402203946","is_ascension_mode":true,"campfire_choices":[{"data":"Discovery","floor":7.0,"key":"SMITH"},{"data":"Sunder","floor":10.0,"key":"SMITH"},{"data":"Buffer","floor":13.0,"key":"SMITH"},{"floor":15.0,"key":"REST"},{"data":"Biased Cognition","floor":23.0,"key":"SMITH"},{"data":"Rip and Tear","floor":25.0,"key":"SMITH"},{"data":"Defragment","floor":32,"key":"SMITH"},{"floor":45,"key":"DIG"},{"floor":49,"key":"RECALL"},{"floor":53,"key":"DIG"}],"neow_cost":"NONE","seed_source_timestamp":377620628139000,"circlet_count":0,"master_deck":["AscendersBane","Zap","Dualcast","Loop+1","Discovery+1","Rip and Tear+1","Sunder+1","Buffer+1","Biased Cognition+1","Defragment+1","Defragment+1","Capacitor","Cold Snap","Chaos","Seek","Rebound","Redo","Barrage","Leap+1","Impatience","Self Repair","Redo+1","Cold Snap+1","Conserve Battery","Glacier+1"],"special_seed":0,"relics":["FrozenCore","NeowsBlessing","Letter Opener","Smiling Mask","Centennial Puzzle","Vajra","Cables","Meat on the Bone","Art of War","Pantograph","Pandora\u0027s Box","OrangePellets","Shovel","MawBank","Potion Belt","Happy Flower","Gambling Chip","Mercury Hourglass","Orichalcum"],"potions_floor_usage":[31,55,56,56,56,56,56,56,56],"damage_taken":[{"damage":0.0,"enemies":"2 Louse","floor":1.0,"turns":1.0},{"damage":0.0,"enemies":"Cultist","floor":5.0,"turns":1.0},{"damage":0.0,"enemies":"Gremlin Nob","floor":6.0,"turns":1.0},{"damage":5.0,"enemies":"Small Slimes","floor":8.0,"turns":3.0},{"damage":14.0,"enemies":"Lagavulin","floor":12.0,"turns":4.0},{"damage":27.0,"enemies":"Slime Boss","floor":16.0,"turns":11.0},{"damage":4.0,"enemies":"Spheric Guardian","floor":18.0,"turns":5.0},{"damage":0.0,"enemies":"Chosen","floor":21.0,"turns":5.0},{"damage":0.0,"enemies":"Snecko","floor":22.0,"turns":5.0},{"damage":14.0,"enemies":"Cultist and Chosen","floor":24.0,"turns":9.0},{"damage":0.0,"enemies":"Chosen and Byrds","floor":27.0,"turns":4.0},{"damage":5.0,"enemies":"Centurion and Healer","floor":29.0,"turns":6.0},{"damage":0.0,"enemies":"Sentry and Sphere","floor":30.0,"turns":8.0},{"damage":0,"enemies":"Gremlin Leader","floor":31,"turns":8},{"damage":9,"enemies":"Automaton","floor":33,"turns":18},{"damage":10,"enemies":"3 Shapes","floor":35,"turns":3},{"damage":0,"enemies":"3 Darklings","floor":38,"turns":6},{"damage":3,"enemies":"Nemesis","floor":40,"turns":10},{"damage":0,"enemies":"Giant Head","floor":42,"turns":8},{"damage":0,"enemies":"Sphere and 2 Shapes","floor":46,"turns":4},{"damage":0,"enemies":"Mind Bloom Boss Battle","floor":47,"turns":4},{"damage":0,"enemies":"4 Shapes","floor":48,"turns":3},{"damage":5,"enemies":"Donu and Deca","floor":50,"turns":14},{"damage":14,"enemies":"Awakened One","floor":51,"turns":21},{"damage":39,"enemies":"Shield and Spear","floor":55,"turns":10},{"damage":28,"enemies":"The Heart","floor":56,"turns":10}],"seed_played":"4503568499459765763","potions_obtained":[{"floor":1.0,"key":"Explosive Potion"},{"floor":5.0,"key":"SteroidPotion"},{"floor":16.0,"key":"Block Potion"},{"floor":18.0,"key":"EssenceOfSteel"},{"floor":29.0,"key":"FocusPotion"},{"floor":30.0,"key":"Fruit Juice"},{"floor":33,"key":"PowerPotion"},{"floor":35,"key":"FearPotion"},{"floor":42,"key":"Strength Potion"},{"floor":48,"key":"SpeedPotion"},{"floor":55,"key":"FocusPotion"}],"is_trial":false,"path_per_floor":["M","?","$","?","M","E","R","M","T","R","?","E","R","?","R","B",null,"M","?","$","M","M","R","M","R","T","M","$","M","M","E","R","B",null,"M","?","?","M","$","E","?","E","T","T","R","M","?","M","R","B","B",null,"R","$","E","B",null],"character_chosen":"DEFECT","items_purchased":["Discovery","Meat on the Bone","Capacitor","OrangePellets","Self Repair","EntropicBrew","Conserve Battery"],"campfire_rested":1,"item_purchase_floors":[3,20,28,39,39,54,54],"current_hp_per_floor":[64,64,64,64,64,64,64,59,59,59,24,10,10,10,29,2,49,45,45,45,45,45,45,43,43,43,43,43,38,43,43,43,59,67,57,47,47,47,47,51,51,58,58,58,58,58,69,69,69,69,62,67,67,67,47,48],"gold":473,"neow_bonus":"THREE_ENEMY_KILL","is_prod":false,"is_daily":false,"chose_seed":false,"campfire_upgraded":6,"win_rate":0,"timestamp":1554205186,"path_taken":["M","?","?","?","M","E","R","?","T","R","?","E","R","?","R","BOSS","M","?","$","M","M","R","M","R","T","M","$","M","M","E","R","BOSS","M","?","?","M","$","E","?","E","T","?","R","M","?","M","R","BOSS","BOSS","R","$","E","BOSS"],"build_version":"2019-01-23","purchased_purges":4,"victory":true,"max_hp_per_floor":[71,71,71,71,71,71,71,71,71,71,71,71,71,64,64,64,64,64,64,64,64,64,64,64,64,64,64,64,64,69,69,69,69,69,69,69,69,69,69,69,69,69,69,69,69,69,69,69,69,69,69,69,69,69,69,69],"card_choices":[{"not_picked":["Ball Lightning","Compile Driver"],"picked":"Loop","floor":1.0},{"not_picked":["Redo","Heatsinks","Doom and Gloom"],"picked":"SKIP","floor":5.0},{"not_picked":["Stack","Blizzard"],"picked":"Rip and Tear","floor":6.0},{"not_picked":["Cold Snap","Leap"],"picked":"Sunder","floor":8.0},{"not_picked":["Tempest","Rebound"],"picked":"Buffer","floor":12.0},{"not_picked":["Thunder Strike","Rainbow"],"picked":"Biased Cognition","floor":16.0},{"not_picked":["Rebound","Lockon","Compile Driver"],"picked":"SKIP","floor":18.0},{"not_picked":["Ball Lightning+1","Steam","Gash"],"picked":"SKIP","floor":21.0},{"not_picked":["Steam Power","Steam","Genetic Algorithm"],"picked":"SKIP","floor":22.0},{"not_picked":["Capacitor","Cold Snap"],"picked":"Defragment+1","floor":24.0},{"not_picked":["Ball Lightning","Compile Driver"],"picked":"Defragment","floor":27.0},{"not_picked":["Sweeping Beam","Rebound","Rainbow"],"picked":"SKIP","floor":29.0},{"not_picked":["Auto Shields","Rebound"],"picked":"Cold Snap","floor":30.0},{"not_picked":["Meteor Strike","Hyperbeam","Steam"],"picked":"SKIP","floor":31},{"not_picked":["Chaos","Tempest+1"],"picked":"Leap+1","floor":35},{"not_picked":["Trip","Blind"],"picked":"Impatience","floor":36},{"not_picked":["Turbo","Leap","Conserve Battery"],"picked":"SKIP","floor":38},{"not_picked":["Hello World+1","Heatsinks","Sunder+1"],"picked":"SKIP","floor":40},{"not_picked":["Self Repair","FTL","Stack"],"picked":"SKIP","floor":42},{"not_picked":["Ball Lightning","Scrape"],"picked":"Redo+1","floor":46},{"not_picked":["Conserve Battery","Melter+1"],"picked":"Cold Snap+1","floor":48},{"not_picked":["Coolheaded","Go for the Eyes"],"picked":"Glacier+1","floor":55}],"player_experience":2820279,"relics_obtained":[{"floor":6.0,"key":"Letter Opener"},{"floor":9.0,"key":"Smiling Mask"},{"floor":12.0,"key":"Vajra"},{"floor":26.0,"key":"Art of War"},{"floor":31,"key":"Pantograph"},{"floor":40,"key":"Shovel"},{"floor":42,"key":"MawBank"},{"floor":44,"key":"Potion Belt"},{"floor":45,"key":"Happy Flower"},{"floor":47,"key":"Gambling Chip"},{"floor":53,"key":"Mercury Hourglass"},{"floor":55,"key":"Orichalcum"}],"event_choices":[{"damage_healed":0.0,"max_hp_gain":0.0,"max_hp_loss":0.0,"gold_gain":0.0,"event_name":"Upgrade Shrine","player_choice":"Upgraded","floor":2.0,"gold_loss":0.0,"damage_taken":0.0,"cards_upgraded":["Loop"]},{"damage_healed":0.0,"max_hp_gain":0.0,"max_hp_loss":0.0,"gold_gain":275.0,"event_name":"Golden Shrine","player_choice":"Desecrate","floor":4.0,"gold_loss":0.0,"damage_taken":0.0,"cards_obtained":["Regret"]},{"damage_healed":0.0,"max_hp_gain":0.0,"max_hp_loss":0.0,"gold_gain":0.0,"event_name":"Scrap Ooze","player_choice":"Success","floor":11.0,"gold_loss":0.0,"damage_taken":35.0,"relics_obtained":["Centennial Puzzle"]},{"damage_healed":0.0,"max_hp_gain":0.0,"max_hp_loss":7.0,"gold_gain":0.0,"event_name":"Golden Idol","player_choice":"Lose Max HP","floor":14.0,"gold_loss":0.0,"damage_taken":0.0,"relics_obtained":["Golden Idol"]},{"damage_healed":0.0,"max_hp_gain":0.0,"max_hp_loss":0.0,"gold_gain":0.0,"event_name":"Addict","player_choice":"Obtained Relic","floor":19.0,"gold_loss":85.0,"damage_taken":0.0,"relics_obtained":["Cables"]},{"damage_healed":0,"gold_gain":0,"player_choice":"Memory 3","damage_taken":10,"max_hp_gain":0,"max_hp_loss":0,"event_name":"SensoryStone","floor":36,"gold_loss":0},{"damage_healed":0,"gold_gain":333,"player_choice":"Gave Idol","damage_taken":0,"max_hp_gain":0,"max_hp_loss":0,"event_name":"The Moai Head","floor":37,"relics_lost":["Golden Idol"],"gold_loss":0},{"damage_healed":0,"gold_gain":0,"player_choice":"Ignored","damage_taken":0,"max_hp_gain":0,"max_hp_loss":0,"event_name":"Tomb of Lord Red Mask","floor":41,"gold_loss":0},{"damage_healed":0,"gold_gain":0,"player_choice":"Fight","damage_taken":0,"max_hp_gain":0,"max_hp_loss":0,"event_name":"MindBloom","floor":47,"gold_loss":0}],"is_beta":false,"boss_relics":[{"not_picked":["Busted Crown","Tiny House"],"picked":"FrozenCore"},{"not_picked":["Black Star","Nuclear Battery"],"picked":"Pandora\u0027s Box"}],"items_purged_floors":[20,28,39,54],"is_endless":false,"potions_floor_spawned":[1,5,6,16,18,27,29,30,33,35,42,48,55],"ascension_level":20}