{"path_per_floor":["M","?","$","M","M","R","E","R","T","$","M","R","M","?","R","B",null,"M","?","$","M","M","R","$","R","T","E","?","?","?"],"character_chosen":"IRONCLAD","items_purchased":["Iron Wave","Oddly Smooth Stone"],"gold_per_floor":[362,362,84,95,110,110,142,142,196,96,109,109,126,126,126,231,231,245,168,168,186,201,201,201,201,201,228,228,228,228,228],"floor_reached":31,"campfire_rested":3,"playtime":1472,"current_hp_per_floor":[60,80,80,80,80,80,73,73,73,73,44,68,74,74,74,55,74,60,60,60,43,9,33,33,57,57,22,22,28,18,0],"items_purged":["Doubt","Defend_R"],"gold":228,"score":339,"play_id":"b7cbcad3-9386-4ebe-9b68-34af1bf474ac","local_time":"20180507130407","is_prod":false,"is_daily":false,"chose_seed":false,"is_ascension_mode":true,"campfire_upgraded":3,"timestamp":1525687447,"path_taken":["M","?","$","M","M","R","E","R","T","$","M","R","M","?","R","BOSS","M","?","$","M","M","R","$","R","T","E","?","?","?","?"],"build_version":"2018-05-03","seed_source_timestamp":0,"purchased_purges":2,"victory":false,"master_deck":["Strike_R","Strike_R","Strike_R","Strike_R","Strike_R","Defend_R","Defend_R","Bash","Flex","Iron Wave+1","Warcry+1","Corruption","Iron Wave+1","Spot Weakness+1","Dark Embrace","Headbutt","Sever Soul","Iron Wave","Seeing Red","Corruption+1","J.A.X.","True Grit+1","Armaments+1","Cleave","Writhe","Necronomicurse"],"max_hp_per_floor":[80,80,80,80,80,80,80,80,80,80,80,80,80,80,80,80,80,80,80,80,80,80,80,80,80,80,80,80,86,92,92],"relics":["Burning Blood","Oddly Smooth Stone","Art of War","Bronze Scales","Orrery","Ice Cream","Darkstone Periapt","Ornamental Fan","Necronomicon"],"card_choices":[{"not_picked":["Shrug It Off","Havoc"],"picked":"Flex","floor":1.0},{"not_picked":["Heavy Blade","Feel No Pain"],"picked":"Warcry","floor":5.0},{"not_picked":["Entrench","Thunderclap"],"picked":"Corruption","floor":7.0},{"not_picked":["Rage","Body Slam"],"picked":"Iron Wave","floor":11.0},{"not_picked":["Corruption","Searing Blow"],"picked":"Spot Weakness","floor":13.0},{"not_picked":["Barricade","Berserk"],"picked":"Dark Embrace","floor":16.0},{"not_picked":["Rupture","Seeing Red"],"picked":"Headbutt","floor":17.0},{"not_picked":["Flame Barrier","Armaments"],"picked":"Sever Soul","floor":17.0},{"not_picked":["Sword Boomerang","Wild Strike"],"picked":"Iron Wave","floor":17.0},{"not_picked":["Shockwave","Armaments"],"picked":"Seeing Red","floor":17.0},{"not_picked":["Shockwave","Cleave"],"picked":"Corruption","floor":18.0},{"not_picked":["Dual Wield","Whirlwind"],"picked":"True Grit","floor":21},{"not_picked":["Iron Wave","Heavy Blade"],"picked":"Armaments","floor":22},{"not_picked":["Anger","Blood for Blood"],"picked":"Cleave","floor":27}],"player_experience":389192,"potions_floor_usage":[21,21,22],"damage_taken":[{"damage":18.0,"enemies":"Jaw Worm","floor":1.0,"turns":4.0},{"damage":2.0,"enemies":"Small Slimes","floor":4.0,"turns":3.0},{"damage":0.0,"enemies":"Cultist","floor":5.0,"turns":4.0},{"damage":13.0,"enemies":"3 Sentries","floor":7.0,"turns":12.0},{"damage":35.0,"enemies":"Gremlin Gang","floor":11.0,"turns":4.0},{"damage":0.0,"enemies":"2 Fungi Beasts","floor":13.0,"turns":2.0},{"damage":25.0,"enemies":"The Guardian","floor":16.0,"turns":8.0},{"damage":20.0,"enemies":"Chosen","floor":18.0,"turns":5.0},{"damage":32,"enemies":"2 Thieves","floor":21,"turns":4},{"damage":40,"enemies":"Centurion and Healer","floor":22,"turns":7},{"damage":41,"enemies":"Slavers","floor":27,"turns":5},{"damage":24,"enemies":"Snake Plant","floor":31,"turns":2}],"event_choices":[{"event_name":"Big Fish","player_choice":"Banana","floor":2.0,"damage_taken":0.0},{"event_name":"Upgrade Shrine","player_choice":"Upgraded","floor":14.0,"damage_taken":0.0},{"event_name":"Drug Dealer","player_choice":"Got JAXXED","floor":19.0,"damage_taken":0.0},{"event_name":"Bonfire Elementals","player_choice":"BASIC","floor":28,"damage_taken":0},{"event_name":"The Mausoleum","player_choice":"Yes","floor":29,"damage_taken":0},{"event_name":"Cursed Tome","player_choice":"Obtained Book","floor":30,"damage_taken":0}],"boss_relics":[],"potions_floor_spawned":[1,11,16,18,21],"seed_played":"5258905660154385288","killed_by":"Snake Plant","ascension_level":7,"is_trial":false}