{"path_per_floor":["M","M","M","M","?","R","M","M","T","?","M","M","R","$","R","B",null,"M","?","T","?","$","R","M","M","T","M"],"character_chosen":"IRONCLAD","items_purchased":["Hemokinesis","AttackPotion","Lantern"],"gold_per_floor":[114,127,138,151,151,151,164,178,178,178,197,208,208,87,87,189,189,175,175,200,200,45,45,62,72,144,154,154],"floor_reached":28,"campfire_rested":2,"playtime":1408,"current_hp_per_floor":[72,72,72,72,72,72,58,45,45,45,49,50,71,71,71,36,77,55,55,55,55,55,62,41,32,32,27,0],"items_purged":[],"gold":154,"score":314,"play_id":"64ca5908-54ad-425d-a504-1b70268f3ebb","local_time":"20180512135305","is_prod":false,"is_daily":false,"chose_seed":false,"is_ascension_mode":true,"campfire_upgraded":2,"timestamp":1526122385,"path_taken":["M","M","M","M","?","R","M","M","T","?","M","?","R","$","R","BOSS","M","?","?","?","$","R","M","M","T","M","?"],"build_version":"2018-05-10","seed_source_timestamp":58888557609770,"purchased_purges":0,"victory":false,"master_deck":["Defend_R","Defend_R","Defend_R","Defend_R","Bash","Seeing Red","Dual Wield","Blood for Blood+1","Flex","Warcry","Headbutt","Spot Weakness+1","Warcry","Hemokinesis","Feed","Combust+1","Bite+1","Bite+1","Bite+1","Bite+1","Bite+1","Dual Wield+1","Rage","Clash+1"],"max_hp_per_floor":[72,72,72,72,72,72,72,72,72,72,72,72,72,72,72,72,86,89,89,89,62,62,62,65,65,65,65,65],"relics":["Burning Blood","Red Skull","Meat on the Bone","Calling Bell","Vajra","Molten Egg 2","Mango","Dream Catcher","Lantern","Matryoshka"],"card_choices":[{"not_picked":["Sentinel","Twin Strike"],"picked":"Seeing Red","floor":1},{"not_picked":["Cleave","Perfected Strike"],"picked":"Dual Wield","floor":3},{"not_picked":["Body Slam","Ghostly Armor"],"picked":"Blood for Blood","floor":4},{"not_picked":["Sentinel","Thunderclap"],"picked":"Flex","floor":7},{"not_picked":["Power Through","Flame Barrier"],"picked":"Warcry","floor":8},{"not_picked":["Uppercut","Carnage"],"picked":"Warcry","floor":12},{"not_picked":["Immolate","Exhume"],"picked":"Feed","floor":16},{"not_picked":["Headbutt","Heavy Blade"],"picked":"Combust","floor":18},{"not_picked":["Feel No Pain","Flame Barrier"],"picked":"Dual Wield","floor":23},{"not_picked":["Body Slam","Anger"],"picked":"Rage","floor":24},{"not_picked":["Body Slam","Headbutt"],"picked":"Clash","floor":27}],"player_experience":407972,"potions_floor_usage":[3,7,16,16,16,18,27,27],"damage_taken":[{"damage":0,"enemies":"Small Slimes","floor":1,"turns":3},{"damage":1,"enemies":"Cultist","floor":2,"turns":4},{"damage":2,"enemies":"Jaw Worm","floor":3,"turns":2},{"damage":4,"enemies":"Large Slime","floor":4,"turns":7},{"damage":20,"enemies":"Gremlin Gang","floor":7,"turns":5},{"damage":19,"enemies":"Exordium Thugs","floor":8,"turns":6},{"damage":14,"enemies":"Red Slaver","floor":11,"turns":4},{"damage":17,"enemies":"Exordium Wildlife","floor":12,"turns":5},{"damage":53,"enemies":"Hexaghost","floor":16,"turns":6},{"damage":31,"enemies":"2 Thieves","floor":18,"turns":4},{"damage":57,"enemies":"3 Byrds","floor":24,"turns":5},{"damage":42,"enemies":"Snake Plant","floor":25,"turns":3},{"damage":44,"enemies":"Slaver and Parasite","floor":27,"turns":4},{"damage":50,"enemies":"Snecko","floor":28,"turns":4}],"event_choices":[{"event_name":"The Lab","player_choice":"Got Potions","floor":5,"damage_taken":0},{"event_name":"Match and Keep!","player_choice":"2 cards matched","floor":10,"damage_taken":0},{"event_name":"Fountain of Cleansing","player_choice":"Removed Curse","floor":19,"damage_taken":0},{"event_name":"Vampires","player_choice":"Became a vampire","floor":21,"damage_taken":0}],"boss_relics":[{"not_picked":["Runic Pyramid","White Beast Statue"],"picked":"Calling Bell"}],"potions_floor_spawned":[1,2,16,18,25],"seed_played":"7019497441514893699","killed_by":"Snecko","ascension_level":7,"is_trial":false}