{"gold_per_floor":[117,128,50,62,138,138,171,190,190,190,204,204,204,224,224,319,369,384,404,111,130,140,140,140],"floor_reached":24,"playtime":1479,"items_purged":[],"score":245,"play_id":"4a30cabc-1161-4df3-b49a-03fe73aae104","local_time":"20190302164601","is_ascension_mode":false,"campfire_choices":[{"data":"Electrodynamics","floor":6.0,"key":"SMITH"},{"data":"Storm","floor":12.0,"key":"SMITH"},{"data":"Self Repair","floor":15.0,"key":"SMITH"},{"data":"Magnetism","floor":23.0,"key":"SMITH"}],"neow_cost":"NONE","seed_source_timestamp":959427713493887,"circlet_count":0,"master_deck":["Strike_B","Strike_B","Strike_B+1","Strike_B","Defend_B","Defend_B","Defend_B","Defend_B","Zap","Dualcast","Electrodynamics+1","Chill","Doom and Gloom","Self Repair+1","Chill","Storm+1","Steam","Amplify","Cold Snap+1","Redo+1","Melter+1","Defragment","Magnetism+1","FTL+1","Doom and Gloom+1","Compile Driver+1"],"special_seed":0,"relics":["Cracked Core","Molten Egg 2","Tiny House"],"potions_floor_usage":[],"damage_taken":[{"damage":0.0,"enemies":"Small Slimes","floor":1.0,"turns":3.0},{"damage":0.0,"enemies":"2 Louse","floor":2.0,"turns":2.0},{"damage":3.0,"enemies":"Jaw Worm","floor":4.0,"turns":4.0},{"damage":0.0,"enemies":"Gremlin Nob","floor":7.0,"turns":3.0},{"damage":0.0,"enemies":"3 Louse","floor":8.0,"turns":2.0},{"damage":10.0,"enemies":"Looter","floor":11.0,"turns":2.0},{"damage":2.0,"enemies":"Blue Slaver","floor":14.0,"turns":2.0},{"damage":49.0,"enemies":"The Guardian","floor":16.0,"turns":12.0},{"damage":11.0,"enemies":"Shell Parasite","floor":18.0,"turns":7.0},{"damage":12.0,"enemies":"Chosen","floor":19.0,"turns":4.0},{"damage":20.0,"enemies":"Snecko","floor":21.0,"turns":4.0},{"damage":0.0,"enemies":"Sentry and Sphere","floor":22.0,"turns":4.0},{"damage":24.0,"enemies":"Book of Stabbing","floor":24.0,"turns":3.0}],"seed_played":"8378858353928356485","potions_obtained":[{"floor":1.0,"key":"LiquidBronze"},{"floor":7.0,"key":"Fire Potion"},{"floor":11.0,"key":"SteroidPotion"},{"floor":16.0,"key":"SkillPotion"},{"floor":21.0,"key":"Strength Potion"},{"floor":22.0,"key":"FocusPotion"}],"is_trial":false,"path_per_floor":["M","M","$","M","?","R","E","M","T","?","M","R","?","M","R","B",null,"M","M","$","M","M","R","E"],"character_chosen":"DEFECT","items_purchased":["Self Repair","Defragment","Magnetism","FTL+1"],"campfire_rested":0,"item_purchase_floors":[3,20,20,20],"current_hp_per_floor":[75,75,75,75,75,75,75,75,75,80,77,77,77,75,75,36,85,84,85,85,75,85,85,71],"gold":140,"neow_bonus":"ONE_RANDOM_RARE_CARD","is_prod":false,"is_daily":false,"chose_seed":false,"campfire_upgraded":4,"win_rate":0,"timestamp":1551537961,"path_taken":["M","M","$","M","?","R","E","M","T","?","M","R","?","M","R","BOSS","M","M","$","M","M","R","E"],"build_version":"2019-01-23","purchased_purges":0,"victory":false,"max_hp_per_floor":[75,75,75,75,75,75,75,75,75,80,80,80,80,80,80,80,85,85,85,85,85,85,85,85],"card_choices":[{"not_picked":["Hello World","Compile Driver"],"picked":"Chill","floor":1.0},{"not_picked":["Barrage","Hologram"],"picked":"Doom and Gloom","floor":2.0},{"not_picked":["Consume","Redo"],"picked":"Chill","floor":4.0},{"not_picked":["Multi-Cast","Chaos"],"picked":"Storm","floor":7.0},{"not_picked":["Go for the Eyes+1","Double Energy","Aggregate"],"picked":"SKIP","floor":8.0},{"not_picked":["Reprogram","Turbo"],"picked":"Steam","floor":11.0},{"not_picked":["Coolheaded","Reinforced Body","Go for the Eyes+1"],"picked":"SKIP","floor":14.0},{"not_picked":["Thunder Strike+1","Electrodynamics"],"picked":"Amplify","floor":16.0},{"not_picked":["Go for the Eyes+1","Stack"],"picked":"Cold Snap+1","floor":17.0},{"not_picked":["Go for the Eyes+1","Hologram"],"picked":"Redo+1","floor":18.0},{"not_picked":["Conserve Battery+1","Reprogram"],"picked":"Melter+1","floor":19.0},{"not_picked":["Aggregate","Rip and Tear+1"],"picked":"Doom and Gloom+1","floor":21.0},{"not_picked":["Streamline+1","Gash+1"],"picked":"Compile Driver+1","floor":22.0}],"player_experience":1017522,"relics_obtained":[{"floor":7.0,"key":"Molten Egg 2"}],"event_choices":[{"damage_healed":0.0,"max_hp_gain":0.0,"max_hp_loss":0.0,"gold_gain":76.0,"event_name":"Golden Wing","player_choice":"Gained Gold","floor":5.0,"gold_loss":0.0,"damage_taken":0.0},{"damage_healed":0.0,"max_hp_gain":5.0,"max_hp_loss":0.0,"gold_gain":0.0,"event_name":"Big Fish","player_choice":"Donut","floor":10.0,"gold_loss":0.0,"damage_taken":0.0},{"damage_healed":0.0,"max_hp_gain":0.0,"max_hp_loss":0.0,"gold_gain":0.0,"event_name":"Shining Light","player_choice":"Ignored","floor":13.0,"gold_loss":0.0,"damage_taken":0.0}],"is_beta":false,"boss_relics":[{"not_picked":["Black Star","Coffee Dripper"],"picked":"Tiny House"}],"items_purged_floors":[],"is_endless":false,"potions_floor_spawned":[1,7,11,16,21,22,24],"killed_by":"Book of Stabbing","ascension_level":0}