{"gold_per_floor":[117,48,48,22,22,79,79,91,116,116,116,116,137,37,37,168,168,181,205,205,240,266,266,80,95,95,95,109,123,123,137,137,137],"floor_reached":33,"playtime":2017,"items_purged":["Defend_R","Defend_R"],"score":255,"play_id":"2627265d-5e4f-4530-99b3-bc69a065495c","local_time":"20190218233341","is_ascension_mode":true,"campfire_choices":[{"data":"Perfected Strike","floor":7.0,"key":"SMITH"},{"data":"Trip","floor":11.0,"key":"SMITH"},{"floor":15.0,"key":"REST"},{"floor":23,"key":"REST"},{"floor":27,"key":"REST"},{"floor":32,"key":"REST"}],"neow_cost":"NONE","seed_source_timestamp":29912686574600,"circlet_count":0,"master_deck":["Strike_R","Strike_R+1","Strike_R","Strike_R","Strike_R+1","Defend_R","Bash","Trip+1","Spot Weakness","Perfected Strike+1","Flex","Flex","Dual Wield","Warcry","Twin Strike","Perfected Strike","Offering","Flex","Metallicize","Thunderclap","Panacea","Wild Strike","Metallicize","Ghostly Armor","Pommel Strike"],"special_seed":0,"relics":["Burning Blood","Tiny Chest","Whetstone","Golden Idol","Velvet Choker","Red Mask","Dream Catcher","Ancient Tea Set","Champion Belt"],"potions_floor_usage":[33],"damage_taken":[{"damage":0.0,"enemies":"Small Slimes","floor":1.0,"turns":4.0},{"damage":36.0,"enemies":"Gremlin Nob","floor":6.0,"turns":4.0},{"damage":1.0,"enemies":"Cultist","floor":8.0,"turns":3.0},{"damage":13.0,"enemies":"Jaw Worm","floor":13.0,"turns":3.0},{"damage":52.0,"enemies":"The Guardian","floor":16.0,"turns":6.0},{"damage":11.0,"enemies":"2 Thieves","floor":18.0,"turns":2.0},{"damage":34.0,"enemies":"3 Byrds","floor":19.0,"turns":4.0},{"damage":25.0,"enemies":"Colosseum Slavers","floor":20.0,"turns":3.0},{"damage":15,"enemies":"Masked Bandits","floor":21,"turns":3},{"damage":15,"enemies":"3 Cultists","floor":25,"turns":4},{"damage":13,"enemies":"Sentry and Sphere","floor":28,"turns":3},{"damage":11,"enemies":"Snecko","floor":29,"turns":3},{"damage":12,"enemies":"Cultist and Chosen","floor":31,"turns":4},{"damage":92,"enemies":"Automaton","floor":33,"turns":6}],"seed_played":"8197850975535315229","potions_obtained":[{"floor":5.0,"key":"FairyPotion"},{"floor":5.0,"key":"Fire Potion"},{"floor":5.0,"key":"PowerPotion"},{"floor":8.0,"key":"Ancient Potion"},{"floor":18.0,"key":"FairyPotion"},{"floor":28,"key":"BloodPotion"}],"is_trial":false,"path_per_floor":["M","$","?","$","?","E","R","M","T","?","R","?","M","$","R","B",null,"M","M","?","?","T","R","$","M","T","R","M","M","T","M","R","B"],"character_chosen":"IRONCLAD","items_purchased":["Perfected Strike","Flex","Flex","Perfected Strike","Panacea"],"campfire_rested":4,"item_purchase_floors":[2,2,4,14,24],"current_hp_per_floor":[80,80,80,80,80,50,50,55,55,55,55,35,28,28,52,14,80,75,47,28,19,19,43,43,34,34,58,51,46,46,40,64,0],"gold":137,"neow_bonus":"RANDOM_COLORLESS","is_prod":false,"is_daily":false,"chose_seed":false,"campfire_upgraded":2,"win_rate":0,"timestamp":1550500421,"path_taken":["M","$","?","?","?","E","R","?","T","?","R","?","M","$","R","BOSS","M","M","?","?","?","R","$","?","T","R","M","M","?","M","R","BOSS"],"build_version":"2019-01-23","purchased_purges":2,"victory":false,"max_hp_per_floor":[80,80,80,80,80,80,80,80,80,80,80,80,80,80,80,80,80,80,80,80,80,80,80,80,80,80,80,80,80,80,80,80,80],"card_choices":[{"not_picked":["Fire Breathing","Blood for Blood"],"picked":"Spot Weakness","floor":1.0},{"not_picked":["Combust","Flex"],"picked":"Dual Wield","floor":6.0},{"not_picked":["Wild Strike","Seeing Red"],"picked":"Warcry","floor":8.0},{"not_picked":["Ghostly Armor","Uppercut"],"picked":"Twin Strike","floor":13.0},{"not_picked":["Juggernaut","Dark Embrace"],"picked":"Offering","floor":16.0},{"not_picked":["Cleave","Body Slam"],"picked":"Flex","floor":18.0},{"not_picked":["Dropkick","Clash+1","True Grit"],"picked":"SKIP","floor":19.0},{"not_picked":["Disarm","Warcry"],"picked":"Metallicize","floor":21},{"not_picked":["Barricade","Corruption+1"],"picked":"Thunderclap","floor":23},{"not_picked":["Flame Barrier","Flex"],"picked":"Wild Strike","floor":25},{"not_picked":["Uppercut+1","Thunderclap+1"],"picked":"Metallicize","floor":28},{"not_picked":["Clothesline","Cleave+1","Power Through"],"picked":"SKIP","floor":29},{"not_picked":["Entrench+1","Thunderclap"],"picked":"Ghostly Armor","floor":31},{"not_picked":["Havoc+1","Rage+1"],"picked":"Pommel Strike","floor":32}],"player_experience":107190,"relics_obtained":[{"floor":6.0,"key":"Tiny Chest"},{"floor":9.0,"key":"Whetstone"},{"floor":21,"key":"Red Mask"},{"floor":22,"key":"Dream Catcher"},{"floor":26,"key":"Ancient Tea Set"},{"floor":30,"key":"Champion Belt"}],"event_choices":[{"damage_healed":0.0,"max_hp_gain":0.0,"max_hp_loss":0.0,"gold_gain":0.0,"cards_transformed":["Defend_R"],"event_name":"Transmorgrifier","player_choice":"Transformed","floor":3.0,"gold_loss":0.0,"damage_taken":0.0,"cards_obtained":["Feel No Pain"]},{"damage_healed":0.0,"max_hp_gain":0.0,"max_hp_loss":0.0,"gold_gain":0.0,"event_name":"Lab","player_choice":"Got Potions","floor":5.0,"gold_loss":0.0,"damage_taken":0.0},{"cards_removed":["Feel No Pain"],"damage_healed":0.0,"max_hp_gain":0.0,"max_hp_loss":0.0,"gold_gain":0.0,"event_name":"Living Wall","player_choice":"Forget","floor":10.0,"gold_loss":0.0,"damage_taken":0.0},{"damage_healed":0.0,"max_hp_gain":0.0,"max_hp_loss":0.0,"gold_gain":0.0,"event_name":"Golden Idol","player_choice":"Take Damage","floor":12.0,"gold_loss":0.0,"damage_taken":20.0,"relics_obtained":["Golden Idol"]},{"damage_healed":0.0,"max_hp_gain":0.0,"max_hp_loss":0.0,"gold_gain":0.0,"event_name":"Colosseum","player_choice":"Fight","floor":20.0,"gold_loss":0.0,"damage_taken":0.0},{"damage_healed":0.0,"max_hp_gain":0.0,"max_hp_loss":0.0,"gold_gain":0.0,"event_name":"Colosseum","player_choice":"Fled From Nobs","floor":20.0,"gold_loss":0.0,"damage_taken":0.0},{"damage_healed":0,"gold_gain":0,"player_choice":"Fought Bandits","damage_taken":0,"max_hp_gain":0,"max_hp_loss":0,"event_name":"Masked Bandits","floor":21,"gold_loss":0}],"is_beta":false,"boss_relics":[{"not_picked":["Busted Crown","Runic Cube"],"picked":"Velvet Choker"}],"items_purged_floors":[14,24],"is_endless":false,"potions_floor_spawned":[8,18,28,31],"killed_by":"Automaton","ascension_level":1}