{"gold_per_floor":[118,118,136,136,148,148,177,177,248,248,248,248,263,130,130,229,229,252,252,8,8,31,31,62,62,62,62],"floor_reached":27,"playtime":679,"items_purged":["Strike_R"],"score":454,"play_id":"a4f4cb8b-cb9a-47a0-8bda-d975651f4805","local_time":"20190228192613","is_ascension_mode":true,"campfire_choices":[{"data":"Shockwave","floor":6,"key":"SMITH"},{"data":"Double Tap","floor":12,"key":"SMITH"},{"data":"True Grit","floor":15,"key":"SMITH"},{"floor":23,"key":"REST"},{"floor":25,"key":"DIG"}],"neow_cost":"NONE","seed_source_timestamp":211627499226500,"circlet_count":0,"master_deck":["AscendersBane","Strike_R","Strike_R","Strike_R","Strike_R","Defend_R","Defend_R+1","Defend_R","Defend_R","Bash","Entrench+1","Shockwave+1","Double Tap+1","True Grit+1","Spot Weakness","Limit Break","Second Wind","Feel No Pain","Fiend Fire","Writhe","Entrench+1"],"relics":["Burning Blood","NeowsBlessing","Smiling Mask","Lantern","Pear","Golden Idol","Fusion Hammer","MutagenicStrength","Singing Bowl","Shovel","Orichalcum","Prayer Wheel"],"potions_floor_usage":[16,16,24],"damage_taken":[{"damage":0,"enemies":"Jaw Worm","floor":1,"turns":1},{"damage":0,"enemies":"2 Louse","floor":3,"turns":1},{"damage":2,"enemies":"Cultist","floor":5,"turns":2},{"damage":56,"enemies":"Gremlin Nob","floor":7,"turns":6},{"damage":8,"enemies":"Looter","floor":13,"turns":4},{"damage":7,"enemies":"Hexaghost","floor":16,"turns":8},{"damage":18,"enemies":"Shell Parasite","floor":18,"turns":4},{"damage":7,"enemies":"Chosen","floor":22,"turns":3},{"damage":35,"enemies":"Gremlin Leader","floor":24,"turns":8},{"damage":39,"enemies":"Slavers","floor":27,"turns":5}],"seed_played":"-8578894353847459090","potions_obtained":[{"floor":5,"key":"FearPotion"},{"floor":13,"key":"AttackPotion"},{"floor":22,"key":"Fire Potion"}],"is_trial":false,"path_per_floor":["M","?","M","?","M","R","E","?","T","?","?","R","M","$","R","B",null,"M","?","$","?","M","R","E","R","T","E"],"character_chosen":"IRONCLAD","items_purchased":["Spot Weakness","Feel No Pain","Fiend Fire"],"campfire_rested":1,"item_purchase_floors":[14,20,20],"current_hp_per_floor":[74,74,75,75,75,75,25,2,12,12,12,12,10,10,10,9,60,48,48,48,48,49,72,43,43,43,4],"gold":62,"neow_bonus":"THREE_ENEMY_KILL","is_prod":false,"is_daily":false,"chose_seed":false,"campfire_upgraded":3,"win_rate":0,"timestamp":1551349573,"path_taken":["M","?","M","?","?","R","E","?","T","?","?","R","M","$","R","BOSS","M","?","$","?","M","R","E","R","T","E"],"build_version":"2019-01-23","purchased_purges":1,"victory":false,"max_hp_per_floor":[75,75,75,75,75,75,75,75,85,77,77,77,77,77,77,77,77,77,77,77,77,79,79,79,79,79,79],"card_choices":[{"not_picked":["Heavy Blade","Combust","Thunderclap"],"picked":"SKIP","floor":1},{"not_picked":["Wild Strike","Pummel"],"picked":"Entrench","floor":3},{"not_picked":["Perfected Strike","Twin Strike"],"picked":"Double Tap","floor":5},{"not_picked":["Headbutt","Rage","Metallicize"],"picked":"SKIP","floor":7},{"not_picked":["Body Slam","Carnage"],"picked":"True Grit","floor":13},{"not_picked":["Feed","Demon Form"],"picked":"Limit Break","floor":16},{"not_picked":["Headbutt","True Grit"],"picked":"Second Wind","floor":18},{"not_picked":["Flex","Seeing Red","Clothesline"],"picked":"Singing Bowl","floor":22},{"not_picked":["Hemokinesis","Metallicize"],"picked":"Entrench+1","floor":24}],"player_experience":1899545,"relics_obtained":[{"floor":7,"key":"Lantern"},{"floor":9,"key":"Pear"},{"floor":24,"key":"Shovel"},{"floor":25,"key":"Orichalcum"},{"floor":26,"key":"Prayer Wheel"}],"event_choices":[{"damage_healed":0,"gold_gain":0,"player_choice":"Box","damage_taken":0,"relics_obtained":["Smiling Mask"],"max_hp_gain":0,"max_hp_loss":0,"event_name":"Big Fish","floor":2,"gold_loss":0,"cards_obtained":["Regret"]},{"damage_healed":0,"gold_gain":0,"player_choice":"1 cards matched","damage_taken":0,"max_hp_gain":0,"max_hp_loss":0,"event_name":"Match and Keep!","floor":4,"gold_loss":0,"cards_obtained":["Shockwave"]},{"damage_healed":0,"gold_gain":0,"player_choice":"Entered Light","damage_taken":23,"max_hp_gain":0,"max_hp_loss":0,"event_name":"Shining Light","floor":8,"gold_loss":0,"cards_upgraded":["Defend_R","Entrench"]},{"damage_healed":0,"gold_gain":0,"player_choice":"Lose Max HP","damage_taken":0,"relics_obtained":["Golden Idol"],"max_hp_gain":0,"max_hp_loss":8,"event_name":"Golden Idol","floor":10,"gold_loss":0},{"cards_removed":["Regret"],"damage_healed":0,"gold_gain":0,"player_choice":"Purged","damage_taken":0,"max_hp_gain":0,"max_hp_loss":0,"event_name":"Purifier","floor":11,"gold_loss":0},{"damage_healed":0,"gold_gain":0,"player_choice":"Inject Mutagens","damage_taken":0,"relics_obtained":["MutagenicStrength"],"max_hp_gain":0,"max_hp_loss":0,"event_name":"Drug Dealer","floor":19,"gold_loss":0},{"damage_healed":0,"gold_gain":0,"player_choice":"Opened","damage_taken":0,"relics_obtained":["Singing Bowl"],"max_hp_gain":0,"max_hp_loss":0,"event_name":"The Mausoleum","floor":21,"gold_loss":0,"cards_obtained":["Writhe"]}],"is_beta":false,"boss_relics":[{"not_picked":["Black Star","Tiny House"],"picked":"Fusion Hammer"}],"items_purged_floors":[14],"is_endless":false,"potions_floor_spawned":[5,13,22],"killed_by":"Slavers","ascension_level":20}