{"gold_per_floor":[117,117,74,74,74,74,224,240,315,331,331,357,357,367,367,441,441,455,13,13,28,28,28,57,7,78,78,78],"floor_reached":28,"playtime":688,"items_purged":["Strike_B"],"score":464,"play_id":"9a6e0c21-4475-4dfb-beb6-2e6522e9a30a","local_time":"20190416143047","is_ascension_mode":true,"campfire_choices":[{"data":"Consume","floor":6,"key":"SMITH"},{"data":"Recycle","floor":11,"key":"SMITH"},{"data":"Electrodynamics","floor":13,"key":"SMITH"},{"data":"Hologram","floor":15,"key":"SMITH"},{"data":"Zap","floor":23,"key":"SMITH"}],"neow_cost":"NONE","seed_source_timestamp":37782731603000,"circlet_count":0,"master_deck":["AscendersBane","Defend_B","Defend_B","Defend_B","Defend_B","Zap+1","Dualcast","Ball Lightning","Consume+1","Recycle+1","Hologram+1","Electrodynamics+1","Echo Form","BootSequence","Coolheaded","Fission"],"relics":["Cracked Core","NeowsBlessing","Letter Opener","The Courier","Pear","Empty Cage","Dead Branch","Medical Kit","Smiling Mask"],"potions_floor_usage":[16,18,24],"damage_taken":[{"damage":0,"enemies":"Jaw Worm","floor":1,"turns":1},{"damage":0,"enemies":"2 Louse","floor":8,"turns":1},{"damage":0,"enemies":"Small Slimes","floor":10,"turns":1},{"damage":25,"enemies":"Lagavulin","floor":12,"turns":7},{"damage":16,"enemies":"Blue Slaver","floor":14,"turns":3},{"damage":32,"enemies":"The Guardian","floor":16,"turns":11},{"damage":7,"enemies":"3 Byrds","floor":18,"turns":2},{"damage":12,"enemies":"2 Thieves","floor":21,"turns":2},{"damage":29,"enemies":"Slavers","floor":24,"turns":3},{"damage":0,"enemies":"Colosseum Slavers","floor":27,"turns":3},{"damage":14,"enemies":"Gremlin Leader","floor":28,"turns":3}],"seed_played":"-4329619972766034152","potions_obtained":[{"floor":8,"key":"Explosive Potion"},{"floor":14,"key":"SpeedPotion"},{"floor":16,"key":"GamblersBrew"},{"floor":24,"key":"SteroidPotion"}],"is_trial":false,"path_per_floor":["M","?","$","?","?","R","?","M","T","M","R","E","R","M","R","B",null,"M","$","?","M","$","R","E","$","T","?","E"],"character_chosen":"DEFECT","items_purchased":["Consume","Dead Branch","Medical Kit"],"campfire_rested":0,"item_purchase_floors":[3,19,19],"current_hp_per_floor":[64,57,57,46,69,69,69,69,69,69,69,54,54,38,38,6,62,55,55,55,43,43,43,14,14,14,14,0],"gold":78,"neow_bonus":"THREE_ENEMY_KILL","is_prod":false,"is_daily":false,"chose_seed":false,"campfire_upgraded":5,"win_rate":0,"timestamp":1555392647,"path_taken":["M","?","$","?","?","R","?","?","T","?","R","E","R","M","R","BOSS","M","$","?","?","?","R","E","$","T","?","E"],"build_version":"2019-01-23","purchased_purges":1,"victory":false,"max_hp_per_floor":[71,71,71,71,71,71,71,71,71,71,71,81,81,81,81,81,81,81,81,81,81,81,81,81,81,81,81,81],"card_choices":[{"not_picked":["Stack","Beam Cell"],"picked":"Ball Lightning","floor":1},{"not_picked":["Ball Lightning","Leap"],"picked":"Recycle","floor":8},{"not_picked":["Gash","Redo"],"picked":"Hologram","floor":10},{"not_picked":["Meteor Strike","Aggregate"],"picked":"Electrodynamics","floor":12},{"not_picked":["Gash","Beam Cell","Barrage"],"picked":"SKIP","floor":14},{"not_picked":["Creative AI","Rainbow"],"picked":"Echo Form","floor":16},{"not_picked":["Streamline","Rip and Tear"],"picked":"BootSequence","floor":18},{"not_picked":["Go for the Eyes","Ball Lightning"],"picked":"Coolheaded","floor":21},{"not_picked":["Ball Lightning","Go for the Eyes"],"picked":"Fission","floor":24}],"player_experience":3179631,"relics_obtained":[{"floor":9,"key":"The Courier"},{"floor":12,"key":"Pear"},{"floor":24,"key":"Smiling Mask"}],"event_choices":[{"cards_removed":["Strike_B"],"damage_healed":0,"gold_gain":0,"player_choice":"Card Removal","damage_taken":7,"max_hp_gain":0,"max_hp_loss":0,"event_name":"Golden Wing","floor":2,"gold_loss":0},{"damage_healed":0,"gold_gain":0,"player_choice":"Success","damage_taken":11,"relics_obtained":["Letter Opener"],"max_hp_gain":0,"max_hp_loss":0,"event_name":"Scrap Ooze","floor":4,"gold_loss":0},{"damage_healed":23,"gold_gain":0,"player_choice":"Banana","damage_taken":0,"max_hp_gain":0,"max_hp_loss":0,"event_name":"Big Fish","floor":5,"gold_loss":0},{"damage_healed":0,"gold_gain":150,"player_choice":"AGREE","damage_taken":0,"max_hp_gain":0,"max_hp_loss":0,"event_name":"Liars Game","floor":7,"gold_loss":0,"cards_obtained":["Doubt"]},{"cards_removed":["Strike_B"],"damage_healed":0,"gold_gain":0,"player_choice":"Offered Basic","damage_taken":0,"max_hp_gain":0,"max_hp_loss":0,"event_name":"Bonfire Elementals","floor":20,"gold_loss":0},{"damage_healed":0,"gold_gain":0,"player_choice":"Fight","damage_taken":0,"max_hp_gain":0,"max_hp_loss":0,"event_name":"Colosseum","floor":27,"gold_loss":0},{"damage_healed":0,"gold_gain":0,"player_choice":"Fled From Nobs","damage_taken":0,"max_hp_gain":0,"max_hp_loss":0,"event_name":"Colosseum","floor":27,"gold_loss":0}],"is_beta":false,"boss_relics":[{"not_picked":["Lizard Tail","Nuclear Battery"],"picked":"Empty Cage"}],"items_purged_floors":[25],"is_endless":false,"potions_floor_spawned":[8,14,16,24,27],"killed_by":"Gremlin Leader","ascension_level":20}