{"gold_per_floor":[148,148,148,161,226,226,251,266,266,316,43,56,106,2,2,73,73,86,101,1,84,134,134,149,149,149,182,201,166,216,283,283,358,358,372,247,297,317,19,19,52,102],"floor_reached":42,"playtime":2356,"items_purged":["Regret","Normality"],"score":774,"play_id":"a7ca93da-6377-4fc2-94b7-93310356385a","local_time":"20180924170848","is_ascension_mode":true,"campfire_choices":[{"floor":6,"key":"REST"},{"floor":15,"key":"REST"},{"floor":23,"key":"REST"},{"floor":25,"key":"REST"},{"floor":32,"key":"REST"},{"floor":40,"key":"REST"}],"neow_cost":"NONE","seed_source_timestamp":857446489044476,"circlet_count":0,"master_deck":["Strike_B","Strike_B","Strike_B","Strike_B","Defend_B","Defend_B","Defend_B","Defend_B","Zap","Dualcast","AscendersBane","Sweeping Beam+1","Loop","Hello World","Redo","BootSequence","Heatsinks","Hello World","Swift Strike","Creative AI","Rebound","Cold Snap","Streamline","Conserve Battery","Rip and Tear+1","Ball Lightning","Steam+1","Buffer","Clumsy","Discovery","Storm+1","Capacitor","Skim"],"relics":["Cracked Core","Tiny Chest","SsserpentHead","Strawberry","Anchor","Symbiotic Virus","DataDisk","Fusion Hammer","Red Mask","Bag of Preparation","Bottled Flame","Cables","Calling Bell","Blood Vial","Singing Bowl","Ice Cream","Bottled Lightning"],"potions_floor_usage":[7,16,16,21,27,27,28,33,38,38,41,41],"damage_taken":[{"damage":8,"enemies":"2 Louse","floor":1,"turns":3},{"damage":2,"enemies":"Jaw Worm","floor":4,"turns":3},{"damage":0,"enemies":"Cultist","floor":5,"turns":3},{"damage":18,"enemies":"3 Sentries","floor":7,"turns":5},{"damage":30,"enemies":"Exordium Wildlife","floor":8,"turns":4},{"damage":0,"enemies":"Red Slaver","floor":12,"turns":3},{"damage":2,"enemies":"Slime Boss","floor":16,"turns":6},{"damage":0,"enemies":"Chosen","floor":18,"turns":4},{"damage":1,"enemies":"3 Byrds","floor":19,"turns":3},{"damage":26,"enemies":"Masked Bandits","floor":21,"turns":5},{"damage":19,"enemies":"Snake Plant","floor":24,"turns":4},{"damage":8,"enemies":"Slavers","floor":27,"turns":5},{"damage":4,"enemies":"3 Cultists","floor":28,"turns":4},{"damage":0,"enemies":"Chosen and Byrds","floor":31,"turns":3},{"damage":58,"enemies":"Automaton","floor":33,"turns":10},{"damage":18,"enemies":"Orb Walker","floor":35,"turns":4},{"damage":35,"enemies":"3 Darklings","floor":38,"turns":5},{"damage":27,"enemies":"Nemesis","floor":41,"turns":5},{"damage":28,"enemies":"Sphere and 2 Shapes","floor":42,"turns":3}],"seed_played":"5908804325753820699","potions_obtained":[{"floor":4,"key":"AttackPotion"},{"floor":7,"key":"FearPotion"},{"floor":12,"key":"Energy Potion"},{"floor":24,"key":"SpeedPotion"},{"floor":27,"key":"Fire Potion"},{"floor":28,"key":"Block Potion"},{"floor":33,"key":"FocusPotion"},{"floor":38,"key":"SpeedPotion"}],"is_trial":false,"path_per_floor":["M","?","?","M","M","R","E","M","T","T","$","M","?","$","R","B",null,"M","M","$","?","?","R","M","R","T","E","M","?","?","M","R","B",null,"M","$","?","M","$","R","E"],"character_chosen":"DEFECT","items_purchased":["DataDisk","Heatsinks","SkillPotion","Swift Strike","Fire Potion","Fire Potion","SkillPotion","Capacitor","Fire Potion","Skim"],"campfire_rested":6,"item_purchase_floors":[11,11,11,14,20,20,36,39,39,39],"current_hp_per_floor":[60,60,60,58,58,75,64,34,34,34,34,34,34,34,58,56,76,76,75,75,49,49,73,54,78,78,70,66,66,82,82,82,24,68,54,54,51,18,18,43,20,0],"gold":102,"neow_bonus":"RANDOM_COMMON_RELIC","is_prod":false,"is_daily":false,"chose_seed":false,"campfire_upgraded":0,"win_rate":0,"timestamp":1537798128,"path_taken":["M","?","?","M","?","R","E","M","T","?","$","M","?","$","R","BOSS","M","M","$","?","?","R","M","R","T","E","M","?","?","?","R","BOSS","M","$","?","M","$","R","E","?"],"build_version":"2018-09-20","purchased_purges":2,"victory":false,"max_hp_per_floor":[75,75,75,75,75,75,82,82,82,82,82,82,82,82,82,82,82,82,82,82,82,82,82,82,82,82,82,82,82,82,82,82,82,82,84,84,86,86,86,86,88,88],"card_choices":[{"not_picked":["Consume","Beam Cell"],"picked":"Sweeping Beam","floor":1},{"not_picked":["Recycle","Ball Lightning"],"picked":"Loop","floor":4},{"not_picked":["Compile Driver","Sweeping Beam"],"picked":"Hello World","floor":5},{"not_picked":["Gash","Cold Snap"],"picked":"Redo","floor":7},{"not_picked":["Double Energy","Leap"],"picked":"BootSequence","floor":8},{"not_picked":["Stack","Ball Lightning"],"picked":"Hello World","floor":12},{"not_picked":["Reboot","Electrodynamics"],"picked":"Creative AI","floor":16},{"not_picked":["Beam Cell+1","Turbo"],"picked":"Rebound","floor":18},{"not_picked":["BootSequence","Gash"],"picked":"Cold Snap","floor":19},{"not_picked":["Gash","Turbo"],"picked":"Streamline","floor":21},{"not_picked":["Go for the Eyes","Turbo"],"picked":"Conserve Battery","floor":24},{"not_picked":["Leap","Steam"],"picked":"Rip and Tear+1","floor":27},{"not_picked":["Tempest+1","Beam Cell+1"],"picked":"Ball Lightning","floor":28},{"not_picked":["Glacier","Coolheaded"],"picked":"Steam+1","floor":31},{"not_picked":["Rainbow","Reboot"],"picked":"Buffer","floor":33},{"not_picked":["Ball Lightning","Doom and Gloom","Streamline"],"picked":"Singing Bowl","floor":35},{"not_picked":["Secret Technique","Forethought","Mind Blast"],"picked":"Singing Bowl","floor":37},{"not_picked":["Secret Technique","Flash of Steel"],"picked":"Discovery","floor":37},{"not_picked":["Chill","Tempest"],"picked":"Storm+1","floor":38},{"not_picked":["Blizzard","Compile Driver","Coolheaded"],"picked":"Singing Bowl","floor":41}],"player_experience":720658,"relics_obtained":[{"floor":7,"key":"Strawberry"},{"floor":9,"key":"Anchor"},{"floor":10,"key":"Symbiotic Virus"},{"floor":21,"key":"Red Mask"},{"floor":26,"key":"Bag of Preparation"},{"floor":27,"key":"Bottled Flame"},{"floor":34,"key":"Blood Vial"},{"floor":34,"key":"Singing Bowl"},{"floor":34,"key":"Ice Cream"},{"floor":41,"key":"Bottled Lightning"}],"event_choices":[{"event_name":"Living Wall","player_choice":"Grow","floor":2,"damage_taken":0},{"event_name":"FaceTrader","player_choice":"Trade","floor":3,"damage_taken":0},{"event_name":"Golden Wing","player_choice":"Ignored","floor":13,"damage_taken":0},{"event_name":"Masked Bandits","player_choice":"Fought Bandits","floor":21,"damage_taken":0},{"event_name":"Beggar","player_choice":"Ignored","floor":22,"damage_taken":0},{"event_name":"Addict","player_choice":"Obtained Relic","floor":29,"damage_taken":0},{"event_name":"The Library","player_choice":"Heal","floor":30,"damage_taken":0},{"event_name":"SensoryStone","player_choice":"Memory 2","floor":37,"damage_taken":0}],"is_beta":false,"boss_relics":[{"not_picked":["Runic Pyramid","Philosopher\u0027s Stone"],"picked":"Fusion Hammer"},{"not_picked":["Black Star","Lizard Tail"],"picked":"Calling Bell"}],"items_purged_floors":[36,39],"is_endless":false,"potions_floor_spawned":[4,7,12,24,27,28,33,38],"killed_by":"Sphere and 2 Shapes","ascension_level":13}