{"gold_per_floor":[113,388,398,417,433,56,56,76,76,104,104,138,38,65,65,143,143,156,156,156,156],"floor_reached":21,"playtime":591,"items_purged":["Regret","Injury"],"score":394,"play_id":"781aed35-d475-4972-9a2f-9ca9963d3acd","local_time":"20190322221310","is_ascension_mode":true,"campfire_choices":[{"floor":7,"key":"REST"},{"floor":11,"key":"REST"},{"data":"Electrodynamics","floor":15,"key":"SMITH"}],"neow_cost":"CURSE","seed_source_timestamp":271955251604800,"circlet_count":0,"master_deck":["AscendersBane","Strike_B","Strike_B","Strike_B","Strike_B","Defend_B","Defend_B","Defend_B","Defend_B","Zap","Dualcast","Electrodynamics+1","Genetic Algorithm","Chill","Tempest","Loop","Panacea","Self Repair","Seek","Self Repair","Capacitor"],"relics":["Cracked Core","PreservedInsect","Bronze Scales","Prayer Wheel","Bottled Tornado","Coffee Dripper"],"potions_floor_usage":[5,12,16],"damage_taken":[{"damage":14,"enemies":"Jaw Worm","floor":1,"turns":4},{"damage":3,"enemies":"Cultist","floor":3,"turns":3},{"damage":11,"enemies":"2 Louse","floor":4,"turns":3},{"damage":21,"enemies":"2 Fungi Beasts","floor":5,"turns":4},{"damage":13,"enemies":"Exordium Wildlife","floor":8,"turns":3},{"damage":18,"enemies":"3 Sentries","floor":10,"turns":5},{"damage":11,"enemies":"Gremlin Nob","floor":12,"turns":3},{"damage":20,"enemies":"3 Sentries","floor":14,"turns":3},{"damage":7,"enemies":"Slime Boss","floor":16,"turns":7},{"damage":39,"enemies":"Shell Parasite","floor":18,"turns":6},{"damage":0,"enemies":"Spheric Guardian","floor":21,"turns":2}],"seed_played":"5557159613256293887","potions_obtained":[{"floor":1,"key":"SteroidPotion"},{"floor":4,"key":"SkillPotion"},{"floor":8,"key":"SteroidPotion"}],"is_trial":false,"path_per_floor":["M","?","M","M","M","$","R","M","T","E","R","E","$","E","R","B",null,"M","?","?","M"],"character_chosen":"DEFECT","items_purchased":["PreservedInsect","Loop","Panacea"],"campfire_rested":2,"item_purchase_floors":[6,6,6],"current_hp_per_floor":[50,50,47,36,15,15,36,23,23,5,26,22,22,9,9,9,56,24,24,3,3],"gold":156,"neow_bonus":"THREE_RARE_CARDS","is_prod":false,"is_daily":false,"chose_seed":false,"campfire_upgraded":1,"win_rate":0,"timestamp":1553260390,"path_taken":["M","?","?","M","M","$","R","M","T","E","R","E","$","E","R","BOSS","M","?","?","M"],"build_version":"2019-01-23","purchased_purges":2,"victory":false,"max_hp_per_floor":[71,71,71,71,71,71,71,71,71,71,71,71,71,71,71,71,71,71,71,71,71],"card_choices":[{"not_picked":["Thunder Strike","Amplify"],"picked":"Electrodynamics","floor":0},{"not_picked":["Turbo","Redo"],"picked":"Genetic Algorithm","floor":1},{"not_picked":["Barrage","Stack","Hello World"],"picked":"SKIP","floor":3},{"not_picked":["Skim","Cold Snap"],"picked":"Chill","floor":4},{"not_picked":["Leap","Coolheaded"],"picked":"Tempest","floor":5},{"not_picked":["All For One","Force Field","Compile Driver"],"picked":"SKIP","floor":8},{"not_picked":["Compile Driver","Stack"],"picked":"Self Repair","floor":10},{"not_picked":["Rebound","Beam Cell","FTL"],"picked":"SKIP","floor":12},{"not_picked":["Redo","Leap","Conserve Battery"],"picked":"SKIP","floor":14},{"not_picked":["Multi-Cast","Buffer"],"picked":"Seek","floor":16},{"not_picked":["Reprogram","Recycle"],"picked":"Self Repair","floor":18},{"not_picked":["Beam Cell","Barrage"],"picked":"Capacitor","floor":18}],"player_experience":2482920,"relics_obtained":[{"floor":10,"key":"Bronze Scales"},{"floor":12,"key":"Prayer Wheel"},{"floor":14,"key":"Bottled Tornado"}],"event_choices":[{"damage_healed":0,"gold_gain":275,"player_choice":"Desecrate","damage_taken":0,"max_hp_gain":0,"max_hp_loss":0,"event_name":"Golden Shrine","floor":2,"gold_loss":0,"cards_obtained":["Regret"]},{"damage_healed":0,"gold_gain":0,"player_choice":"Ignored","damage_taken":0,"max_hp_gain":0,"max_hp_loss":0,"event_name":"The Mausoleum","floor":19,"gold_loss":0},{"damage_healed":0,"gold_gain":0,"player_choice":"Obtained Book","damage_taken":21,"max_hp_gain":0,"max_hp_loss":0,"event_name":"Cursed Tome","floor":20,"gold_loss":0}],"is_beta":false,"boss_relics":[{"not_picked":["Black Star","Fusion Hammer"],"picked":"Coffee Dripper"}],"items_purged_floors":[6,13],"is_endless":false,"potions_floor_spawned":[1,4,8],"killed_by":"Spheric Guardian","ascension_level":20}