{"gold_per_floor":[117,267,267,267,39,83,83,123,123,123,139,170,170,195,195,290,290,309,309,309,309,322,353,353,353,353,353,371,391,1,276,276,350,350,363,363,380,430,444,444,444],"floor_reached":41,"playtime":1641,"items_purged":["Defend_B+1"],"score":975,"play_id":"f7269b36-1225-4ed5-bc86-3fa8231393a2","local_time":"20190220145847","is_ascension_mode":true,"campfire_choices":[{"data":"Streamline","floor":7,"key":"SMITH"},{"data":"Fission","floor":13,"key":"SMITH"},{"floor":15,"key":"REST"},{"data":"Creative AI","floor":24,"key":"SMITH"},{"floor":27,"key":"REST"},{"data":"Consume","floor":32,"key":"SMITH"},{"floor":40,"key":"REST"}],"neow_cost":"NONE","seed_source_timestamp":10078653936000,"circlet_count":0,"master_deck":["AscendersBane","Strike_B+1","Strike_B+1","Strike_B+1","Strike_B+1","Defend_B+1","Defend_B+1","Defend_B+1","Zap","Dualcast","Beam Cell","Streamline+1","Creative AI+1","Coolheaded","Fission+1","Gash+1","Glacier","BootSequence","Ball Lightning+1","Consume+1","Blizzard+1","Go for the Eyes+1","Regret","Electrodynamics","Cold Snap+1","Coolheaded+1","Hologram+1"],"relics":["FrozenCore","NeowsBlessing","Bloody Idol","Bag of Preparation","Shuriken","Anchor","Molten Egg 2","Pocketwatch","Pantograph","Enchiridion","Ice Cream","ClockworkSouvenir","Snecko Eye"],"potions_floor_usage":[16,18,22,22,23,37,39],"damage_taken":[{"damage":0,"enemies":"2 Louse","floor":1,"turns":1},{"damage":0,"enemies":"Gremlin Nob","floor":6,"turns":1},{"damage":0,"enemies":"3 Sentries","floor":8,"turns":1},{"damage":0,"enemies":"Small Slimes","floor":11,"turns":2},{"damage":39,"enemies":"Gremlin Nob","floor":12,"turns":4},{"damage":0,"enemies":"Cultist","floor":14,"turns":1},{"damage":31,"enemies":"Slime Boss","floor":16,"turns":6},{"damage":20,"enemies":"Chosen","floor":18,"turns":4},{"damage":0,"enemies":"2 Thieves","floor":22,"turns":3},{"damage":22,"enemies":"Slavers","floor":23,"turns":6},{"damage":1,"enemies":"Centurion and Healer","floor":28,"turns":5},{"damage":0,"enemies":"3 Cultists","floor":29,"turns":5},{"damage":17,"enemies":"Champ","floor":33,"turns":12},{"damage":7,"enemies":"3 Shapes","floor":35,"turns":4},{"damage":7,"enemies":"3 Darklings","floor":37,"turns":5},{"damage":38,"enemies":"Maw","floor":39,"turns":8},{"damage":51,"enemies":"Giant Head","floor":41,"turns":11}],"seed_played":"5948727284534255574","potions_obtained":[{"floor":1,"key":"FocusPotion"},{"floor":8,"key":"EntropicBrew"},{"floor":16,"key":"Ancient Potion"},{"floor":22,"key":"Fire Potion"},{"floor":23,"key":"GamblersBrew"},{"floor":35,"key":"Regen Potion"}],"is_trial":false,"path_per_floor":["M","?","?","?","$","E","R","E","T","?","M","E","R","M","R","B",null,"M","?","?","?","M","E","R","?","T","R","M","M","$","?","R","B",null,"M","?","M","?","M","R","E"],"character_chosen":"DEFECT","items_purchased":["Bag of Preparation","Streamline","Blizzard+1","ClockworkSouvenir","Go for the Eyes+1"],"campfire_rested":3,"item_purchase_floors":[5,5,30,30,30],"current_hp_per_floor":[64,64,64,57,57,57,57,57,57,62,62,23,23,23,43,12,55,35,35,35,35,45,28,28,7,7,27,31,36,36,41,41,54,65,63,63,69,69,36,56,5],"gold":444,"neow_bonus":"THREE_ENEMY_KILL","is_prod":false,"is_daily":false,"chose_seed":false,"campfire_upgraded":4,"win_rate":0,"timestamp":1550642327,"path_taken":["M","?","?","?","$","E","R","E","T","?","M","E","R","M","R","BOSS","M","?","?","?","M","E","R","?","T","R","M","M","$","?","R","BOSS","M","?","M","?","M","R","E"],"build_version":"2019-01-23","purchased_purges":1,"victory":false,"max_hp_per_floor":[71,71,64,64,64,64,64,64,64,69,69,69,69,69,69,69,69,69,69,69,69,69,69,69,69,69,69,69,69,69,69,69,69,69,69,69,69,69,69,69,69],"card_choices":[{"not_picked":["Blizzard","Turbo"],"picked":"Beam Cell","floor":1},{"not_picked":["Streamline","Leap","Doom and Gloom"],"picked":"SKIP","floor":6},{"not_picked":["Sweeping Beam","Gash"],"picked":"Creative AI","floor":8},{"not_picked":["Streamline+1","Leap"],"picked":"Coolheaded","floor":11},{"not_picked":["Compile Driver+1","Thunder Strike+1"],"picked":"Fission","floor":12},{"not_picked":["Scrape+1","Stack","Sweeping Beam+1"],"picked":"SKIP","floor":14},{"not_picked":["Turbo","Coolheaded"],"picked":"Gash+1","floor":18},{"not_picked":["Compile Driver+1","Undo"],"picked":"BootSequence","floor":22},{"not_picked":["Stack","Hologram"],"picked":"Ball Lightning+1","floor":23},{"not_picked":["Melter+1","Heatsinks"],"picked":"Consume","floor":28},{"not_picked":["Barrage+1","Redo","Amplify"],"picked":"SKIP","floor":29},{"not_picked":["Reboot","Thunder Strike+1"],"picked":"Electrodynamics","floor":33},{"not_picked":["Ball Lightning+1","Gash+1"],"picked":"Cold Snap+1","floor":35},{"not_picked":["Steam","FTL+1"],"picked":"Coolheaded+1","floor":37},{"not_picked":["Skim+1","Streamline+1"],"picked":"Hologram+1","floor":39}],"player_experience":1667699,"relics_obtained":[{"floor":6,"key":"Shuriken"},{"floor":8,"key":"Anchor"},{"floor":9,"key":"Molten Egg 2"},{"floor":12,"key":"Pocketwatch"},{"floor":23,"key":"Pantograph"},{"floor":25,"key":"Enchiridion"},{"floor":26,"key":"Ice Cream"}],"event_choices":[{"damage_healed":0,"gold_gain":150,"player_choice":"AGREE","damage_taken":0,"max_hp_gain":0,"max_hp_loss":0,"event_name":"Liars Game","floor":2,"gold_loss":0,"cards_obtained":["Doubt"]},{"damage_healed":0,"gold_gain":0,"player_choice":"Lose Max HP","damage_taken":0,"relics_obtained":["Golden Idol"],"max_hp_gain":0,"max_hp_loss":7,"event_name":"Golden Idol","floor":3,"gold_loss":0},{"cards_removed":["Doubt"],"damage_healed":0,"gold_gain":0,"player_choice":"Card Removal","damage_taken":7,"max_hp_gain":0,"max_hp_loss":0,"event_name":"Golden Wing","floor":4,"gold_loss":0},{"damage_healed":0,"gold_gain":0,"player_choice":"Donut","damage_taken":0,"max_hp_gain":5,"max_hp_loss":0,"event_name":"Big Fish","floor":10,"gold_loss":0},{"damage_healed":0,"gold_gain":0,"player_choice":"Read","damage_taken":0,"max_hp_gain":0,"max_hp_loss":0,"event_name":"The Library","floor":19,"gold_loss":0,"cards_obtained":["Glacier"]},{"damage_healed":0,"gold_gain":0,"player_choice":"Simplicity","damage_taken":0,"max_hp_gain":0,"max_hp_loss":0,"event_name":"Back to Basics","floor":20,"gold_loss":0,"cards_upgraded":["Strike_B","Strike_B","Strike_B","Strike_B","Defend_B","Defend_B","Defend_B","Defend_B"]},{"damage_healed":0,"gold_gain":0,"player_choice":"Gave Idol","damage_taken":0,"relics_obtained":["Bloody Idol"],"max_hp_gain":0,"max_hp_loss":0,"event_name":"Forgotten Altar","floor":21,"relics_lost":["Golden Idol"],"gold_loss":0},{"damage_healed":0,"gold_gain":0,"player_choice":"Obtained Book","damage_taken":21,"max_hp_gain":0,"max_hp_loss":0,"event_name":"Cursed Tome","floor":25,"gold_loss":0},{"damage_healed":0,"gold_gain":275,"player_choice":"Desecrate","damage_taken":0,"max_hp_gain":0,"max_hp_loss":0,"event_name":"Golden Shrine","floor":31,"gold_loss":0,"cards_obtained":["Regret"]},{"damage_healed":0,"gold_gain":0,"player_choice":"Ignored","damage_taken":0,"max_hp_gain":0,"max_hp_loss":0,"event_name":"Tomb of Lord Red Mask","floor":36,"gold_loss":0},{"damage_healed":0,"gold_gain":50,"player_choice":"Pray","damage_taken":0,"max_hp_gain":0,"max_hp_loss":0,"event_name":"Golden Shrine","floor":38,"gold_loss":0}],"is_beta":false,"boss_relics":[{"not_picked":["Lizard Tail","Calling Bell"],"picked":"FrozenCore"},{"not_picked":["Astrolabe","Orrery"],"picked":"Snecko Eye"}],"items_purged_floors":[30],"is_endless":false,"potions_floor_spawned":[1,8,16,22,23,35],"killed_by":"Giant Head","ascension_level":20}