{"gold_per_floor":[117,117,87,99,43,72,91,116,116,142,142,417,417,452,452,452],"floor_reached":16,"playtime":374,"items_purged":[],"score":302,"play_id":"ebb7e739-a67f-4e2d-a3c4-0bd394556b95","local_time":"20190327205507","is_ascension_mode":true,"campfire_choices":[{"data":"Defragment","floor":11,"key":"SMITH"},{"floor":13,"key":"REST"},{"floor":15,"key":"REST"}],"neow_cost":"NONE","seed_source_timestamp":66388947950000,"circlet_count":0,"master_deck":["AscendersBane","Strike_B","Strike_B","Strike_B","Strike_B","Defend_B","Defend_B","Defend_B","Defend_B","Zap","Dualcast","Cold Snap","Defragment+1","Doom and Gloom","Multi-Cast","Conserve Battery","Regret","Capacitor"],"special_seed":0,"relics":["Cracked Core","NeowsBlessing","Mummified Hand","Meat on the Bone","Vajra","Boot"],"potions_floor_usage":[10,10,14,16],"damage_taken":[{"damage":0.0,"enemies":"2 Louse","floor":1.0,"turns":1.0},{"damage":0.0,"enemies":"Cultist","floor":4.0,"turns":1.0},{"damage":0.0,"enemies":"3 Sentries","floor":6.0,"turns":1.0},{"damage":7.0,"enemies":"Jaw Worm","floor":7.0,"turns":3.0},{"damage":26.0,"enemies":"Lagavulin","floor":8.0,"turns":5.0},{"damage":20,"enemies":"3 Sentries","floor":10,"turns":3},{"damage":25,"enemies":"Gremlin Nob","floor":14,"turns":4},{"damage":53,"enemies":"Slime Boss","floor":16,"turns":9}],"seed_played":"-2977253948596684991","potions_obtained":[{"floor":3.0,"key":"Dexterity Potion"},{"floor":3.0,"key":"AttackPotion"},{"floor":10,"key":"FearPotion"},{"floor":14,"key":"FearPotion"}],"is_trial":false,"path_per_floor":["M","?","?","M","$","E","M","E","T","E","R","?","R","E","R","B"],"character_chosen":"DEFECT","items_purchased":["Fire Potion"],"campfire_rested":2,"item_purchase_floors":[5],"current_hp_per_floor":[64,64,64,64,64,64,57,31,31,23,23,23,44,31,52,0],"gold":452,"neow_bonus":"THREE_ENEMY_KILL","is_prod":false,"is_daily":false,"chose_seed":false,"campfire_upgraded":1,"win_rate":0,"timestamp":1553687707,"path_taken":["M","?","?","M","$","E","?","E","T","E","R","?","R","E","R","BOSS"],"build_version":"2019-01-23","purchased_purges":0,"victory":false,"max_hp_per_floor":[71,71,71,71,71,71,71,71,71,71,71,71,71,71,71,71],"card_choices":[{"not_picked":["Sweeping Beam","Stack"],"picked":"Cold Snap","floor":1.0},{"not_picked":["Stack","Redo","Compile Driver"],"picked":"SKIP","floor":4.0},{"not_picked":["Compile Driver","Barrage"],"picked":"Defragment","floor":6.0},{"not_picked":["Conserve Battery","Hologram"],"picked":"Doom and Gloom","floor":7.0},{"not_picked":["Ball Lightning","Genetic Algorithm"],"picked":"Multi-Cast","floor":8},{"not_picked":["Force Field","Steam Power","Conserve Battery"],"picked":"SKIP","floor":10},{"not_picked":["Force Field","Steam Power"],"picked":"Conserve Battery","floor":10},{"not_picked":["Cold Snap","Coolheaded"],"picked":"Capacitor","floor":14}],"player_experience":2647169,"relics_obtained":[{"floor":6.0,"key":"Mummified Hand"},{"floor":8,"key":"Meat on the Bone"},{"floor":10,"key":"Vajra"},{"floor":14,"key":"Boot"}],"event_choices":[{"damage_healed":0.0,"max_hp_gain":0.0,"max_hp_loss":0.0,"gold_gain":0.0,"event_name":"The Cleric","player_choice":"Leave","floor":2.0,"gold_loss":0.0,"damage_taken":0.0},{"damage_healed":0.0,"max_hp_gain":0.0,"max_hp_loss":0.0,"gold_gain":0.0,"event_name":"The Woman in Blue","player_choice":"Bought 2 Potions","floor":3.0,"gold_loss":0.0,"damage_taken":0.0},{"damage_healed":0,"gold_gain":275,"player_choice":"Desecrate","damage_taken":0,"max_hp_gain":0,"max_hp_loss":0,"event_name":"Golden Shrine","floor":12,"gold_loss":0,"cards_obtained":["Regret"]}],"is_beta":false,"boss_relics":[],"items_purged_floors":[],"is_endless":false,"potions_floor_spawned":[6,8,10,14],"killed_by":"Slime Boss","ascension_level":20}