{"gold_per_floor":[111,111,386,402,402,402,427,446,446,446,462,462,518,567,567,640,640,657,675,269,219,230,265,265,280,306,333,156,188,188,214,214,292,292,310,310,320,320,336,370,370,398,398,429,704,716,716,746,746,746,746,746,746,2,28,28],"floor_reached":57,"playtime":2163,"items_purged":["Regret","Strike_R"],"score":3558,"play_id":"33229f14-7468-4cfc-9c0d-f7fb23bcde66","local_time":"20190405181910","is_ascension_mode":true,"campfire_choices":[{"data":"Bash","floor":6.0,"key":"SMITH"},{"data":"Corruption","floor":10.0,"key":"SMITH"},{"data":"Feel No Pain","floor":15.0,"key":"SMITH"},{"floor":24.0,"key":"RECALL"},{"floor":32.0,"key":"REST"},{"floor":41.0,"key":"REST"},{"floor":47.0,"key":"REST"},{"floor":49.0,"key":"REST"},{"floor":53.0,"key":"REST"}],"neow_cost":"TEN_PERCENT_HP_LOSS","seed_source_timestamp":0,"circlet_count":0,"master_deck":["AscendersBane","Strike_R+1","Strike_R","Strike_R","Defend_R","Defend_R","Defend_R","Defend_R","Bash+1","Inflame+1","Power Through","Carnage","Corruption+1","Flame Barrier","Feel No Pain+1","Juggernaut","Battle Trance","Shrug It Off","Corruption","Shrug It Off+1","Spot Weakness","Sentinel","Feed","Burning Pact+1","Shrug It Off","Shrug It Off","Regret","Impervious","Burning Pact","Second Wind","Apotheosis","Discovery","Shrug It Off","Ghostly Armor"],"special_seed":0,"relics":["Burning Blood","Unceasing Top","Dead Branch","Pocketwatch","Tiny Chest","Blood Vial","Fusion Hammer","Medical Kit","Gremlin Horn","Vajra","Matryoshka","Kunai","Lantern","Busted Crown","Question Card","Singing Bowl","Molten Egg 2","Dodecahedron","Dream Catcher","Bottled Lightning","Ancient Tea Set","Red Skull","Happy Flower","Centennial Puzzle","Shuriken"],"potions_floor_usage":[56],"damage_taken":[{"damage":14.0,"enemies":"2 Louse","floor":1.0,"turns":3.0},{"damage":4.0,"enemies":"Cultist","floor":4.0,"turns":4.0},{"damage":37.0,"enemies":"Gremlin Nob","floor":7.0,"turns":4.0},{"damage":7.0,"enemies":"Small Slimes","floor":8.0,"turns":3.0},{"damage":0.0,"enemies":"Exordium Thugs","floor":11.0,"turns":3.0},{"damage":8.0,"enemies":"3 Sentries","floor":13.0,"turns":5.0},{"damage":16.0,"enemies":"Hexaghost","floor":16.0,"turns":7.0},{"damage":15.0,"enemies":"3 Byrds","floor":18.0,"turns":5.0},{"damage":3.0,"enemies":"Spheric Guardian","floor":19.0,"turns":3.0},{"damage":0.0,"enemies":"Snake Plant","floor":22.0,"turns":2.0},{"damage":22.0,"enemies":"Book of Stabbing","floor":23.0,"turns":5.0},{"damage":10.0,"enemies":"Centurion and Healer","floor":25.0,"turns":5.0},{"damage":0.0,"enemies":"Gremlin Leader","floor":27.0,"turns":5.0},{"damage":17.0,"enemies":"Slavers","floor":29.0,"turns":4.0},{"damage":31.0,"enemies":"Gremlin Leader","floor":31.0,"turns":4.0},{"damage":1.0,"enemies":"Champ","floor":33.0,"turns":3.0},{"damage":0.0,"enemies":"3 Shapes","floor":35.0,"turns":3.0},{"damage":0.0,"enemies":"3 Darklings","floor":37.0,"turns":3.0},{"damage":6.0,"enemies":"Maw","floor":39.0,"turns":3.0},{"damage":0.0,"enemies":"Reptomancer","floor":40.0,"turns":2.0},{"damage":3.0,"enemies":"Nemesis","floor":42.0,"turns":5.0},{"damage":0.0,"enemies":"Giant Head","floor":44.0,"turns":6.0},{"damage":0.0,"enemies":"Writhing Mass","floor":46.0,"turns":3.0},{"damage":0.0,"enemies":"Reptomancer","floor":48.0,"turns":3.0},{"damage":0.0,"enemies":"Donu and Deca","floor":50.0,"turns":4.0},{"damage":28.0,"enemies":"Time Eater","floor":51.0,"turns":5.0},{"damage":15,"enemies":"Shield and Spear","floor":55,"turns":4},{"damage":70,"enemies":"The Heart","floor":56,"turns":6}],"seed_played":"-4582316358434028272","potions_obtained":[{"floor":1.0,"key":"Explosive Potion"},{"floor":11.0,"key":"SkillPotion"},{"floor":13.0,"key":"BloodPotion"},{"floor":19.0,"key":"Fire Potion"},{"floor":25.0,"key":"FairyPotion"},{"floor":27.0,"key":"Dexterity Potion"}],"is_trial":false,"path_per_floor":["M","?","?","M","?","R","E","M","T","R","M","?","E","T","R","B",null,"M","M","$","?","M","E","R","M","T","E","$","E","?","E","R","B",null,"M","T","M","?","M","E","R","E","T","E","?","M","R","E","R","B","B",null,"R","$","E","B",null],"character_chosen":"IRONCLAD","items_purchased":["Medical Kit","Shrug It Off","Corruption","Sentinel","Apotheosis","Happy Flower","Centennial Puzzle","Discovery","Shrug It Off","Ghostly Armor"],"campfire_rested":5,"item_purchase_floors":[20,20,20,28,54,54,54,54,54,54],"current_hp_per_floor":[60,55,55,57,62,62,31,30,30,30,36,14,12,12,12,11,58,51,56,56,56,64,50,50,48,48,56,56,47,47,24,45,52,68,73,73,75,75,75,75,75,75,75,77,77,77,79,79,79,79,57,74,81,81,74,12],"gold":28,"neow_bonus":"ONE_RARE_RELIC","is_prod":false,"is_daily":false,"chose_seed":true,"campfire_upgraded":3,"win_rate":0,"timestamp":1554455950,"path_taken":["M","?","?","?","?","R","E","M","T","R","M","?","E","?","R","BOSS","M","M","$","?","M","E","R","M","T","E","?","E","?","E","R","BOSS","M","?","M","?","M","E","R","E","T","E","?","?","R","E","R","BOSS","BOSS","R","$","E","BOSS"],"build_version":"2019-01-23","purchased_purges":2,"victory":true,"max_hp_per_floor":[68,68,68,68,73,73,73,73,73,73,73,73,73,73,73,73,73,73,73,73,73,73,73,73,73,73,73,73,73,73,73,73,73,73,73,73,75,75,75,75,75,75,75,77,77,77,79,79,79,79,79,79,81,81,83,83],"card_choices":[{"not_picked":["Rupture","Clash"],"picked":"Inflame","floor":1.0},{"not_picked":["Wild Strike","Bloodletting"],"picked":"Power Through","floor":4.0},{"not_picked":["Dropkick","Twin Strike"],"picked":"Carnage","floor":7.0},{"not_picked":["Clothesline","Headbutt"],"picked":"Corruption","floor":8.0},{"not_picked":["Rampage","Clash"],"picked":"Flame Barrier","floor":11.0},{"not_picked":["Ghostly Armor","Clothesline"],"picked":"Feel No Pain","floor":13.0},{"not_picked":["Double Tap","Bludgeon"],"picked":"Juggernaut","floor":16.0},{"not_picked":["Heavy Blade","Anger+1","Clothesline"],"picked":"SKIP","floor":18.0},{"not_picked":["Dual Wield","Anger"],"picked":"Battle Trance","floor":19.0},{"not_picked":["Perfected Strike","Uppercut"],"picked":"True Grit","floor":22.0},{"not_picked":["Metallicize","Clothesline","Twin Strike"],"picked":"SKIP","floor":23.0},{"not_picked":["Cleave+1","Clothesline"],"picked":"Shrug It Off+1","floor":25.0},{"not_picked":["Perfected Strike+1","Immolate"],"picked":"Spot Weakness","floor":27.0},{"not_picked":["Warcry","Combust","Thunderclap+1"],"picked":"SKIP","floor":29.0},{"not_picked":["Bloodletting","Cleave","Anger"],"picked":"SKIP","floor":31.0},{"not_picked":["Dark Embrace","Brutality"],"picked":"Feed","floor":33.0},{"not_picked":["Iron Wave"],"picked":"SKIP","floor":35.0},{"not_picked":["Sword Boomerang","Clothesline"],"picked":"Singing Bowl","floor":37.0},{"not_picked":["Pommel Strike+1"],"picked":"Burning Pact+1","floor":39.0},{"not_picked":["Infernal Blade"],"picked":"Shrug It Off","floor":40.0},{"not_picked":["Heavy Blade+1"],"picked":"Shrug It Off","floor":42.0},{"not_picked":["Perfected Strike+1","Evolve"],"picked":"Singing Bowl","floor":44.0},{"not_picked":["Rage"],"picked":"Impervious","floor":46.0},{"not_picked":["Rampage+1","Headbutt+1"],"picked":"Singing Bowl","floor":47.0},{"not_picked":["Reckless Charge+1"],"picked":"Burning Pact","floor":48.0},{"not_picked":["Sword Boomerang+1"],"picked":"Second Wind","floor":49.0},{"not_picked":["Perfected Strike+1","Clothesline+1"],"picked":"Singing Bowl","floor":53.0},{"not_picked":["Headbutt+1","Armaments"],"picked":"Singing Bowl","floor":55}],"player_experience":2888356,"relics_obtained":[{"floor":9.0,"key":"Pocketwatch"},{"floor":13.0,"key":"Tiny Chest"},{"floor":14.0,"key":"Blood Vial"},{"floor":23.0,"key":"Gremlin Horn"},{"floor":27.0,"key":"Vajra"},{"floor":29.0,"key":"Matryoshka"},{"floor":31.0,"key":"Lantern"},{"floor":36.0,"key":"Question Card"},{"floor":36.0,"key":"Singing Bowl"},{"floor":40.0,"key":"Molten Egg 2"},{"floor":42.0,"key":"Dodecahedron"},{"floor":43.0,"key":"Dream Catcher"},{"floor":43.0,"key":"Bottled Lightning"},{"floor":44.0,"key":"Ancient Tea Set"},{"floor":48.0,"key":"Red Skull"},{"floor":55,"key":"Shuriken"}],"event_choices":[{"damage_healed":0.0,"max_hp_gain":0.0,"max_hp_loss":0.0,"gold_gain":0.0,"event_name":"Scrap Ooze","player_choice":"Success","floor":2.0,"gold_loss":0.0,"damage_taken":5.0,"relics_obtained":["Dead Branch"]},{"damage_healed":0.0,"max_hp_gain":0.0,"max_hp_loss":0.0,"gold_gain":275.0,"event_name":"Golden Shrine","player_choice":"Desecrate","floor":3.0,"gold_loss":0.0,"damage_taken":0.0,"cards_obtained":["Regret"]},{"damage_healed":0.0,"max_hp_gain":5.0,"max_hp_loss":0.0,"gold_gain":0.0,"event_name":"Big Fish","player_choice":"Donut","floor":5.0,"gold_loss":0.0,"damage_taken":0.0},{"damage_healed":0.0,"max_hp_gain":0.0,"max_hp_loss":0.0,"gold_gain":0.0,"event_name":"Shining Light","player_choice":"Entered Light","floor":12.0,"gold_loss":0.0,"damage_taken":22.0,"cards_upgraded":["Strike_R","Inflame"]},{"damage_healed":0.0,"max_hp_gain":0.0,"max_hp_loss":0.0,"gold_gain":0.0,"event_name":"The Joust","player_choice":"Bet on Murderer","floor":21.0,"gold_loss":50.0,"damage_taken":0.0},{"cards_removed":["True Grit"],"damage_healed":0.0,"max_hp_gain":0.0,"max_hp_loss":0.0,"gold_gain":0.0,"event_name":"WeMeetAgain","player_choice":"Gave Card","floor":30.0,"gold_loss":0.0,"damage_taken":0.0,"relics_obtained":["Kunai"]},{"cards_removed":["Strike_R"],"damage_healed":0.0,"max_hp_gain":0.0,"max_hp_loss":0.0,"gold_gain":0.0,"event_name":"Falling","player_choice":"Removed Attack","floor":38.0,"gold_loss":0.0,"damage_taken":0.0},{"damage_healed":0.0,"max_hp_gain":0.0,"max_hp_loss":0.0,"gold_gain":275.0,"event_name":"Golden Shrine","player_choice":"Desecrate","floor":45.0,"gold_loss":0.0,"damage_taken":0.0,"cards_obtained":["Regret"]}],"is_beta":false,"boss_relics":[{"not_picked":["Philosopher\u0027s Stone","Pandora\u0027s Box"],"picked":"Fusion Hammer"},{"not_picked":["Runic Cube","Runic Dome"],"picked":"Busted Crown"}],"items_purged_floors":[20,28],"is_endless":false,"potions_floor_spawned":[1,11,13,19,25,27,31,33,37,39,42,46],"ascension_level":20}