{"gold_per_floor":[115,115,115,91,108,108,122,122,175,175,206,109,133,133],"floor_reached":14,"playtime":214,"items_purged":[],"score":172,"play_id":"49fa6bb5-3df7-4238-b7d2-8e0146bb3c97","local_time":"20190224123258","is_ascension_mode":true,"campfire_choices":[{"data":"Zap","floor":6,"key":"SMITH"},{"data":"Dualcast","floor":8,"key":"SMITH"},{"data":"White Noise","floor":10,"key":"SMITH"}],"neow_cost":"NONE","seed_source_timestamp":348360963474200,"circlet_count":0,"master_deck":["AscendersBane","Strike_B","Strike_B","Strike_B","Strike_B","Defend_B","Defend_B","Defend_B","Zap+1","Dualcast+1","White Noise+1","Conserve Battery","Self Repair","Sunder","Chill","Cold Snap"],"relics":["Cracked Core","NeowsBlessing","Tiny Chest","Dream Catcher","Anchor"],"potions_floor_usage":[11],"damage_taken":[{"damage":0,"enemies":"2 Louse","floor":1,"turns":1},{"damage":0,"enemies":"Small Slimes","floor":5,"turns":1},{"damage":0,"enemies":"Cultist","floor":7,"turns":1},{"damage":62,"enemies":"Gremlin Nob","floor":11,"turns":5},{"damage":15,"enemies":"Red Slaver","floor":14,"turns":3}],"seed_played":"4669901521586275592","potions_obtained":[{"floor":1,"key":"Block Potion"},{"floor":11,"key":"Energy Potion"}],"is_trial":false,"path_per_floor":["M","?","?","$","M","R","M","R","T","R","E","$","T","M"],"character_chosen":"DEFECT","items_purchased":["Conserve Battery","Chill","Cold Snap"],"campfire_rested":0,"item_purchase_floors":[4,12,12],"current_hp_per_floor":[64,64,64,64,64,64,64,64,64,64,9,9,9,0],"gold":133,"neow_bonus":"THREE_ENEMY_KILL","is_prod":false,"is_daily":false,"chose_seed":false,"campfire_upgraded":3,"win_rate":0,"timestamp":1550979178,"path_taken":["M","?","?","$","?","R","M","R","T","R","E","?","?","M"],"build_version":"2019-01-23","purchased_purges":0,"victory":false,"max_hp_per_floor":[71,71,71,71,71,71,71,71,71,71,71,71,71,71],"card_choices":[{"not_picked":["Steam","BootSequence"],"picked":"White Noise","floor":1},{"not_picked":["Rebound","Hologram","Steam Power"],"picked":"SKIP","floor":5},{"not_picked":["Storm","Beam Cell"],"picked":"Self Repair","floor":7},{"not_picked":["Auto Shields","Conserve Battery"],"picked":"Sunder","floor":11}],"player_experience":1789261,"relics_obtained":[{"floor":9,"key":"Tiny Chest"},{"floor":11,"key":"Dream Catcher"},{"floor":13,"key":"Anchor"}],"event_choices":[{"damage_healed":0,"gold_gain":0,"player_choice":"Leave","damage_taken":0,"max_hp_gain":0,"max_hp_loss":0,"event_name":"The Cleric","floor":2,"gold_loss":0},{"cards_removed":["Defend_B"],"damage_healed":0,"gold_gain":0,"player_choice":"Card Removal","damage_taken":0,"max_hp_gain":0,"max_hp_loss":0,"event_name":"Wheel of Change","floor":3,"gold_loss":0}],"is_beta":false,"boss_relics":[],"items_purged_floors":[],"is_endless":false,"potions_floor_spawned":[1,11],"killed_by":"Red Slaver","ascension_level":20}