{"gold_per_floor":[109,31,49,62,62,105,105,139,166,166,179,179,179,202,202,292,292,307,307,307,331,356,356,11,11,11,42,77,128,140,182,194,280,292,324,336,368,305,336,348,360,372,459,504,516,528,33,433,433,433,433,433,433,1,30,30],"floor_reached":57,"playtime":2988,"items_purged":["Strike_B","Strike_B","Strike_B"],"score":3088,"play_id":"552a2396-12c6-4c78-8097-0abcd94e33bf","local_time":"20190413133645","is_ascension_mode":true,"campfire_choices":[{"data":"Streamline","floor":7,"key":"SMITH"},{"data":"Defragment","floor":13,"key":"SMITH"},{"data":"Rainbow","floor":15,"key":"SMITH"},{"data":"Sunder","floor":23,"key":"SMITH"},{"data":"Seek","floor":25,"key":"SMITH"},{"data":"Recycle","floor":32,"key":"SMITH"},{"data":"Biased Cognition","floor":40,"key":"SMITH"},{"data":"Coolheaded","floor":42,"key":"SMITH"},{"floor":45,"key":"RECALL"},{"data":"Biased Cognition","floor":49,"key":"SMITH"},{"data":"White Noise","floor":53,"key":"SMITH"}],"neow_cost":"NONE","seed_source_timestamp":91098335859400,"circlet_count":0,"master_deck":["AscendersBane","Defend_B","Defend_B","Defend_B","Zap","Dualcast","Streamline+1","Defragment+1","Glacier","White Noise+1","Coolheaded","Rainbow+1","Genetic Algorithm","Self Repair","Seek+1","Sunder+1","Coolheaded+1","Glacier","Recycle+1","Core Surge","Biased Cognition+1","Redo+1","Melter","Biased Cognition+1","Capacitor"],"relics":["Black Star","Bloody Idol","Bag of Preparation","PreservedInsect","Anchor","Orichalcum","Ancient Tea Set","FaceOfCleric","Inserter","Cables","Gambling Chip","Thread and Needle","MawBank","WingedGreaves","Regal Pillow","Mango","Nunchaku","Runic Pyramid","Singing Bowl","FossilizedHelix","Oddly Smooth Stone","ClockworkSouvenir","Old Coin","Strawberry","Kunai","Boot"],"potions_floor_usage":[6,8,16,27,29,56,56],"damage_taken":[{"damage":2,"enemies":"Cultist","floor":1,"turns":4},{"damage":7,"enemies":"Jaw Worm","floor":3,"turns":3},{"damage":7,"enemies":"2 Louse","floor":4,"turns":5},{"damage":17,"enemies":"Lagavulin","floor":6,"turns":7},{"damage":22,"enemies":"3 Sentries","floor":8,"turns":5},{"damage":2,"enemies":"Looter","floor":11,"turns":4},{"damage":0,"enemies":"Exordium Thugs","floor":14,"turns":5},{"damage":12,"enemies":"Hexaghost","floor":16,"turns":9},{"damage":0,"enemies":"Spheric Guardian","floor":18,"turns":10},{"damage":9,"enemies":"Chosen","floor":21,"turns":8},{"damage":12,"enemies":"Snake Plant","floor":22,"turns":7},{"damage":11,"enemies":"Book of Stabbing","floor":27,"turns":4},{"damage":0,"enemies":"Snecko","floor":28,"turns":6},{"damage":0,"enemies":"Slavers","floor":29,"turns":7},{"damage":22,"enemies":"Gremlin Leader","floor":31,"turns":9},{"damage":10,"enemies":"Champ","floor":33,"turns":23},{"damage":0,"enemies":"Orb Walker","floor":35,"turns":6},{"damage":0,"enemies":"3 Darklings","floor":37,"turns":10},{"damage":0,"enemies":"Spire Growth","floor":39,"turns":8},{"damage":0,"enemies":"Giant Head","floor":44,"turns":8},{"damage":0,"enemies":"Mind Bloom Boss Battle","floor":48,"turns":6},{"damage":0,"enemies":"Donu and Deca","floor":50,"turns":9},{"damage":0,"enemies":"Awakened One","floor":51,"turns":15},{"damage":40,"enemies":"Shield and Spear","floor":55,"turns":8},{"damage":2,"enemies":"The Heart","floor":56,"turns":13}],"seed_played":"-5397004398281907008","potions_obtained":[{"floor":1,"key":"SteroidPotion"},{"floor":4,"key":"Swift Potion"},{"floor":11,"key":"PowerPotion"},{"floor":18,"key":"Fire Potion"},{"floor":19,"key":"AttackPotion"},{"floor":21,"key":"PowerPotion"},{"floor":31,"key":"AttackPotion"},{"floor":35,"key":"FocusPotion"},{"floor":44,"key":"Ancient Potion"}],"is_trial":false,"path_per_floor":["M","$","M","M","?","E","R","E","T","?","M","?","R","M","R","B",null,"M","?","$","M","M","R","$","R","T","E","M","E","?","E","R","B",null,"M","?","M","?","M","R","T","R","T","E","R","?","$","?","R","B","B",null,"R","$","E","B",null],"character_chosen":"DEFECT","items_purchased":["Defragment","Cables","ClockworkSouvenir","Biased Cognition","Capacitor","Energy Potion","Strawberry"],"campfire_rested":0,"item_purchase_floors":[2,24,47,47,54,54,54],"current_hp_per_floor":[62,62,55,48,48,31,31,9,9,30,28,28,28,29,29,32,58,66,66,66,65,54,54,54,54,54,44,52,60,60,70,75,83,88,89,89,90,90,91,91,91,91,91,94,94,94,94,97,97,98,99,99,99,106,81,87],"gold":30,"neow_bonus":"BOSS_RELIC","is_prod":false,"is_daily":false,"chose_seed":false,"campfire_upgraded":10,"win_rate":0,"timestamp":1555130205,"path_taken":["M","$","M","?","?","E","R","E","T","?","M","?","R","?","R","BOSS","M","?","?","M","M","R","$","R","T","E","M","E","?","E","R","BOSS","M","?","M","?","?","R","?","R","T","E","R","?","$","?","R","BOSS","BOSS","R","$","E","BOSS"],"build_version":"2019-01-23","purchased_purges":3,"victory":true,"max_hp_per_floor":[71,71,71,71,64,64,64,64,64,64,64,64,64,65,65,66,66,67,67,67,68,69,69,69,69,69,70,71,72,72,87,87,88,88,89,89,90,90,91,91,91,91,91,94,94,94,94,97,97,98,99,99,99,106,109,110],"card_choices":[{"not_picked":["Scrape","Aggregate"],"picked":"Streamline","floor":1},{"not_picked":["Streamline","Go for the Eyes"],"picked":"Glacier","floor":3},{"not_picked":["Genetic Algorithm","Cold Snap"],"picked":"White Noise","floor":4},{"not_picked":["Go for the Eyes","Heatsinks"],"picked":"Coolheaded","floor":6},{"not_picked":["Melter","Stack"],"picked":"Rainbow","floor":8},{"not_picked":["Hologram","BootSequence"],"picked":"Genetic Algorithm","floor":11},{"not_picked":["Chill","Sweeping Beam"],"picked":"Self Repair","floor":14},{"not_picked":["Rainbow","Multi-Cast"],"picked":"Seek","floor":16},{"not_picked":["Compile Driver","Force Field","Stack"],"picked":"SKIP","floor":18},{"not_picked":["Heatsinks","Skim"],"picked":"Sunder","floor":21},{"not_picked":["Stack","Conserve Battery","Scrape"],"picked":"SKIP","floor":22},{"not_picked":["Heatsinks","Turbo"],"picked":"Coolheaded","floor":27},{"not_picked":["Streamline","Barrage"],"picked":"Glacier","floor":28},{"not_picked":["Stack","Doom and Gloom"],"picked":"Recycle","floor":29},{"not_picked":["Leap","Sweeping Beam"],"picked":"Core Surge","floor":31},{"not_picked":["Rainbow","Seek"],"picked":"Biased Cognition","floor":33},{"not_picked":["Conserve Battery","Ball Lightning","Steam"],"picked":"SKIP","floor":35},{"not_picked":["Melter","Streamline"],"picked":"Redo+1","floor":37},{"not_picked":["Stack+1","Redo+1","BootSequence"],"picked":"SKIP","floor":39},{"not_picked":["Compile Driver","Steam","Cold Snap+1"],"picked":"Singing Bowl","floor":44},{"not_picked":["Conserve Battery","Streamline+1","Rainbow"],"picked":"Singing Bowl","floor":48},{"not_picked":["Conserve Battery","Redo","Go for the Eyes"],"picked":"Singing Bowl","floor":55}],"player_experience":3094950,"relics_obtained":[{"floor":6,"key":"Bag of Preparation"},{"floor":6,"key":"PreservedInsect"},{"floor":8,"key":"Anchor"},{"floor":8,"key":"Orichalcum"},{"floor":9,"key":"Ancient Tea Set"},{"floor":26,"key":"Gambling Chip"},{"floor":27,"key":"Thread and Needle"},{"floor":27,"key":"MawBank"},{"floor":29,"key":"WingedGreaves"},{"floor":29,"key":"Regal Pillow"},{"floor":31,"key":"Mango"},{"floor":31,"key":"Nunchaku"},{"floor":43,"key":"Singing Bowl"},{"floor":44,"key":"FossilizedHelix"},{"floor":44,"key":"Oddly Smooth Stone"},{"floor":48,"key":"Old Coin"},{"floor":55,"key":"Kunai"},{"floor":55,"key":"Boot"}],"event_choices":[{"damage_healed":0,"gold_gain":0,"player_choice":"Lose Max HP","damage_taken":0,"relics_obtained":["Golden Idol"],"max_hp_gain":0,"max_hp_loss":7,"event_name":"Golden Idol","floor":5,"gold_loss":0},{"damage_healed":21,"gold_gain":0,"player_choice":"Banana","damage_taken":0,"max_hp_gain":0,"max_hp_loss":0,"event_name":"Big Fish","floor":10,"gold_loss":0},{"damage_healed":0,"gold_gain":0,"player_choice":"Trade","damage_taken":0,"relics_obtained":["FaceOfCleric"],"max_hp_gain":0,"max_hp_loss":0,"event_name":"FaceTrader","floor":12,"gold_loss":0},{"damage_healed":0,"gold_gain":0,"player_choice":"Got Potions","damage_taken":0,"max_hp_gain":0,"max_hp_loss":0,"event_name":"Lab","floor":19,"gold_loss":0},{"damage_healed":0,"gold_gain":0,"player_choice":"Gave Idol","damage_taken":0,"relics_obtained":["Bloody Idol"],"max_hp_gain":0,"max_hp_loss":0,"event_name":"Forgotten Altar","floor":30,"relics_lost":["Golden Idol"],"gold_loss":0},{"damage_healed":0,"gold_gain":0,"player_choice":"Ignored","damage_taken":0,"max_hp_gain":0,"max_hp_loss":0,"event_name":"Mysterious Sphere","floor":36,"gold_loss":0},{"damage_healed":0,"gold_gain":0,"cards_transformed":["Strike_B","Defend_B"],"player_choice":"Transformed Cards","damage_taken":0,"max_hp_gain":0,"max_hp_loss":0,"event_name":"Designer","floor":38,"gold_loss":75,"cards_obtained":["Melter","Melter"]},{"cards_removed":["Melter"],"damage_healed":0,"gold_gain":0,"player_choice":"Removed Attack","damage_taken":0,"max_hp_gain":0,"max_hp_loss":0,"event_name":"Falling","floor":46,"gold_loss":0},{"damage_healed":0,"gold_gain":0,"player_choice":"Fight","damage_taken":0,"max_hp_gain":0,"max_hp_loss":0,"event_name":"MindBloom","floor":48,"gold_loss":0}],"is_beta":false,"boss_relics":[{"not_picked":["Lizard Tail","Nuclear Battery"],"picked":"Inserter"},{"not_picked":["White Beast Statue","Astrolabe"],"picked":"Runic Pyramid"}],"items_purged_floors":[24,47,54],"is_endless":false,"potions_floor_spawned":[1,4,11,18,21,22,31,35,44,48],"ascension_level":20}