{"gold_per_floor":[109,109,124,143,153,179,191,218,218,232,257,84,84,8,8,104,104,121,131,131,157,168,168,203,222,222,147,147],"floor_reached":28,"playtime":1578,"items_purged":[],"score":273,"play_id":"625bb5c4-c7df-42cf-b975-f280ebcd6b05","local_time":"20181130181416","is_ascension_mode":true,"campfire_choices":[{"data":"Darkness","floor":13.0,"key":"SMITH"},{"data":"Multi-Cast","floor":15.0,"key":"SMITH"},{"data":"Fission","floor":23.0,"key":"SMITH"}],"neow_cost":"NONE","seed_source_timestamp":445320861912548,"circlet_count":0,"master_deck":["Strike_B","Strike_B","Strike_B","Strike_B","Defend_B","Defend_B","Defend_B","Defend_B","Dualcast","Sunder+1","Hologram","Conserve Battery","Darkness+1","Multi-Cast+1","Blizzard","Cold Snap","Hologram","Hologram","Redo","Blind","Fission+1","Darkness+1","Conserve Battery"],"special_seed":0,"relics":["FrozenCore","The Courier","Pear","StoneCalendar","Blood Vial","Vajra","Darkstone Periapt","Bag of Marbles"],"potions_floor_usage":[28],"damage_taken":[{"damage":0.0,"enemies":"Small Slimes","floor":1.0,"turns":2.0},{"damage":0.0,"enemies":"Cultist","floor":3.0,"turns":2.0},{"damage":0.0,"enemies":"2 Louse","floor":4.0,"turns":2.0},{"damage":23.0,"enemies":"Exordium Thugs","floor":5.0,"turns":6.0},{"damage":12.0,"enemies":"Gremlin Nob","floor":6.0,"turns":4.0},{"damage":13.0,"enemies":"Lots of Slimes","floor":7.0,"turns":3.0},{"damage":14.0,"enemies":"Lagavulin","floor":8.0,"turns":6.0},{"damage":0.0,"enemies":"3 Louse","floor":10.0,"turns":3.0},{"damage":10.0,"enemies":"3 Sentries","floor":11.0,"turns":8.0},{"damage":2.0,"enemies":"Hexaghost","floor":16.0,"turns":7.0},{"damage":16.0,"enemies":"3 Byrds","floor":18.0,"turns":5.0},{"damage":19.0,"enemies":"2 Thieves","floor":19.0,"turns":5.0},{"damage":3.0,"enemies":"Snake Plant","floor":22.0,"turns":5.0},{"damage":29.0,"enemies":"Gremlin Leader","floor":24.0,"turns":8.0},{"damage":16.0,"enemies":"Centurion and Healer","floor":25.0,"turns":6.0},{"damage":13,"enemies":"Book of Stabbing","floor":28,"turns":5}],"seed_played":"-5778800839114516036","potions_obtained":[{"floor":3.0,"key":"Poison Potion"},{"floor":5.0,"key":"Poison Potion"},{"floor":10.0,"key":"Dexterity Potion"},{"floor":11.0,"key":"Swift Potion"},{"floor":16.0,"key":"PowerPotion"},{"floor":19.0,"key":"SpeedPotion"},{"floor":22.0,"key":"SpeedPotion"}],"is_trial":false,"path_per_floor":["M","?","M","M","M","E","M","E","T","M","E","$","R","$","R","B",null,"M","M","?","T","M","R","E","M","T","?","E"],"character_chosen":"DEFECT","items_purchased":["Blood Vial","Hologram","Redo","Blind"],"campfire_rested":0,"item_purchase_floors":[12,12,12,14],"current_hp_per_floor":[75,75,75,75,52,40,27,23,23,23,13,13,13,13,13,13,85,69,52,52,52,51,51,24,10,10,10,0],"gold":147,"neow_bonus":"THREE_CARDS","is_prod":false,"is_daily":false,"chose_seed":false,"campfire_upgraded":3,"win_rate":0,"timestamp":1543572856,"path_taken":["M","?","?","M","M","E","M","E","T","M","E","?","R","$","R","BOSS","M","M","?","?","M","R","E","?","T","?","E"],"build_version":"2018-11-15","purchased_purges":0,"victory":false,"max_hp_per_floor":[75,75,75,75,75,75,75,85,85,85,85,85,85,85,85,85,85,85,85,85,85,85,85,85,85,85,85,85],"card_choices":[{"not_picked":["Gash","Hologram"],"picked":"Sunder","floor":0.0},{"not_picked":["Go for the Eyes","Redo","Consume"],"picked":"SKIP","floor":1.0},{"not_picked":["Tempest","Sweeping Beam"],"picked":"Hologram","floor":3.0},{"not_picked":["BootSequence","Hologram"],"picked":"Conserve Battery","floor":4.0},{"not_picked":["Coolheaded","Chaos"],"picked":"Darkness","floor":5.0},{"not_picked":["Coolheaded","Recycle"],"picked":"Multi-Cast","floor":6.0},{"not_picked":["Stack","Storm"],"picked":"Blizzard","floor":7.0},{"not_picked":["Scrape","Rebound","Go for the Eyes"],"picked":"SKIP","floor":8.0},{"not_picked":["Coolheaded","Blizzard"],"picked":"Cold Snap","floor":10.0},{"not_picked":["Heatsinks","Rip and Tear"],"picked":"Hologram","floor":11.0},{"not_picked":["Amplify","Buffer"],"picked":"Fission","floor":16.0},{"not_picked":["Beam Cell","Turbo","Recycle+1"],"picked":"SKIP","floor":18.0},{"not_picked":["Double Energy","Leap"],"picked":"Darkness+1","floor":19.0},{"not_picked":["Rebound","Fusion"],"picked":"Conserve Battery","floor":22.0},{"not_picked":["Steam","Aggregate","Gash"],"picked":"SKIP","floor":24.0},{"not_picked":["Turbo+1","All For One","Reprogram"],"picked":"SKIP","floor":25.0}],"player_experience":559189,"relics_obtained":[{"floor":6.0,"key":"The Courier"},{"floor":8.0,"key":"Pear"},{"floor":11.0,"key":"StoneCalendar"},{"floor":21.0,"key":"Vajra"},{"floor":24.0,"key":"Darkstone Periapt"},{"floor":26.0,"key":"Bag of Marbles"}],"event_choices":[{"damage_healed":0.0,"max_hp_gain":0.0,"max_hp_loss":0.0,"gold_gain":0.0,"event_name":"Upgrade Shrine","player_choice":"Upgraded","floor":2.0,"gold_loss":0.0,"damage_taken":0.0,"cards_upgraded":["Sunder"]},{"damage_healed":0.0,"max_hp_gain":0.0,"max_hp_loss":0.0,"gold_gain":0.0,"event_name":"Ghosts","player_choice":"Ignored","floor":20.0,"gold_loss":0.0,"damage_taken":0.0},{"cards_removed":["Zap"],"damage_healed":0.0,"max_hp_gain":0.0,"max_hp_loss":0.0,"gold_gain":0.0,"event_name":"Beggar","player_choice":"Gave Gold","floor":27.0,"gold_loss":75.0,"damage_taken":0.0}],"is_beta":true,"boss_relics":[{"not_picked":["Eternal Feather","Astrolabe"],"picked":"FrozenCore"}],"items_purged_floors":[],"is_endless":false,"potions_floor_spawned":[3,5,10,11,16,19,22],"killed_by":"Book of Stabbing","ascension_level":1}