{"gold_per_floor":[219,294,44,64,78,78,90,90,90,123,0,0,25,43,43,144,144,162,57,57,68,68,68,96,108,108,108,108,8,26,26,26,26],"floor_reached":33,"playtime":1198,"items_purged":["Defend_R","Defend_R"],"score":432,"play_id":"a9839d5e-2948-40f3-8bed-bc4373544e73","local_time":"20180628225351","is_ascension_mode":true,"campfire_choices":[{"data":"Dramatic Entrance","floor":6,"key":"SMITH"},{"floor":8,"key":"REST"},{"data":"Anger","floor":15,"key":"SMITH"},{"data":"Flex","floor":23,"key":"SMITH"},{"floor":28,"key":"REST"},{"floor":32,"key":"REST"}],"neow_cost":"NONE","seed_source_timestamp":476554381536764,"circlet_count":0,"master_deck":["Strike_R","Strike_R+1","Strike_R","Strike_R+1","Defend_R","Defend_R","Bash","Clash+1","Dramatic Entrance+1","Flex+1","Anger+1","Flex+1","Deep Breath+1","Infernal Blade+1"],"relics":["Burning Blood","Vajra","Self Forming Clay","Bottled Flame","Whetstone","Eternal Feather","Bird Faced Urn","Calipers"],"potions_floor_usage":[16,16,24,30],"damage_taken":[{"damage":6,"enemies":"Small Slimes","floor":1,"turns":4},{"damage":0,"enemies":"2 Louse","floor":4,"turns":2},{"damage":7,"enemies":"Jaw Worm","floor":5,"turns":2},{"damage":11,"enemies":"Looter","floor":7,"turns":3},{"damage":0,"enemies":"Gremlin Nob","floor":10,"turns":2},{"damage":7,"enemies":"3 Sentries","floor":13,"turns":6},{"damage":0,"enemies":"Red Slaver","floor":14,"turns":1},{"damage":48,"enemies":"The Guardian","floor":16,"turns":9},{"damage":11,"enemies":"Spheric Guardian","floor":18,"turns":3},{"damage":7,"enemies":"Chosen","floor":21,"turns":3},{"damage":49,"enemies":"Book of Stabbing","floor":24,"turns":5},{"damage":5,"enemies":"Sentry and Sphere","floor":25,"turns":3},{"damage":28,"enemies":"Centurion and Healer","floor":30,"turns":3},{"damage":80,"enemies":"Champ","floor":33,"turns":8}],"seed_played":"2687913501723090750","potions_obtained":[{"floor":5,"key":"Ancient Potion"},{"floor":13,"key":"Weak Potion"},{"floor":21,"key":"EssenceOfSteel"}],"is_trial":false,"path_per_floor":["M","?","$","M","M","R","M","R","T","E","$","?","E","M","R","B",null,"M","$","?","M","$","R","E","M","T","?","R","$","M","?","R"],"character_chosen":"IRONCLAD","items_purchased":["Vajra","Dramatic Entrance","Block Potion","Deep Breath"],"campfire_rested":3,"item_purchase_floors":[3,3,11,19],"current_hp_per_floor":[72,61,61,67,66,66,61,80,80,80,80,80,79,80,80,38,70,65,65,65,64,64,70,27,28,28,28,58,58,36,62,80,0],"gold":26,"neow_bonus":"HUNDRED_GOLD","is_prod":false,"is_daily":false,"chose_seed":false,"campfire_upgraded":3,"win_rate":0,"timestamp":1530215631,"path_taken":["M","?","$","M","M","R","M","R","T","E","$","?","E","M","R","BOSS","M","$","?","M","$","R","E","M","T","?","R","$","?","?","R","BOSS"],"build_version":"2018-06-21v2","purchased_purges":2,"victory":false,"max_hp_per_floor":[80,80,80,80,80,80,80,80,80,80,80,80,80,80,80,80,80,80,80,80,80,80,80,80,80,80,80,80,80,80,80,80,80],"card_choices":[{"not_picked":["Iron Wave","Anger"],"picked":"Clash","floor":1},{"not_picked":["Armaments","Reckless Charge"],"picked":"Flex","floor":4},{"not_picked":["Flex","Sword Boomerang","Iron Wave"],"picked":"SKIP","floor":5},{"not_picked":["Iron Wave","True Grit","Hemokinesis"],"picked":"SKIP","floor":7},{"not_picked":["Armaments","Sword Boomerang","Headbutt"],"picked":"SKIP","floor":10},{"not_picked":["Impervious","Perfected Strike","Body Slam"],"picked":"SKIP","floor":13},{"not_picked":["Disarm","Second Wind"],"picked":"Anger","floor":14},{"not_picked":["Flame Barrier","True Grit"],"picked":"Flex+1","floor":18},{"not_picked":["Whirlwind+1","Rupture","Second Wind"],"picked":"SKIP","floor":21},{"not_picked":["Hemokinesis","Shrug It Off","Warcry"],"picked":"SKIP","floor":24},{"not_picked":["Sword Boomerang","Searing Blow+1"],"picked":"Infernal Blade+1","floor":25},{"not_picked":["Entrench","Barricade","Twin Strike"],"picked":"SKIP","floor":30}],"player_experience":529722,"relics_obtained":[{"floor":9,"key":"Self Forming Clay"},{"floor":10,"key":"Bottled Flame"},{"floor":13,"key":"Whetstone"},{"floor":24,"key":"Bird Faced Urn"},{"floor":26,"key":"Calipers"}],"event_choices":[{"event_name":"World of Goop","player_choice":"Gather Gold","floor":2,"damage_taken":0},{"event_name":"Upgrade Shrine","player_choice":"Upgraded","floor":12,"damage_taken":0},{"event_name":"Upgrade Shrine","player_choice":"Upgraded","floor":20,"damage_taken":0},{"event_name":"Back to Basics","player_choice":"Elegance","floor":27,"damage_taken":0},{"event_name":"The Library","player_choice":"Heal","floor":31,"damage_taken":0}],"boss_relics":[{"not_picked":["Cursed Key","Lizard Tail"],"picked":"Eternal Feather"}],"items_purged_floors":[11,29],"is_endless":false,"potions_floor_spawned":[5,13,21],"killed_by":"Champ","ascension_level":9}