{"gold_per_floor":[114,114,114,134,147,147,163,163,190,203,203,237,237,277,277,277],"floor_reached":16,"playtime":325,"items_purged":[],"score":220,"play_id":"36fda78d-cdc6-406f-b25c-2c0412855257","local_time":"20190331131233","is_ascension_mode":true,"campfire_choices":[{"data":"Sunder","floor":6,"key":"SMITH"},{"floor":11,"key":"REST"},{"data":"Defragment","floor":15,"key":"SMITH"}],"neow_cost":"TEN_PERCENT_HP_LOSS","seed_source_timestamp":180501207411800,"circlet_count":0,"master_deck":["AscendersBane","Strike_B","Strike_B","Strike_B","Defend_B","Defend_B","Defend_B","Zap+1","Dualcast","Coolheaded","Sunder+1","Cold Snap","Defragment+1","Streamline"],"relics":["Cracked Core","Golden Idol","Regal Pillow","Dream Catcher","The Courier","Bottled Tornado"],"potions_floor_usage":[12,16,16],"damage_taken":[{"damage":2,"enemies":"2 Louse","floor":1,"turns":2},{"damage":0,"enemies":"Cultist","floor":4,"turns":3},{"damage":5,"enemies":"Jaw Worm","floor":5,"turns":3},{"damage":10,"enemies":"Large Slime","floor":7,"turns":5},{"damage":11,"enemies":"Looter","floor":10,"turns":2},{"damage":24,"enemies":"3 Sentries","floor":12,"turns":5},{"damage":30,"enemies":"Gremlin Nob","floor":14,"turns":4},{"damage":0,"enemies":"Slime Boss","floor":16,"turns":3}],"seed_played":"7906426329416626957","potions_obtained":[{"floor":7,"key":"Strength Potion"},{"floor":10,"key":"SpeedPotion"},{"floor":14,"key":"Block Potion"}],"is_trial":false,"path_per_floor":["M","$","?","M","M","R","M","?","T","M","R","E","T","E","R","B"],"character_chosen":"DEFECT","items_purchased":[],"campfire_rested":1,"item_purchase_floors":[],"current_hp_per_floor":[62,62,62,62,57,57,47,47,47,36,58,34,34,4,4,4],"gold":277,"neow_bonus":"REMOVE_TWO","is_prod":false,"is_daily":false,"chose_seed":false,"campfire_upgraded":2,"win_rate":0,"timestamp":1554005553,"path_taken":["M","$","?","M","M","R","?","?","T","M","R","E","?","E","R","BOSS"],"build_version":"2019-01-23","purchased_purges":0,"victory":false,"max_hp_per_floor":[64,64,64,64,64,64,64,58,58,58,58,58,58,58,58,58],"card_choices":[{"not_picked":["Barrage","Go for the Eyes","Recycle"],"picked":"SKIP","floor":1},{"not_picked":["Turbo","Genetic Algorithm"],"picked":"Coolheaded","floor":4},{"not_picked":["Leap","Turbo"],"picked":"Sunder","floor":5},{"not_picked":["Barrage","Heatsinks"],"picked":"Cold Snap","floor":7},{"not_picked":["Beam Cell","Turbo","Sweeping Beam"],"picked":"SKIP","floor":10},{"not_picked":["Gash","Loop"],"picked":"Defragment","floor":12},{"not_picked":["Storm","FTL"],"picked":"Streamline","floor":14}],"player_experience":2772068,"relics_obtained":[{"floor":9,"key":"Regal Pillow"},{"floor":12,"key":"Dream Catcher"},{"floor":13,"key":"The Courier"},{"floor":14,"key":"Bottled Tornado"}],"event_choices":[{"damage_healed":0,"gold_gain":0,"player_choice":"Upgraded","damage_taken":0,"max_hp_gain":0,"max_hp_loss":0,"event_name":"Upgrade Shrine","floor":3,"gold_loss":0,"cards_upgraded":["Zap"]},{"damage_healed":0,"gold_gain":0,"player_choice":"Lose Max HP","damage_taken":0,"relics_obtained":["Golden Idol"],"max_hp_gain":0,"max_hp_loss":6,"event_name":"Golden Idol","floor":8,"gold_loss":0}],"is_beta":false,"boss_relics":[],"items_purged_floors":[],"is_endless":false,"potions_floor_spawned":[7,10,14],"killed_by":"Slime Boss","ascension_level":20}