{"path_per_floor":["M","M","?","M","?","R","M","$","T","M","M","R","M","M","R","B",null,"M","M","M","?","?","E","R","M","T","R"],"character_chosen":"THE_SILENT","items_purchased":["All Out Attack"],"gold_per_floor":[119,130,130,143,143,143,162,17,44,57,69,69,82,96,96,191,191,203,220,237,237,237,262,262,277,327,327],"floor_reached":28,"campfire_rested":1,"playtime":2589,"current_hp_per_floor":[64,63,63,63,63,63,63,63,63,57,57,57,59,61,61,18,70,55,39,18,18,18,5,26,17,17,17],"items_purged":["Eviscerate"],"gold":327,"play_id":"e4f2eb4f-c147-42c5-b018-b973c80872c3","is_prod":false,"is_daily":false,"is_ascension_mode":false,"campfire_upgraded":4,"path_taken":["M","M","?","?","?","R","M","?","T","M","M","R","?","M","R","BOSS","M","?","M","?","?","E","R","M","T","R","E"],"build_version":"2018-01-25-PROD3","purchased_purges":2,"victory":false,"master_deck":["Defend_G","Defend_G","Defend_G","Defend_G","Strike_G","Strike_G","Strike_G","Strike_G","Survivor","Neutralize","Backflip+1","Blur","Masterful Stab","Poisoned Stab","All Out Attack+1","Deadly Poison+1","Flying Knee","Flying Knee","A Thousand Cuts+1","After Image","Blade Dance","Infinite Blades","Deflect","Endless Agony","Flying Knee","Acrobatics"],"max_hp_per_floor":[70,70,70,70,70,70,70,70,70,70,70,70,70,70,70,70,70,70,70,70,70,70,70,70,70,70,70],"relics":["Ring of the Snake","Blood Vial","Velvet Choker","Paper Crane","Bronze Scales","Happy Flower"],"card_choices":[{"not_picked":["Choke","Caltrops"],"picked":"Backflip"},{"not_picked":["Outmaneuver","Dodge and Roll"],"picked":"Blur"},{"not_picked":["Dodge and Roll","Blur"],"picked":"Masterful Stab"},{"not_picked":["Escape Plan","Dodge and Roll"],"picked":"Poisoned Stab"},{"not_picked":["All Out Attack","Backflip"],"picked":"Deadly Poison"},{"not_picked":["Distraction","Slice"],"picked":"Flying Knee"},{"not_picked":["Skewer","Distraction"],"picked":"Flying Knee"},{"not_picked":["Heel Hook","Slice"],"picked":"A Thousand Cuts"},{"not_picked":["Doppelganger","Unload"],"picked":"After Image"},{"not_picked":["Quick Slash","Deflect"],"picked":"Blade Dance"},{"not_picked":["Dash","Prepared"],"picked":"Infinite Blades"},{"not_picked":["Outmaneuver","Distraction"],"picked":"Deflect"},{"not_picked":["Flechettes","Adrenaline"],"picked":"Flying Knee"},{"not_picked":["Heel Hook","Outmaneuver"],"picked":"Acrobatics"}],"player_experience":1479,"potions_floor_usage":[14,16,23,23,28],"damage_taken":[{"damage":6,"enemies":"Blue Slaver","floor":1,"turns":5},{"damage":1,"enemies":"Small Slimes","floor":2,"turns":4},{"damage":0,"enemies":"2 Louse","floor":4,"turns":4},{"damage":0,"enemies":"Exordium Wildlife","floor":7,"turns":3},{"damage":8,"enemies":"Lots of Slimes","floor":10,"turns":3},{"damage":2,"enemies":"Looter","floor":11,"turns":4},{"damage":0,"enemies":"Gremlin Gang","floor":13,"turns":2},{"damage":0,"enemies":"2 Fungi Beasts","floor":14,"turns":2},{"damage":60,"enemies":"Hexaghost","floor":16,"turns":10},{"damage":15,"enemies":"Spheric Guardian","floor":18,"turns":4},{"damage":18,"enemies":"3 Byrds","floor":19,"turns":4},{"damage":23,"enemies":"Centurion and Healer","floor":20,"turns":6},{"damage":27,"enemies":"Book of Stabbing","floor":23,"turns":7},{"damage":11,"enemies":"Snecko","floor":25,"turns":5},{"damage":29,"enemies":"Slavers","floor":28,"turns":1}],"event_choices":[{"event_name":"Wheel of Change","player_choice":"Card Removal","floor":3,"damage_taken":0},{"event_name":"Living Wall","player_choice":"Change","floor":5,"damage_taken":0},{"event_name":"The Library","player_choice":"Read","floor":21,"damage_taken":0},{"event_name":"The Mausoleum","player_choice":"Yes","floor":22,"damage_taken":0}],"boss_relics":[{"not_picked":["Astrolabe","Cursed Key"],"picked":"Velvet Choker"}],"potions_floor_spawned":[1,4,16,18,20,25],"seed_played":"3118075295753133867","killed_by":"Slavers","ascension_level":0,"is_trial":false}