{"gold_per_floor":[111,123,123,123,123,123,228,242,268,268,193,193,153,171,171,262,262,278,278,299,299,2,2],"floor_reached":23,"playtime":731,"items_purged":["Strike_R","Decay"],"score":454,"play_id":"d69b37b5-8cf4-4193-8321-4745893fae21","local_time":"20190407214403","is_ascension_mode":true,"campfire_choices":[{"floor":6,"key":"REST"},{"data":"True Grit","floor":12,"key":"SMITH"},{"data":"Armaments","floor":15,"key":"SMITH"}],"neow_cost":"NONE","seed_source_timestamp":70840184130900,"circlet_count":0,"master_deck":["AscendersBane","Strike_R","Defend_R","Defend_R","Defend_R","Defend_R","Bash","Sword Boomerang+1","True Grit+1","Evolve+1","Feel No Pain","True Grit+1","Spot Weakness","Body Slam","Armaments+1","Juggernaut","Barricade","Chrysalis"],"relics":["Astrolabe","Golden Idol","Tiny Chest","Pen Nib","Omamori","Calling Bell","Bronze Scales","Molten Egg 2","FossilizedHelix"],"potions_floor_usage":[16,16,23,23],"damage_taken":[{"damage":11,"enemies":"Cultist","floor":1,"turns":4},{"damage":14,"enemies":"Small Slimes","floor":2,"turns":6},{"damage":7,"enemies":"3 Sentries","floor":7,"turns":11},{"damage":8,"enemies":"2 Louse","floor":8,"turns":4},{"damage":2,"enemies":"Looter","floor":13,"turns":4},{"damage":12,"enemies":"Exordium Wildlife","floor":14,"turns":4},{"damage":0,"enemies":"Hexaghost","floor":16,"turns":8},{"damage":21,"enemies":"Spheric Guardian","floor":18,"turns":7},{"damage":12,"enemies":"3 Byrds","floor":20,"turns":3},{"damage":57,"enemies":"Slavers","floor":23,"turns":6}],"seed_played":"-8544722372388355294","potions_obtained":[{"floor":2,"key":"Regen Potion"},{"floor":7,"key":"PowerPotion"},{"floor":16,"key":"FearPotion"},{"floor":18,"key":"Dexterity Potion"},{"floor":20,"key":"PowerPotion"}],"is_trial":false,"path_per_floor":["M","M","?","$","?","R","?","M","T","?","$","R","M","M","R","B",null,"M","?","M","?","$","E"],"character_chosen":"IRONCLAD","items_purchased":["Chrysalis"],"campfire_rested":1,"item_purchase_floors":[22],"current_hp_per_floor":[57,43,43,43,43,63,56,48,48,30,30,30,28,16,16,31,59,38,68,56,56,56,0],"gold":2,"neow_bonus":"BOSS_RELIC","is_prod":false,"is_daily":false,"chose_seed":false,"campfire_upgraded":2,"win_rate":0,"timestamp":1554641043,"path_taken":["M","?","?","$","?","R","?","M","T","?","?","R","?","M","R","BOSS","M","?","?","?","$","E"],"build_version":"2019-01-23","purchased_purges":2,"victory":false,"max_hp_per_floor":[75,75,68,68,68,68,68,68,68,68,68,68,68,68,68,68,68,68,68,68,68,68,68],"card_choices":[{"not_picked":["Sword Boomerang","Clothesline"],"picked":"Feel No Pain","floor":1},{"not_picked":["Sever Soul","Havoc","Thunderclap"],"picked":"SKIP","floor":2},{"not_picked":["Bloodletting","Thunderclap"],"picked":"True Grit","floor":7},{"not_picked":["Armaments","Anger"],"picked":"Spot Weakness","floor":8},{"not_picked":["Burning Pact","Headbutt"],"picked":"Body Slam","floor":13},{"not_picked":["Clothesline","Wild Strike"],"picked":"Armaments","floor":14},{"not_picked":["Bludgeon","Double Tap"],"picked":"Juggernaut","floor":16},{"not_picked":["Combust+1","Thunderclap+1","Clash+1"],"picked":"SKIP","floor":18},{"not_picked":["Combust+1","Thunderclap+1","Clash+1"],"picked":"SKIP","floor":18},{"not_picked":["Dual Wield","True Grit","Headbutt+1"],"picked":"SKIP","floor":20}],"player_experience":2959490,"relics_obtained":[{"floor":7,"key":"Tiny Chest"},{"floor":9,"key":"Pen Nib"},{"floor":17,"key":"Bronze Scales"},{"floor":17,"key":"Molten Egg 2"},{"floor":17,"key":"FossilizedHelix"}],"event_choices":[{"damage_healed":0,"gold_gain":0,"player_choice":"Lose Max HP","damage_taken":0,"relics_obtained":["Golden Idol"],"max_hp_gain":0,"max_hp_loss":7,"event_name":"Golden Idol","floor":3,"gold_loss":0},{"damage_healed":0,"gold_gain":0,"player_choice":"Ignored","damage_taken":0,"max_hp_gain":0,"max_hp_loss":0,"event_name":"Liars Game","floor":5,"gold_loss":0},{"damage_healed":0,"gold_gain":0,"player_choice":"Searched \u00272\u0027 times","damage_taken":0,"max_hp_gain":0,"max_hp_loss":0,"event_name":"Dead Adventurer","floor":7,"gold_loss":0},{"damage_healed":0,"gold_gain":0,"player_choice":"Success","damage_taken":18,"relics_obtained":["Omamori"],"max_hp_gain":0,"max_hp_loss":0,"event_name":"Scrap Ooze","floor":10,"gold_loss":0},{"damage_healed":30,"gold_gain":0,"player_choice":"Full Heal","damage_taken":0,"max_hp_gain":0,"max_hp_loss":0,"event_name":"Wheel of Change","floor":19,"gold_loss":0},{"damage_healed":0,"gold_gain":0,"player_choice":"1 cards matched","damage_taken":0,"max_hp_gain":0,"max_hp_loss":0,"event_name":"Match and Keep!","floor":21,"gold_loss":0,"cards_obtained":["Barricade"]}],"is_beta":false,"boss_relics":[{"not_picked":["Philosopher\u0027s Stone","Empty Cage"],"picked":"Calling Bell"}],"items_purged_floors":[11,22],"is_endless":false,"potions_floor_spawned":[2,7,16,18,20],"killed_by":"Slavers","ascension_level":20}