{"gold_per_floor":[117,117,392,410,423,423,454,454,454,478,478,29,56,73,73,150,150,164,184,24,44,61,92,92,367,441,441,460,460,475,230,230,302,302,315,101,101,101,111,111,137,137,189,215,267,267,267,301,301,301,301,301,301,79,112,112],"floor_reached":57,"playtime":2437,"items_purged":["Defend_B","Strike_B","Strike_B"],"score":3053,"play_id":"0141c9da-2b47-4b29-a6fa-b8b7a9d8a8f8","local_time":"20190314123004","is_ascension_mode":true,"campfire_choices":[{"data":"Zap","floor":6,"key":"SMITH"},{"floor":11,"key":"REST"},{"data":"Defragment","floor":15,"key":"SMITH"},{"data":"Blizzard","floor":24,"key":"SMITH"},{"data":"Capacitor","floor":27,"key":"SMITH"},{"data":"Capacitor","floor":29,"key":"SMITH"},{"data":"Electrodynamics","floor":32,"key":"SMITH"},{"data":"Dualcast","floor":40,"key":"SMITH"},{"data":"Capacitor","floor":42,"key":"SMITH"},{"data":"Defend_B","floor":47,"key":"PURGE"},{"floor":49,"key":"RECALL"},{"data":"Strike_B","floor":53,"key":"PURGE"}],"neow_cost":"NONE","seed_source_timestamp":6577023842200,"circlet_count":0,"master_deck":["AscendersBane","Strike_B","Defend_B+1","Defend_B+1","Zap+1","Dualcast+1","Rip and Tear","Reinforced Body+1","Cold Snap","Defragment+1","Coolheaded+1","Electrodynamics+1","Hologram+1","Coolheaded+1","Blizzard+1","Capacitor+1","Capacitor+1","Defragment+1","Defragment+1","Hologram+1","Seek+1","Skim+1","Turbo+1","Discovery+1","Deep Breath+1","Dark Shackles+1","Conserve Battery+1","Capacitor+1","Glacier+1","Turbo+1","Hologram+1"],"relics":["Cracked Core","NeowsBlessing","Cables","Toxic Egg 2","Pantograph","Odd Mushroom","Membership Card","Omamori","Art of War","Centennial Puzzle","Nuclear Battery","Meat on the Bone","Question Card","Matryoshka","Bag of Preparation","DollysMirror","Philosopher\u0027s Stone","Bottled Lightning","Anchor","War Paint","Pen Nib","Peace Pipe","Ancient Tea Set","Emotion Chip","Thread and Needle"],"potions_floor_usage":[7,13,16,23,56,56],"damage_taken":[{"damage":0,"enemies":"Small Slimes","floor":1,"turns":1},{"damage":0,"enemies":"Cultist","floor":4,"turns":1},{"damage":0,"enemies":"2 Louse","floor":5,"turns":1},{"damage":12,"enemies":"Gremlin Nob","floor":7,"turns":3},{"damage":22,"enemies":"The Mushroom Lair","floor":10,"turns":5},{"damage":12,"enemies":"Lagavulin","floor":13,"turns":6},{"damage":0,"enemies":"Large Slime","floor":14,"turns":5},{"damage":21,"enemies":"Slime Boss","floor":16,"turns":7},{"damage":13,"enemies":"2 Thieves","floor":18,"turns":2},{"damage":5,"enemies":"Chosen","floor":19,"turns":3},{"damage":16,"enemies":"Snake Plant","floor":21,"turns":4},{"damage":7,"enemies":"3 Cultists","floor":22,"turns":4},{"damage":23,"enemies":"Slavers","floor":23,"turns":4},{"damage":13,"enemies":"Cultist and Chosen","floor":28,"turns":5},{"damage":7,"enemies":"Sentry and Sphere","floor":30,"turns":4},{"damage":26,"enemies":"Collector","floor":33,"turns":8},{"damage":0,"enemies":"Orb Walker","floor":35,"turns":4},{"damage":0,"enemies":"3 Shapes","floor":39,"turns":1},{"damage":0,"enemies":"Nemesis","floor":41,"turns":5},{"damage":11,"enemies":"Reptomancer","floor":44,"turns":5},{"damage":9,"enemies":"2 Orb Walkers","floor":45,"turns":2},{"damage":0,"enemies":"Giant Head","floor":48,"turns":7},{"damage":4,"enemies":"Donu and Deca","floor":50,"turns":8},{"damage":0,"enemies":"Time Eater","floor":51,"turns":14},{"damage":0,"enemies":"Shield and Spear","floor":55,"turns":7},{"damage":27,"enemies":"The Heart","floor":56,"turns":11}],"seed_played":"-3130889625671774430","potions_obtained":[{"floor":4,"key":"GamblersBrew"},{"floor":7,"key":"Weak Potion"},{"floor":16,"key":"SkillPotion"},{"floor":21,"key":"GamblersBrew"},{"floor":28,"key":"Swift Potion"},{"floor":41,"key":"PowerPotion"}],"is_trial":false,"path_per_floor":["M","?","?","M","M","R","E","?","T","?","R","$","E","M","R","B",null,"M","M","$","M","M","E","R","?","T","R","M","R","M","$","R","B",null,"M","$","?","?","M","R","E","R","T","E","?","?","R","E","R","B","B",null,"R","$","E","B",null],"character_chosen":"DEFECT","items_purchased":["Membership Card","Omamori","Defragment","Art of War","Fire Potion","Meat on the Bone","Blizzard","Bag of Preparation","DollysMirror","Hologram+1","Bottled Lightning","Turbo+1","Emotion Chip"],"campfire_rested":1,"item_purchase_floors":[12,12,12,12,12,20,20,31,31,31,36,36,54],"current_hp_per_floor":[64,46,46,46,46,46,34,34,34,12,33,33,21,21,21,25,60,47,42,42,38,43,32,32,32,32,32,31,31,36,36,36,47,65,65,65,65,55,55,55,55,55,55,44,35,35,35,35,35,56,67,67,67,67,67,40],"gold":112,"neow_bonus":"THREE_ENEMY_KILL","is_prod":false,"is_daily":false,"chose_seed":false,"campfire_upgraded":8,"win_rate":0,"timestamp":1552534204,"path_taken":["M","?","?","M","?","R","E","?","T","?","R","?","E","M","R","BOSS","M","?","$","M","?","E","R","?","T","R","M","R","M","$","R","BOSS","M","$","?","?","M","R","E","R","T","E","?","?","R","E","R","BOSS","BOSS","R","$","E","BOSS"],"build_version":"2019-01-23","purchased_purges":3,"victory":true,"max_hp_per_floor":[71,71,71,71,71,71,71,71,71,71,71,71,71,71,71,71,71,71,71,71,71,71,71,71,71,71,71,71,71,71,71,71,71,71,71,71,67,67,67,67,67,67,67,67,67,67,67,67,67,67,67,67,67,67,67,67],"card_choices":[{"not_picked":["Rebound","Hologram","Redo"],"picked":"SKIP","floor":1},{"not_picked":["Skim","Gash"],"picked":"Rip and Tear","floor":4},{"not_picked":["Compile Driver","Blizzard","Rip and Tear"],"picked":"SKIP","floor":5},{"not_picked":["Beam Cell","Turbo"],"picked":"Reinforced Body","floor":7},{"not_picked":["Hologram+1","Fusion+1"],"picked":"Cold Snap","floor":10},{"not_picked":["Sweeping Beam","Barrage","Gash"],"picked":"SKIP","floor":13},{"not_picked":["Stack+1","Leap+1"],"picked":"Coolheaded+1","floor":14},{"not_picked":["Seek+1","Biased Cognition"],"picked":"Electrodynamics","floor":16},{"not_picked":["Doom and Gloom","Streamline"],"picked":"Hologram+1","floor":18},{"not_picked":["Cold Snap","Double Energy+1"],"picked":"Coolheaded+1","floor":19},{"not_picked":["Sweeping Beam","Hologram+1"],"picked":"Capacitor","floor":21},{"not_picked":["Scrape","Conserve Battery+1","Cold Snap"],"picked":"SKIP","floor":22},{"not_picked":["Scrape","Conserve Battery+1","Cold Snap"],"picked":"SKIP","floor":22},{"not_picked":["Stack+1","Sunder+1"],"picked":"Capacitor","floor":23},{"not_picked":["Stack+1","Sweeping Beam","Leap+1","Gash"],"picked":"SKIP","floor":28},{"not_picked":["Streamline","Rebound","Hologram+1"],"picked":"Defragment+1","floor":30},{"not_picked":["Thunder Strike","Reboot+1","Core Surge"],"picked":"Seek+1","floor":33},{"not_picked":["Leap+1","Fusion+1","Rebound"],"picked":"Skim+1","floor":35},{"not_picked":["Finesse+1","Trip+1","Madness+1"],"picked":"Discovery+1","floor":38},{"not_picked":["Good Instincts+1","Bandage Up+1","Mind Blast"],"picked":"Deep Breath+1","floor":38},{"not_picked":["HandOfGreed","Enlightenment+1","Swift Strike"],"picked":"Dark Shackles+1","floor":38},{"not_picked":["Leap+1","Gash","Turbo+1"],"picked":"Conserve Battery+1","floor":39},{"not_picked":["Rebound","Sunder+1","Hello World"],"picked":"Capacitor","floor":41},{"not_picked":["Thunder Strike","Stack+1","BootSequence+1"],"picked":"Glacier+1","floor":44},{"not_picked":["Steam+1","Lockon","Compile Driver"],"picked":"Turbo+1","floor":45},{"not_picked":["Genetic Algorithm+1","Turbo+1","Rebound","Barrage"],"picked":"SKIP","floor":48},{"not_picked":["Rebound","Redo+1","Fusion+1"],"picked":"Hologram+1","floor":55}],"player_experience":2257142,"relics_obtained":[{"floor":7,"key":"Toxic Egg 2"},{"floor":9,"key":"Pantograph"},{"floor":10,"key":"Odd Mushroom"},{"floor":13,"key":"Centennial Puzzle"},{"floor":23,"key":"Question Card"},{"floor":26,"key":"Matryoshka"},{"floor":41,"key":"Anchor"},{"floor":43,"key":"War Paint"},{"floor":44,"key":"Pen Nib"},{"floor":45,"key":"Peace Pipe"},{"floor":48,"key":"Ancient Tea Set"},{"floor":55,"key":"Thread and Needle"}],"event_choices":[{"damage_healed":0,"gold_gain":0,"player_choice":"Success","damage_taken":18,"relics_obtained":["Cables"],"max_hp_gain":0,"max_hp_loss":0,"event_name":"Scrap Ooze","floor":2,"gold_loss":0},{"damage_healed":0,"gold_gain":275,"player_choice":"Desecrate","damage_taken":0,"max_hp_gain":0,"max_hp_loss":0,"event_name":"Golden Shrine","floor":3,"gold_loss":0,"cards_obtained":["Regret"]},{"cards_removed":["Regret"],"damage_healed":0,"gold_gain":0,"player_choice":"Forget","damage_taken":0,"max_hp_gain":0,"max_hp_loss":0,"event_name":"Living Wall","floor":8,"gold_loss":0},{"damage_healed":0,"gold_gain":0,"player_choice":"Fought Mushrooms","damage_taken":0,"max_hp_gain":0,"max_hp_loss":0,"event_name":"Mushrooms","floor":10,"gold_loss":0},{"damage_healed":0,"gold_gain":275,"player_choice":"Desecrate","damage_taken":0,"max_hp_gain":0,"max_hp_loss":0,"event_name":"Golden Shrine","floor":25,"gold_loss":0,"cards_obtained":["Regret"]},{"damage_healed":0,"gold_gain":0,"player_choice":"Max HP","damage_taken":0,"max_hp_gain":0,"max_hp_loss":4,"event_name":"Winding Halls","floor":37,"gold_loss":0},{"damage_healed":0,"gold_gain":0,"player_choice":"Memory 3","damage_taken":10,"max_hp_gain":0,"max_hp_loss":0,"event_name":"SensoryStone","floor":38,"gold_loss":0},{"damage_healed":0,"gold_gain":0,"player_choice":"Fight","damage_taken":0,"max_hp_gain":0,"max_hp_loss":0,"event_name":"Mysterious Sphere","floor":45,"gold_loss":0},{"damage_healed":0,"gold_gain":0,"player_choice":"Ignored","damage_taken":0,"max_hp_gain":0,"max_hp_loss":0,"event_name":"Tomb of Lord Red Mask","floor":46,"gold_loss":0}],"is_beta":false,"boss_relics":[{"not_picked":["Empty Cage","Orrery"],"picked":"Nuclear Battery"},{"not_picked":["Tiny House","Lizard Tail"],"picked":"Philosopher\u0027s Stone"}],"items_purged_floors":[31,36,54],"is_endless":false,"potions_floor_spawned":[4,7,16,21,22,28,39,41,48,55],"ascension_level":20}