{"path_per_floor":["M","?","?","M","$","R","M","R","T","M","M","M","R","$","R","B",null,"M","M","M","?","?","R"],"character_chosen":"DEFECT","items_purchased":["Defragment"],"gold_per_floor":[116,116,116,135,60,60,75,75,75,89,102,119,119,82,82,184,184,195,205,223,223,223,223,223],"floor_reached":24,"campfire_rested":1,"playtime":1288,"current_hp_per_floor":[70,55,60,60,60,60,53,53,53,51,48,37,37,37,37,14,80,72,53,17,1,1,25,0],"items_purged":["Defend_B"],"gold":223,"score":188,"play_id":"11beaaa7-30e7-4143-8da7-3920562c6587","local_time":"20180430225423","is_prod":false,"is_daily":false,"chose_seed":false,"is_ascension_mode":false,"campfire_upgraded":4,"timestamp":1525100063,"path_taken":["M","?","?","M","$","R","M","R","T","M","M","?","R","?","R","BOSS","M","M","M","?","?","R","E"],"build_version":"2018-04-27v3","seed_source_timestamp":306513172119240,"purchased_purges":1,"victory":false,"master_deck":["Strike_B","Strike_B","Strike_B+1","Strike_B","Defend_B","Defend_B","Defend_B","Zap+1","Dualcast","Reinforced Body+1","Genetic Algorithm+1","FTL","Streamline+1","Defragment+1","Reboot+1","Impulse+1","Hologram+1","Necronomicurse"],"max_hp_per_floor":[75,75,80,80,80,80,80,80,80,80,80,80,80,80,80,80,80,80,80,80,80,80,80,80],"relics":["Inserter","Matryoshka","Nuclear Battery","Necronomicon"],"card_choices":[{"not_picked":["Static Discharge","Ball Lightning"],"picked":"Reinforced Body","floor":1},{"not_picked":["Axe Kick","Beam Cell"],"picked":"Genetic Algorithm","floor":4},{"not_picked":["Rebound","Hello World"],"picked":"FTL","floor":7},{"not_picked":["Cold Snap","Rip and Tear"],"picked":"Streamline","floor":10},{"not_picked":["Fusion","Biased Cognition"],"picked":"Reboot","floor":16},{"not_picked":["Darkness","Beam Cell"],"picked":"Impulse","floor":19},{"not_picked":["Sweeping Beam","Axe Kick"],"picked":"Hologram","floor":20}],"player_experience":308528,"potions_floor_usage":[11,16,16,19],"damage_taken":[{"damage":5,"enemies":"Small Slimes","floor":1,"turns":4},{"damage":0,"enemies":"2 Louse","floor":4,"turns":3},{"damage":7,"enemies":"Jaw Worm","floor":7,"turns":5},{"damage":2,"enemies":"3 Louse","floor":10,"turns":4},{"damage":3,"enemies":"Lots of Slimes","floor":11,"turns":4},{"damage":11,"enemies":"Exordium Thugs","floor":12,"turns":5},{"damage":23,"enemies":"Hexaghost","floor":16,"turns":10},{"damage":8,"enemies":"Spheric Guardian","floor":18,"turns":4},{"damage":19,"enemies":"3 Byrds","floor":19,"turns":6},{"damage":36,"enemies":"Centurion and Healer","floor":20,"turns":8},{"damage":25,"enemies":"Book of Stabbing","floor":24,"turns":5}],"event_choices":[{"event_name":"Shining Light","player_choice":"Entered Light","floor":2,"damage_taken":0},{"event_name":"Big Fish","player_choice":"Donut","floor":3,"damage_taken":0},{"event_name":"Cursed Tome","player_choice":"Obtained Book","floor":21,"damage_taken":0},{"event_name":"Upgrade Shrine","player_choice":"Upgraded","floor":22,"damage_taken":0}],"boss_relics":[{"not_picked":["White Beast Statue","Runic Dome"],"picked":"Nuclear Battery"}],"potions_floor_spawned":[1,4,11,18],"seed_played":"-4487663279718163841","killed_by":"Book of Stabbing","ascension_level":0,"is_trial":false}