{"gold_per_floor":[117,133,152,227,227,227,227,22,22,40,60,86,86,96,96,201,201,219,231,231,231,506,534,552,552,552,585,89,89,102,115,115,218,218,232,249,45,45,90,90],"floor_reached":40,"playtime":1689,"items_purged":["Strike_R","Regret","Defend_R"],"score":726,"play_id":"408d25c2-74df-467c-afad-6e34c8b9573a","local_time":"20190203140509","is_ascension_mode":true,"campfire_choices":[{"data":"Whirlwind","floor":6,"key":"SMITH"},{"data":"Disarm","floor":15,"key":"SMITH"},{"data":"Fiend Fire","floor":25,"key":"SMITH"},{"data":"Bludgeon","floor":29,"key":"SMITH"},{"data":"Whirlwind","floor":32,"key":"SMITH"}],"neow_cost":"PERCENT_DAMAGE","seed_source_timestamp":104256309008300,"circlet_count":0,"master_deck":["Strike_R+1","Defend_R","Defend_R+1","Bash","Feed","Rage","Whirlwind+1","Disarm+1","Disarm","Battle Trance","Shrug It Off","Fiend Fire+1","Second Wind+1","Flex","Ghostly","Ghostly","Ghostly","Ghostly","Ghostly","True Grit+1","Bludgeon+1","Evolve","Ghostly","Whirlwind+1","Impervious","Berserk+1","Exhume+1","Feel No Pain","Power Through","True Grit+1"],"relics":["Burning Blood","Strawberry","Thread and Needle","Gremlin Horn","Runic Dome","MutagenicStrength","Pantograph","Kunai","Ornamental Fan","Bag of Marbles","DollysMirror","Astrolabe","Dead Branch"],"potions_floor_usage":[14,16,18,27,33,33,33],"damage_taken":[{"damage":11,"enemies":"Cultist","floor":1,"turns":4},{"damage":7,"enemies":"Jaw Worm","floor":2,"turns":3},{"damage":9,"enemies":"2 Louse","floor":3,"turns":4},{"damage":3,"enemies":"Looter","floor":10,"turns":4},{"damage":0,"enemies":"2 Fungi Beasts","floor":11,"turns":4},{"damage":6,"enemies":"3 Sentries","floor":12,"turns":4},{"damage":0,"enemies":"Gremlin Gang","floor":14,"turns":4},{"damage":0,"enemies":"The Guardian","floor":16,"turns":14},{"damage":0,"enemies":"Chosen","floor":18,"turns":6},{"damage":16,"enemies":"Spheric Guardian","floor":19,"turns":4},{"damage":0,"enemies":"Slavers","floor":23,"turns":8},{"damage":2,"enemies":"3 Cultists","floor":24,"turns":5},{"damage":2,"enemies":"Gremlin Leader","floor":27,"turns":6},{"damage":3,"enemies":"Snake Plant","floor":30,"turns":4},{"damage":0,"enemies":"Cultist and Chosen","floor":31,"turns":6},{"damage":39,"enemies":"Collector","floor":33,"turns":17},{"damage":16,"enemies":"3 Shapes","floor":35,"turns":1},{"damage":0,"enemies":"3 Darklings","floor":36,"turns":10},{"damage":0,"enemies":"2 Orb Walkers","floor":39,"turns":8},{"damage":63,"enemies":"Reptomancer","floor":40,"turns":2}],"seed_played":"6776582462823562379","potions_obtained":[{"floor":2,"key":"Dexterity Potion"},{"floor":11,"key":"BloodPotion"},{"floor":12,"key":"Fire Potion"},{"floor":14,"key":"Explosive Potion"},{"floor":18,"key":"Fruit Juice"},{"floor":19,"key":"FairyPotion"},{"floor":23,"key":"SkillPotion"},{"floor":33,"key":"Strength Potion"}],"is_trial":false,"path_per_floor":["M","M","M","?","?","R","?","$","T","M","M","E","?","M","R","B",null,"M","M","?","?","?","E","M","R","T","E","$","R","M","M","R","B",null,"M","M","$","?","?","E"],"character_chosen":"IRONCLAD","items_purchased":["Disarm","SteroidPotion","Bag of Marbles","DollysMirror","FearPotion","Power Through"],"campfire_rested":0,"item_purchase_floors":[8,8,28,28,28,37],"current_hp_per_floor":[49,51,51,40,40,40,21,21,21,27,33,36,36,45,45,51,92,103,93,93,55,55,58,61,61,61,61,61,61,61,61,61,28,53,43,52,52,52,58,0],"gold":90,"neow_bonus":"THREE_RARE_CARDS","is_prod":false,"is_daily":false,"chose_seed":false,"campfire_upgraded":5,"win_rate":0,"timestamp":1549170309,"path_taken":["M","?","M","?","?","R","?","?","T","M","M","E","?","?","R","BOSS","M","M","?","?","?","E","?","R","T","E","$","R","M","M","R","BOSS","M","?","$","?","?","E"],"build_version":"2019-01-23","purchased_purges":3,"victory":false,"max_hp_per_floor":[83,86,89,89,96,96,96,96,96,99,99,102,102,105,105,105,105,110,110,110,55,55,58,61,61,61,61,61,61,61,61,61,61,61,61,64,64,64,64,64],"card_choices":[{"not_picked":["Juggernaut","Exhume"],"picked":"Feed","floor":0},{"not_picked":["Heavy Blade","Body Slam"],"picked":"Rage","floor":1},{"not_picked":["Perfected Strike","Twin Strike","Wild Strike"],"picked":"SKIP","floor":2},{"not_picked":["Headbutt","Combust"],"picked":"Whirlwind","floor":3},{"not_picked":["Infernal Blade","Sever Soul"],"picked":"Disarm","floor":10},{"not_picked":["Dual Wield","Evolve"],"picked":"Battle Trance","floor":11},{"not_picked":["Whirlwind","Dark Embrace"],"picked":"Shrug It Off","floor":12},{"not_picked":["Cleave","Shrug It Off","Infernal Blade"],"picked":"SKIP","floor":14},{"not_picked":["Exhume","Limit Break"],"picked":"Fiend Fire","floor":16},{"not_picked":["Ghostly Armor","Perfected Strike"],"picked":"Second Wind+1","floor":18},{"not_picked":["Thunderclap","Blood for Blood"],"picked":"Flex","floor":19},{"not_picked":["Pummel+1","Armaments"],"picked":"True Grit+1","floor":23},{"not_picked":["Warcry","Cleave"],"picked":"Bludgeon","floor":24},{"not_picked":["Dropkick","Inflame"],"picked":"Evolve","floor":27},{"not_picked":["Perfected Strike","Ghostly Armor","Clash+1"],"picked":"SKIP","floor":30},{"not_picked":["Flex","Armaments+1"],"picked":"Whirlwind","floor":31},{"not_picked":["Bludgeon","Limit Break"],"picked":"Impervious","floor":33},{"not_picked":["Spot Weakness+1","Twin Strike+1","Havoc+1"],"picked":"SKIP","floor":35},{"not_picked":["Iron Wave+1","Cleave+1"],"picked":"Feel No Pain","floor":36},{"not_picked":["Hemokinesis+1","Pommel Strike"],"picked":"True Grit+1","floor":39}],"player_experience":16443,"relics_obtained":[{"floor":9,"key":"Thread and Needle"},{"floor":12,"key":"Gremlin Horn"},{"floor":23,"key":"Pantograph"},{"floor":26,"key":"Kunai"},{"floor":27,"key":"Ornamental Fan"},{"floor":39,"key":"Dead Branch"}],"event_choices":[{"damage_healed":0,"gold_gain":75,"player_choice":"Gather Gold","damage_taken":11,"max_hp_gain":0,"max_hp_loss":0,"event_name":"World of Goop","floor":4,"gold_loss":0},{"damage_healed":0,"gold_gain":0,"player_choice":"Success","damage_taken":7,"relics_obtained":["Strawberry"],"max_hp_gain":0,"max_hp_loss":0,"event_name":"Scrap Ooze","floor":5,"gold_loss":0},{"damage_healed":0,"gold_gain":0,"player_choice":"Entered Light","damage_taken":19,"max_hp_gain":0,"max_hp_loss":0,"event_name":"Shining Light","floor":7,"gold_loss":0,"cards_upgraded":["Strike_R","Defend_R"]},{"cards_removed":["Strike_R"],"damage_healed":0,"gold_gain":0,"player_choice":"Purged","damage_taken":0,"max_hp_gain":0,"max_hp_loss":0,"event_name":"Purifier","floor":13,"gold_loss":0},{"damage_healed":0,"gold_gain":0,"player_choice":"Inject Mutagens","damage_taken":0,"relics_obtained":["MutagenicStrength"],"max_hp_gain":0,"max_hp_loss":0,"event_name":"Drug Dealer","floor":20,"gold_loss":0},{"damage_healed":0,"gold_gain":0,"player_choice":"Became a Ghost","damage_taken":0,"max_hp_gain":0,"max_hp_loss":55,"event_name":"Ghosts","floor":21,"gold_loss":0,"cards_obtained":["Ghostly","Ghostly","Ghostly","Ghostly","Ghostly"]},{"damage_healed":0,"gold_gain":275,"player_choice":"Desecrate","damage_taken":0,"max_hp_gain":0,"max_hp_loss":0,"event_name":"Golden Shrine","floor":22,"gold_loss":0,"cards_obtained":["Regret"]},{"cards_removed":["Rampage"],"damage_healed":0,"gold_gain":0,"player_choice":"Removed Attack","damage_taken":0,"max_hp_gain":0,"max_hp_loss":0,"event_name":"Falling","floor":38,"gold_loss":0},{"damage_healed":0,"gold_gain":0,"player_choice":"Fight","damage_taken":0,"max_hp_gain":0,"max_hp_loss":0,"event_name":"Mysterious Sphere","floor":39,"gold_loss":0}],"is_beta":false,"boss_relics":[{"not_picked":["Ectoplasm","Busted Crown"],"picked":"Runic Dome"},{"not_picked":["Calling Bell","Eternal Feather"],"picked":"Astrolabe"}],"items_purged_floors":[8,28,37],"is_endless":false,"potions_floor_spawned":[2,11,12,14,18,19,23,33],"killed_by":"Reptomancer","ascension_level":8}