{"gold_per_floor":[211,229,132,151,162,197,197,197,197,226,191,222,222,277,277,374,374,389,405,405,419,429,309,371,313,340,340,371,371,402,402,402,497,497,512,512,282,350,364,364,464,475,475,485,501,512,512,612,612,612,612,612,10,44,44],"floor_reached":55,"playtime":3415,"items_purged":[],"score":823,"play_id":"d45342de-c5f4-431e-aed3-afa2b17dfd2a","local_time":"20181216173925","is_ascension_mode":false,"campfire_choices":[{"floor":13,"key":"REST"},{"floor":15,"key":"REST"},{"floor":27,"key":"REST"},{"data":"Infernal Blade","floor":29,"key":"SMITH"},{"floor":32,"key":"RECALL"},{"floor":40,"key":"REST"},{"floor":47,"key":"REST"},{"data":"Jack Of All Trades","floor":49,"key":"SMITH"},{"data":"Offering","floor":52,"key":"SMITH"}],"neow_cost":"NONE","seed_source_timestamp":13748978564972,"circlet_count":0,"master_deck":["Strike_R","Strike_R","Strike_R+1","Strike_R+1","Strike_R","Defend_R+1","Defend_R","Defend_R","Defend_R","Bash","Shockwave","Clash","Jack Of All Trades+1","Shrug It Off","Corruption","Iron Wave+1","Disarm","Shrug It Off","Offering+1","Carnage","Sever Soul","Intimidate","Pummel","Feel No Pain","Second Wind","Pommel Strike","Feel No Pain","Infernal Blade+1","Spot Weakness","Fiend Fire","Power Through+1","Limit Break","Iron Wave","Seeing Red","Shrug It Off","Corruption+1","Shrug It Off+1","Ghostly Armor+1","Infernal Blade","Metallicize+1","Havoc+1"],"relics":["Burning Blood","Matryoshka","Bag of Marbles","Happy Flower","The Courier","White Beast Statue","Nilry\u0027s Codex","Tiny Chest","Vajra","Centennial Puzzle","Art of War","Gremlin Horn","Kunai","Runic Cube","Blue Candle","Ancient Tea Set","Nunchaku","HandDrill","Lantern","Whetstone","Letter Opener","Strawberry"],"potions_floor_usage":[6,10,10,16,19,22,22,24,28,28,33,33,35,45,46,48,50,54,55],"damage_taken":[{"damage":6,"enemies":"Cultist","floor":1,"turns":3},{"damage":5,"enemies":"2 Louse","floor":2,"turns":3},{"damage":10,"enemies":"Small Slimes","floor":4,"turns":3},{"damage":4,"enemies":"Blue Slaver","floor":5,"turns":3},{"damage":5,"enemies":"3 Sentries","floor":6,"turns":5},{"damage":32,"enemies":"Gremlin Nob","floor":10,"turns":5},{"damage":20,"enemies":"Lagavulin","floor":12,"turns":7},{"damage":8,"enemies":"Slime Boss","floor":16,"turns":7},{"damage":6,"enemies":"3 Byrds","floor":18,"turns":7},{"damage":12,"enemies":"Chosen","floor":19,"turns":4},{"damage":14,"enemies":"Centurion and Healer","floor":21,"turns":6},{"damage":2,"enemies":"Snake Plant","floor":22,"turns":3},{"damage":27,"enemies":"Book of Stabbing","floor":24,"turns":7},{"damage":6,"enemies":"Slavers","floor":28,"turns":5},{"damage":8,"enemies":"Book of Stabbing","floor":30,"turns":6},{"damage":19,"enemies":"Automaton","floor":33,"turns":8},{"damage":38,"enemies":"3 Darklings","floor":35,"turns":4},{"damage":6,"enemies":"Orb Walker","floor":39,"turns":1},{"damage":17,"enemies":"4 Shapes","floor":42,"turns":6},{"damage":1,"enemies":"Sphere and 2 Shapes","floor":44,"turns":4},{"damage":14,"enemies":"Transient","floor":45,"turns":5},{"damage":4,"enemies":"Spire Growth","floor":46,"turns":5},{"damage":15,"enemies":"Mind Bloom Boss Battle","floor":48,"turns":7},{"damage":35,"enemies":"Donu and Deca","floor":50,"turns":12},{"damage":21,"enemies":"Shield and Spear","floor":54,"turns":9},{"damage":74,"enemies":"The Heart","floor":55,"turns":3}],"seed_played":"-6223310207594017209","potions_obtained":[{"floor":1,"key":"Fire Potion"},{"floor":5,"key":"Weak Potion"},{"floor":6,"key":"BloodPotion"},{"floor":12,"key":"Swift Potion"},{"floor":16,"key":"Fire Potion"},{"floor":18,"key":"Fire Potion"},{"floor":19,"key":"LiquidBronze"},{"floor":21,"key":"Poison Potion"},{"floor":22,"key":"Regen Potion"},{"floor":24,"key":"Regen Potion"},{"floor":28,"key":"Dexterity Potion"},{"floor":30,"key":"Explosive Potion"},{"floor":33,"key":"LiquidBronze"},{"floor":35,"key":"SpeedPotion"},{"floor":39,"key":"Ancient Potion"},{"floor":42,"key":"Strength Potion"},{"floor":44,"key":"LiquidBronze"},{"floor":45,"key":"Poison Potion"},{"floor":46,"key":"Block Potion"},{"floor":48,"key":"Regen Potion"},{"floor":54,"key":"Fire Potion"}],"is_trial":false,"path_per_floor":["M","M","$","M","M","E","?","?","T","E","?","E","R","?","R","B",null,"M","M","?","M","M","$","E","$","T","R","E","R","E","T","R","B",null,"M","?","$","T","M","R","?","M","T","M","M","M","R","?","R","B",null,"R","$","E","B"],"character_chosen":"IRONCLAD","items_purchased":["Jack Of All Trades","Feel No Pain","Second Wind","Feel No Pain","Limit Break","Iron Wave","Seeing Red","HandDrill","Lantern","Whetstone","Letter Opener"],"campfire_rested":5,"item_purchase_floors":[3,23,23,25,37,37,37,53,53,53,53],"current_hp_per_floor":[80,80,80,76,78,79,79,63,63,45,45,31,55,55,79,77,80,80,74,58,50,54,54,48,48,48,72,80,80,78,78,78,65,80,48,48,48,48,48,72,72,61,61,66,58,60,80,71,71,57,80,80,80,72,0],"gold":44,"neow_bonus":"HUNDRED_GOLD","is_prod":false,"is_daily":false,"chose_seed":false,"campfire_upgraded":3,"win_rate":0,"timestamp":1544974765,"path_taken":["M","M","$","?","M","E","?","?","T","E","?","E","R","?","R","BOSS","M","M","?","M","M","$","E","$","T","R","E","R","E","?","R","BOSS","M","?","$","?","M","R","?","?","T","M","M","M","R","?","R","BOSS","R","$","E","BOSS"],"build_version":"2018-12-13","purchased_purges":0,"victory":false,"max_hp_per_floor":[80,80,80,80,80,80,80,80,80,80,80,80,80,80,80,80,80,80,80,80,80,80,80,80,80,80,80,80,80,80,80,80,80,80,80,80,80,80,80,80,80,80,80,80,80,80,80,80,80,80,80,80,80,87,87],"card_choices":[{"not_picked":["Ghostly Armor","Dropkick"],"picked":"Shockwave","floor":1},{"not_picked":["Bloodletting","Shrug It Off"],"picked":"Clash","floor":2},{"not_picked":["Blood for Blood","Entrench"],"picked":"Shrug It Off","floor":4},{"not_picked":["Armaments","Whirlwind"],"picked":"Corruption","floor":5},{"not_picked":["Sword Boomerang","Anger"],"picked":"Iron Wave","floor":6},{"not_picked":["Rupture","Barricade"],"picked":"Disarm","floor":10},{"not_picked":["Pommel Strike","Twin Strike"],"picked":"Shrug It Off","floor":12},{"not_picked":["Juggernaut","Demon Form"],"picked":"Offering","floor":16},{"not_picked":["Perfected Strike+1","Bloodletting"],"picked":"Carnage","floor":18},{"not_picked":["Wild Strike","Anger"],"picked":"Sever Soul","floor":19},{"not_picked":["Shrug It Off","Anger"],"picked":"Intimidate","floor":21},{"not_picked":["Anger","Evolve"],"picked":"Pummel","floor":22},{"not_picked":["Inflame","Heavy Blade+1"],"picked":"Pommel Strike","floor":24},{"not_picked":["Dual Wield","Hemokinesis"],"picked":"Infernal Blade","floor":28},{"not_picked":["True Grit","Fire Breathing"],"picked":"Spot Weakness","floor":30},{"not_picked":["Berserk","Demon Form"],"picked":"Fiend Fire","floor":33},{"not_picked":["Anger","Battle Trance"],"picked":"Power Through+1","floor":35},{"not_picked":["Burning Pact+1","Pummel"],"picked":"Shrug It Off","floor":39},{"not_picked":["Headbutt+1","Havoc"],"picked":"Corruption+1","floor":42},{"not_picked":["Rupture+1","Rage"],"picked":"Shrug It Off+1","floor":44},{"not_picked":["Feed","Inflame"],"picked":"Ghostly Armor+1","floor":45},{"not_picked":["Sentinel+1","Sword Boomerang+1"],"picked":"Infernal Blade","floor":46},{"not_picked":["Flame Barrier","Body Slam"],"picked":"Metallicize+1","floor":48},{"not_picked":["True Grit+1","Heavy Blade+1"],"picked":"Havoc+1","floor":54}],"player_experience":833884,"relics_obtained":[{"floor":6,"key":"Matryoshka"},{"floor":9,"key":"Bag of Marbles"},{"floor":10,"key":"Happy Flower"},{"floor":12,"key":"The Courier"},{"floor":20,"key":"Nilry\u0027s Codex"},{"floor":24,"key":"Tiny Chest"},{"floor":26,"key":"Vajra"},{"floor":26,"key":"Centennial Puzzle"},{"floor":28,"key":"Art of War"},{"floor":30,"key":"Gremlin Horn"},{"floor":31,"key":"Kunai"},{"floor":38,"key":"Blue Candle"},{"floor":43,"key":"Ancient Tea Set"},{"floor":48,"key":"Nunchaku"},{"floor":54,"key":"Strawberry"}],"event_choices":[{"damage_healed":0,"gold_gain":0,"player_choice":"Leave","damage_taken":0,"max_hp_gain":0,"max_hp_loss":0,"event_name":"The Cleric","floor":7,"gold_loss":0},{"damage_healed":0,"gold_gain":0,"player_choice":"Entered Light","damage_taken":16,"max_hp_gain":0,"max_hp_loss":0,"event_name":"Shining Light","floor":8,"gold_loss":0,"cards_upgraded":["Defend_R","Iron Wave"]},{"damage_healed":0,"gold_gain":0,"player_choice":"Left Gold","damage_taken":0,"max_hp_gain":0,"max_hp_loss":0,"event_name":"World of Goop","floor":11,"gold_loss":35},{"damage_healed":0,"gold_gain":55,"player_choice":"Gained Gold","damage_taken":0,"max_hp_gain":0,"max_hp_loss":0,"event_name":"Golden Wing","floor":14,"gold_loss":0},{"damage_healed":0,"gold_gain":0,"player_choice":"Obtained Book","damage_taken":16,"max_hp_gain":0,"max_hp_loss":0,"event_name":"Cursed Tome","floor":20,"gold_loss":0},{"damage_healed":0,"gold_gain":0,"player_choice":"Ignored","damage_taken":0,"max_hp_gain":0,"max_hp_loss":0,"event_name":"Purifier","floor":36,"gold_loss":0},{"damage_healed":0,"gold_gain":100,"player_choice":"Pray","damage_taken":0,"max_hp_gain":0,"max_hp_loss":0,"event_name":"Golden Shrine","floor":41,"gold_loss":0},{"damage_healed":0,"gold_gain":0,"player_choice":"Fight","damage_taken":0,"max_hp_gain":0,"max_hp_loss":0,"event_name":"MindBloom","floor":48,"gold_loss":0}],"is_beta":false,"boss_relics":[{"not_picked":["Empty Cage","Snecko Eye"],"picked":"White Beast Statue"},{"not_picked":["Cursed Key","Tiny House"],"picked":"Runic Cube"}],"items_purged_floors":[],"is_endless":false,"potions_floor_spawned":[1,5,6,12,16,18,19,21,22,24,28,30,33,35,39,42,44,45,46,48,54],"killed_by":"The Heart","ascension_level":0}