{"gold_per_floor":[109,109,109,125,125,158,158,172,172,172,184,184,211,21,21,98,98,111,130,144,144,156,186,186,186,186,186,220,240,259,94,94,166,166,178,198,253,253,267,280,280,309,363,388,388,146,146,162,162,162,162,162,162,21,52,52],"floor_reached":56,"playtime":2153,"items_purged":["Strike_R"],"score":2110,"play_id":"b6b6d6f0-7c80-4bad-ae9b-46c261b6b637","local_time":"20190412192149","is_ascension_mode":true,"campfire_choices":[{"data":"Carnage","floor":7.0,"key":"SMITH"},{"data":"Uppercut","floor":10.0,"key":"SMITH"},{"data":"True Grit","floor":12.0,"key":"SMITH"},{"data":"True Grit","floor":15.0,"key":"SMITH"},{"floor":25.0,"key":"REST"},{"data":"Immolate","floor":27.0,"key":"SMITH"},{"data":"Shockwave","floor":32.0,"key":"SMITH"},{"data":"Demon Form","floor":41.0,"key":"SMITH"},{"data":"Feel No Pain","floor":45.0,"key":"SMITH"},{"floor":49.0,"key":"RECALL"},{"data":"Evolve","floor":53.0,"key":"SMITH"}],"neow_cost":"NONE","seed_source_timestamp":26003919646900,"circlet_count":0,"master_deck":["AscendersBane","Strike_R","Strike_R","Defend_R","Defend_R","Defend_R+1","Defend_R","Bash","True Grit+1","Uppercut+1","Evolve+1","Carnage+1","Impervious+1","True Grit+1","Immolate+1","Offering+1","Armaments+1","Shockwave","Shockwave+1","Flame Barrier","Whirlwind+1","Feel No Pain+1","Carnage+1","Demon Form+1","Entrench","Flame Barrier+1","Exhume","Reaper","Heavy Blade","Shockwave+1","Corruption+1","Sentinel","Feel No Pain","True Grit","True Grit"],"special_seed":0,"relics":["Burning Blood","NeowsBlessing","Question Card","Pear","Ancient Tea Set","Sundial","Oddly Smooth Stone","Snecko Eye","Prayer Wheel","Thread and Needle","Anchor","PreservedInsect","Mark of Pain","Nunchaku","Bag of Marbles","War Paint","Art of War","Vajra"],"potions_floor_usage":[56,56],"damage_taken":[{"damage":0.0,"enemies":"2 Louse","floor":1.0,"turns":1.0},{"damage":3.0,"enemies":"Small Slimes","floor":4.0,"turns":2.0},{"damage":0.0,"enemies":"Lagavulin","floor":6.0,"turns":1.0},{"damage":6.0,"enemies":"Cultist","floor":8.0,"turns":3.0},{"damage":0.0,"enemies":"Looter","floor":11.0,"turns":1.0},{"damage":16.0,"enemies":"3 Sentries","floor":13.0,"turns":6.0},{"damage":52.0,"enemies":"Hexaghost","floor":16.0,"turns":11.0},{"damage":0.0,"enemies":"Chosen","floor":18.0,"turns":3.0},{"damage":7.0,"enemies":"2 Thieves","floor":19.0,"turns":2.0},{"damage":17.0,"enemies":"Shelled Parasite and Fungi","floor":20.0,"turns":2.0},{"damage":18.0,"enemies":"Snake Plant","floor":22.0,"turns":2.0},{"damage":40.0,"enemies":"Gremlin Leader","floor":23.0,"turns":6.0},{"damage":6.0,"enemies":"Book of Stabbing","floor":28.0,"turns":4.0},{"damage":23.0,"enemies":"Sentry and Sphere","floor":29.0,"turns":3.0},{"damage":6.0,"enemies":"Snecko","floor":30.0,"turns":2.0},{"damage":9.0,"enemies":"Champ","floor":33.0,"turns":10.0},{"damage":0.0,"enemies":"Orb Walker","floor":35.0,"turns":4.0},{"damage":0.0,"enemies":"3 Darklings","floor":36.0,"turns":3.0},{"damage":20.0,"enemies":"2 Orb Walkers","floor":37.0,"turns":4.0},{"damage":15.0,"enemies":"Maw","floor":39.0,"turns":8.0},{"damage":6.0,"enemies":"Sphere and 2 Shapes","floor":40.0,"turns":4.0},{"damage":6.0,"enemies":"Reptomancer","floor":42.0,"turns":2.0},{"damage":18.0,"enemies":"Giant Head","floor":44.0,"turns":9.0},{"damage":14.0,"enemies":"Transient","floor":48.0,"turns":6.0},{"damage":3.0,"enemies":"Time Eater","floor":50.0,"turns":9.0},{"damage":26.0,"enemies":"Donu and Deca","floor":51.0,"turns":6.0},{"damage":31.0,"enemies":"Shield and Spear","floor":55.0,"turns":5.0},{"damage":76,"enemies":"The Heart","floor":56,"turns":5}],"seed_played":"-565424922695588715","potions_obtained":[{"floor":4.0,"key":"Strength Potion"},{"floor":6.0,"key":"BloodPotion"},{"floor":16.0,"key":"Weak Potion"},{"floor":18.0,"key":"PowerPotion"},{"floor":29.0,"key":"Regen Potion"},{"floor":33.0,"key":"LiquidBronze"},{"floor":37.0,"key":"Dexterity Potion"}],"is_trial":false,"path_per_floor":["M","?","?","M","?","E","R","M","T","R","M","R","E","$","R","B",null,"M","M","M","?","M","E","?","R","T","R","E","M","M","$","R","B",null,"M","M","?","?","M","M","R","E","T","E","R","$","?","M","R","B","B",null,"R","$","E","B"],"character_chosen":"IRONCLAD","items_purchased":["Oddly Smooth Stone","True Grit","PreservedInsect","Art of War","Feel No Pain","True Grit"],"campfire_rested":1,"item_purchase_floors":[14,14,31,46,54,54],"current_hp_per_floor":[74,69,69,72,77,90,90,90,90,90,90,90,80,80,80,34,76,82,81,70,70,58,24,24,51,51,51,51,34,34,34,34,46,79,85,90,76,76,67,67,67,67,67,67,67,67,67,59,59,86,90,90,90,90,77,22],"gold":52,"neow_bonus":"THREE_ENEMY_KILL","is_prod":false,"is_daily":false,"chose_seed":false,"campfire_upgraded":9,"win_rate":0,"timestamp":1555064509,"path_taken":["M","?","?","?","?","E","R","M","T","R","M","R","E","?","R","BOSS","M","M","M","?","?","E","?","R","T","R","E","M","M","$","R","BOSS","M","?","?","?","M","M","R","E","T","E","R","$","?","?","R","BOSS","BOSS","R","$","E","BOSS"],"build_version":"2019-01-23","purchased_purges":1,"victory":false,"max_hp_per_floor":[75,75,75,75,80,90,90,90,90,90,90,90,90,90,90,90,90,90,90,90,90,90,90,90,90,90,90,90,90,90,90,90,90,90,90,90,90,90,90,90,90,90,90,90,90,90,90,90,90,90,90,90,90,90,90,90],"card_choices":[{"not_picked":["Havoc","Blood for Blood"],"picked":"True Grit","floor":1.0},{"not_picked":["Pummel","Cleave","Thunderclap"],"picked":"Evolve","floor":4.0},{"not_picked":["Rampage","True Grit","Spot Weakness"],"picked":"Carnage","floor":6.0},{"not_picked":["Havoc","Clothesline","Perfected Strike","Blood for Blood"],"picked":"SKIP","floor":8.0},{"not_picked":["Evolve","Searing Blow","Havoc","Carnage"],"picked":"SKIP","floor":11.0},{"not_picked":["Metallicize","Perfected Strike","Armaments"],"picked":"Impervious","floor":13.0},{"not_picked":["Barricade","Bludgeon","Reaper"],"picked":"Immolate","floor":16.0},{"not_picked":["Sword Boomerang","Shrug It Off","Clash"],"picked":"Offering","floor":18.0},{"not_picked":["Second Wind","Perfected Strike","Headbutt"],"picked":"Armaments+1","floor":19.0},{"not_picked":["Rage","Fire Breathing","Blood for Blood"],"picked":"Shockwave","floor":20.0},{"not_picked":["Evolve","Cleave","Spot Weakness"],"picked":"Shockwave","floor":22.0},{"not_picked":["Dropkick","Evolve","Intimidate"],"picked":"Flame Barrier","floor":23.0},{"not_picked":["Anger","Clothesline","Pommel Strike"],"picked":"Whirlwind+1","floor":28.0},{"not_picked":["Heavy Blade","Sword Boomerang","Clash+1","Thunderclap"],"picked":"SKIP","floor":29.0},{"not_picked":["Inflame","Power Through","Body Slam","Havoc+1"],"picked":"SKIP","floor":29.0},{"not_picked":["Flex","Thunderclap","Twin Strike"],"picked":"Feel No Pain","floor":30.0},{"not_picked":["Warcry","Clothesline","Cleave"],"picked":"Carnage+1","floor":30.0},{"not_picked":["Exhume","Dark Embrace","Berserk"],"picked":"Demon Form","floor":33.0},{"not_picked":["Shockwave","Armaments","Headbutt"],"picked":"Entrench","floor":35.0},{"not_picked":["Headbutt+1","Reckless Charge+1","Bloodletting","Havoc"],"picked":"SKIP","floor":35.0},{"not_picked":["Clash","Headbutt","Fire Breathing"],"picked":"Flame Barrier+1","floor":36.0},{"not_picked":["Clothesline","Anger","Perfected Strike+1","Carnage"],"picked":"SKIP","floor":36.0},{"not_picked":["Clash","Body Slam+1","Bloodletting"],"picked":"Exhume","floor":37.0},{"not_picked":["Searing Blow","Perfected Strike+1","Pommel Strike","Iron Wave"],"picked":"SKIP","floor":39.0},{"not_picked":["Perfected Strike","Clash","True Grit+1","Sword Boomerang+1"],"picked":"SKIP","floor":39.0},{"not_picked":["Carnage+1","Cleave","Metallicize"],"picked":"Reaper","floor":40.0},{"not_picked":["Pommel Strike","Cleave","Twin Strike+1","Shrug It Off"],"picked":"SKIP","floor":40.0},{"not_picked":["Clothesline+1","Shrug It Off","Uppercut"],"picked":"Heavy Blade","floor":42.0},{"not_picked":["Clothesline+1","Rupture","Limit Break"],"picked":"Shockwave+1","floor":44.0},{"not_picked":["Armaments+1","Heavy Blade+1","Perfected Strike+1"],"picked":"Corruption+1","floor":48.0},{"not_picked":["Inflame","Thunderclap+1","Uppercut"],"picked":"Sentinel","floor":48.0},{"not_picked":["Blood for Blood","Perfected Strike","Twin Strike"],"picked":"True Grit","floor":55.0}],"player_experience":3080595,"relics_obtained":[{"floor":6.0,"key":"Pear"},{"floor":9.0,"key":"Ancient Tea Set"},{"floor":13.0,"key":"Sundial"},{"floor":23.0,"key":"Prayer Wheel"},{"floor":26.0,"key":"Thread and Needle"},{"floor":28.0,"key":"Anchor"},{"floor":37.0,"key":"Nunchaku"},{"floor":42.0,"key":"Bag of Marbles"},{"floor":44.0,"key":"War Paint"},{"floor":55.0,"key":"Vajra"}],"event_choices":[{"damage_healed":0.0,"max_hp_gain":0.0,"max_hp_loss":0.0,"gold_gain":0.0,"event_name":"Scrap Ooze","player_choice":"Success","floor":2.0,"gold_loss":0.0,"damage_taken":5.0,"relics_obtained":["Question Card"]},{"damage_healed":0.0,"max_hp_gain":0.0,"max_hp_loss":0.0,"gold_gain":0.0,"cards_transformed":["Strike_R"],"event_name":"Transmorgrifier","player_choice":"Transformed","floor":3.0,"gold_loss":0.0,"damage_taken":0.0,"cards_obtained":["Uppercut"]},{"damage_healed":0.0,"max_hp_gain":5.0,"max_hp_loss":0.0,"gold_gain":0.0,"event_name":"Big Fish","player_choice":"Donut","floor":5.0,"gold_loss":0.0,"damage_taken":0.0},{"damage_healed":0.0,"max_hp_gain":0.0,"max_hp_loss":0.0,"gold_gain":0.0,"event_name":"Match and Keep!","player_choice":"0 cards matched","floor":21.0,"gold_loss":0.0,"damage_taken":0.0,"cards_obtained":[]},{"cards_removed":["Strike_R"],"damage_healed":0.0,"max_hp_gain":0.0,"max_hp_loss":0.0,"gold_gain":0.0,"event_name":"Purifier","player_choice":"Purged","floor":24.0,"gold_loss":0.0,"damage_taken":0.0},{"damage_healed":0.0,"max_hp_gain":0.0,"max_hp_loss":0.0,"gold_gain":0.0,"event_name":"Mysterious Sphere","player_choice":"Fight","floor":37.0,"gold_loss":0.0,"damage_taken":0.0},{"damage_healed":0.0,"max_hp_gain":0.0,"max_hp_loss":0.0,"gold_gain":0.0,"event_name":"Tomb of Lord Red Mask","player_choice":"Ignored","floor":38.0,"gold_loss":0.0,"damage_taken":0.0},{"damage_healed":0.0,"max_hp_gain":0.0,"max_hp_loss":0.0,"gold_gain":0.0,"event_name":"Upgrade Shrine","player_choice":"Upgraded","floor":47.0,"gold_loss":0.0,"damage_taken":0.0,"cards_upgraded":["Offering"]}],"is_beta":false,"boss_relics":[{"not_picked":["Tiny House","Busted Crown"],"picked":"Snecko Eye"},{"not_picked":["Lizard Tail","Sozu"],"picked":"Mark of Pain"}],"items_purged_floors":[46],"is_endless":false,"potions_floor_spawned":[4,6,8,16,18,19,29,33,37,39,40,48],"killed_by":"The Heart","ascension_level":20}