{"gold_per_floor":[114,127,52,52,72,72,72,107,107,107,122,148,148,73,73,149,149,149,149,149,149,26,26,26,26,26,26,26,26,26,26,26,26,26,26,26,0,0,0,0,0,0,0,0,0,0,0,0,0,0,0,0,0,0,0,0],"floor_reached":57,"playtime":2629,"items_purged":["Strike_R"],"score":2876,"play_id":"fa019b0f-83b1-4a2c-bfdd-03767f997049","local_time":"20190325183433","is_ascension_mode":true,"campfire_choices":[{"data":"True Grit","floor":6,"key":"SMITH"},{"data":"Body Slam","floor":10,"key":"SMITH"},{"data":"True Grit","floor":13,"key":"SMITH"},{"data":"Rampage","floor":15,"key":"SMITH"},{"data":"Feel No Pain","floor":28,"key":"SMITH"},{"data":"Shockwave","floor":30,"key":"SMITH"},{"data":"Dual Wield","floor":32,"key":"SMITH"},{"data":"Fiend Fire","floor":40,"key":"SMITH"},{"data":"Second Wind","floor":47,"key":"SMITH"},{"floor":49,"key":"RECALL"},{"data":"Exhume","floor":53,"key":"SMITH"}],"neow_cost":"NONE","seed_source_timestamp":82821302375000,"circlet_count":0,"master_deck":["AscendersBane","Defend_R","Defend_R","True Grit+1","Second Wind+1","Body Slam+1","Exhume+1","True Grit+1","Warcry","Reaper","Carnage","Flame Barrier","Feel No Pain+1","Shockwave+1","Whirlwind+1","Juggernaut+1","Dual Wield+1","Fiend Fire+1","Feel No Pain+1","Fire Breathing+1","Shrug It Off+1","Ghostly Armor+1","Armaments+1"],"relics":["Burning Blood","NeowsBlessing","Dead Branch","Bird Faced Urn","Lantern","Ectoplasm","Orichalcum","Ice Cream","PreservedInsect","Astrolabe","Red Mask","Frozen Egg 2","Juzu Bracelet","Dream Catcher","Self Forming Clay"],"potions_floor_usage":[16,16,56,56],"damage_taken":[{"damage":0,"enemies":"Jaw Worm","floor":1,"turns":1},{"damage":0,"enemies":"Cultist","floor":2,"turns":1},{"damage":0,"enemies":"2 Louse","floor":5,"turns":1},{"damage":41,"enemies":"Lagavulin","floor":8,"turns":8},{"damage":1,"enemies":"Blue Slaver","floor":11,"turns":4},{"damage":25,"enemies":"Gremlin Nob","floor":12,"turns":4},{"damage":22,"enemies":"Slime Boss","floor":16,"turns":5},{"damage":3,"enemies":"Chosen","floor":18,"turns":7},{"damage":16,"enemies":"Shell Parasite","floor":19,"turns":4},{"damage":0,"enemies":"Snecko","floor":21,"turns":5},{"damage":17,"enemies":"Slavers","floor":23,"turns":4},{"damage":7,"enemies":"Centurion and Healer","floor":24,"turns":9},{"damage":0,"enemies":"3 Cultists","floor":27,"turns":3},{"damage":0,"enemies":"Gremlin Leader","floor":31,"turns":4},{"damage":19,"enemies":"Collector","floor":33,"turns":6},{"damage":22,"enemies":"3 Darklings","floor":35,"turns":5},{"damage":0,"enemies":"3 Shapes","floor":36,"turns":1},{"damage":6,"enemies":"Sphere and 2 Shapes","floor":38,"turns":5},{"damage":7,"enemies":"Nemesis","floor":41,"turns":3},{"damage":5,"enemies":"3 Darklings","floor":42,"turns":4},{"damage":48,"enemies":"Reptomancer","floor":45,"turns":6},{"damage":2,"enemies":"Jaw Worm Horde","floor":46,"turns":4},{"damage":0,"enemies":"Giant Head","floor":48,"turns":8},{"damage":50,"enemies":"Time Eater","floor":50,"turns":8},{"damage":28,"enemies":"Donu and Deca","floor":51,"turns":11},{"damage":67,"enemies":"Shield and Spear","floor":55,"turns":12},{"damage":33,"enemies":"The Heart","floor":56,"turns":8}],"seed_played":"6670051742284075338","potions_obtained":[{"floor":8,"key":"Fire Potion"},{"floor":11,"key":"Fire Potion"},{"floor":21,"key":"Dexterity Potion"},{"floor":24,"key":"Strength Potion"},{"floor":46,"key":"Dexterity Potion"}],"is_trial":false,"path_per_floor":["M","M","?","?","M","R","?","E","T","R","M","E","R","$","R","B",null,"M","M","?","M","$","E","M","?","T","M","R","?","R","E","R","B",null,"M","M","?","M","?","R","E","M","T","$","E","M","R","E","R","B","B",null,"R","$","E","B",null],"character_chosen":"IRONCLAD","items_purchased":["Feel No Pain","Shockwave"],"campfire_rested":0,"item_purchase_floors":[22,22],"current_hp_per_floor":[74,75,75,75,75,75,75,40,40,40,49,32,32,32,32,16,60,75,65,65,75,75,70,75,75,75,75,75,75,75,75,75,75,75,71,75,75,75,75,75,75,75,75,75,42,57,57,75,75,40,66,73,73,73,36,37],"gold":0,"neow_bonus":"THREE_ENEMY_KILL","is_prod":false,"is_daily":false,"chose_seed":false,"campfire_upgraded":10,"win_rate":0,"timestamp":1553506473,"path_taken":["M","M","?","?","?","R","?","E","T","R","M","E","R","$","R","BOSS","M","M","?","M","$","E","M","?","T","?","R","?","R","E","R","BOSS","M","?","?","M","?","R","E","M","T","$","E","M","R","E","R","BOSS","BOSS","R","$","E","BOSS"],"build_version":"2019-01-23","purchased_purges":1,"victory":true,"max_hp_per_floor":[75,75,75,75,75,75,75,75,75,75,75,75,75,75,75,75,75,75,75,75,75,75,75,75,75,75,75,75,75,75,75,75,75,75,75,75,75,75,75,75,75,75,75,75,75,75,75,75,75,75,75,75,75,75,75,75],"card_choices":[{"not_picked":["Twin Strike","Wild Strike"],"picked":"True Grit","floor":1},{"not_picked":["Perfected Strike","Heavy Blade"],"picked":"Rampage","floor":2},{"not_picked":["Warcry","Anger"],"picked":"Body Slam","floor":5},{"not_picked":["Clash","Sentinel"],"picked":"Exhume","floor":8},{"not_picked":["Clash","Inflame"],"picked":"True Grit","floor":11},{"not_picked":["Infernal Blade","Berserk"],"picked":"Warcry","floor":12},{"not_picked":["Demon Form","Double Tap"],"picked":"Reaper","floor":16},{"not_picked":["Warcry","Perfected Strike","Infernal Blade"],"picked":"SKIP","floor":18},{"not_picked":["Heavy Blade","Clash","Pommel Strike"],"picked":"SKIP","floor":19},{"not_picked":["Twin Strike","Havoc"],"picked":"Intimidate","floor":21},{"not_picked":["Clothesline","Brutality","Cleave"],"picked":"SKIP","floor":23},{"not_picked":["Warcry","Infernal Blade"],"picked":"Whirlwind+1","floor":24},{"not_picked":["Clothesline","Power Through"],"picked":"Dual Wield","floor":27},{"not_picked":["Searing Blow","Dropkick+1","Armaments"],"picked":"SKIP","floor":31},{"not_picked":["Juggernaut","Dark Embrace"],"picked":"Fiend Fire","floor":33},{"not_picked":["Sword Boomerang","Body Slam","Blood for Blood"],"picked":"SKIP","floor":35},{"not_picked":["Clash","Power Through","Reckless Charge"],"picked":"SKIP","floor":36},{"not_picked":["Warcry","Sword Boomerang"],"picked":"Ghostly Armor+1","floor":38},{"not_picked":["Twin Strike","Headbutt+1","Bludgeon"],"picked":"SKIP","floor":41},{"not_picked":["Hemokinesis","Spot Weakness","Warcry"],"picked":"SKIP","floor":42},{"not_picked":["Power Through","Headbutt","Clothesline+1"],"picked":"SKIP","floor":45},{"not_picked":["True Grit","Heavy Blade","Metallicize+1"],"picked":"SKIP","floor":46},{"not_picked":["Clash","Havoc"],"picked":"Armaments+1","floor":48},{"not_picked":["Spot Weakness","Bludgeon","Sword Boomerang"],"picked":"SKIP","floor":55}],"player_experience":2570665,"relics_obtained":[{"floor":8,"key":"Dead Branch"},{"floor":9,"key":"Bird Faced Urn"},{"floor":12,"key":"Lantern"},{"floor":23,"key":"Orichalcum"},{"floor":26,"key":"Ice Cream"},{"floor":31,"key":"PreservedInsect"},{"floor":41,"key":"Frozen Egg 2"},{"floor":45,"key":"Juzu Bracelet"},{"floor":48,"key":"Dream Catcher"},{"floor":55,"key":"Self Forming Clay"}],"event_choices":[{"cards_removed":["Strike_R"],"damage_healed":0,"gold_gain":0,"player_choice":"Card Removal","damage_taken":0,"max_hp_gain":0,"max_hp_loss":0,"event_name":"The Cleric","floor":3,"gold_loss":75},{"damage_healed":0,"gold_gain":0,"cards_transformed":["Strike_R"],"player_choice":"Transformed","damage_taken":0,"max_hp_gain":0,"max_hp_loss":0,"event_name":"Transmorgrifier","floor":4,"gold_loss":0,"cards_obtained":["Second Wind"]},{"cards_removed":["Strike_R"],"damage_healed":0,"gold_gain":0,"player_choice":"Forget","damage_taken":0,"max_hp_gain":0,"max_hp_loss":0,"event_name":"Living Wall","floor":7,"gold_loss":0},{"damage_healed":0,"gold_gain":0,"cards_transformed":["Strike_R","Bash"],"player_choice":"Became Test Subject","damage_taken":0,"max_hp_gain":0,"max_hp_loss":0,"event_name":"Drug Dealer","floor":20,"gold_loss":0,"cards_obtained":["Carnage","Flame Barrier"]},{"damage_healed":0,"gold_gain":0,"cards_transformed":["Rampage"],"player_choice":"Transformed","damage_taken":0,"max_hp_gain":0,"max_hp_loss":0,"event_name":"Transmorgrifier","floor":25,"gold_loss":0,"cards_obtained":["Juggernaut"]},{"damage_healed":0,"gold_gain":0,"player_choice":"Forge","damage_taken":0,"max_hp_gain":0,"max_hp_loss":0,"event_name":"Accursed Blacksmith","floor":29,"gold_loss":0,"cards_upgraded":["Juggernaut"]},{"damage_healed":0,"gold_gain":0,"player_choice":"Paid","damage_taken":0,"relics_obtained":["Red Mask"],"max_hp_gain":0,"max_hp_loss":0,"event_name":"Tomb of Lord Red Mask","floor":37,"gold_loss":26},{"damage_healed":0,"gold_gain":50,"player_choice":"Pray","damage_taken":0,"max_hp_gain":0,"max_hp_loss":0,"event_name":"Golden Shrine","floor":39,"gold_loss":0}],"is_beta":false,"boss_relics":[{"not_picked":["Calling Bell","Black Star"],"picked":"Ectoplasm"},{"not_picked":["Mark of Pain","Black Blood"],"picked":"Astrolabe"}],"items_purged_floors":[14],"is_endless":false,"potions_floor_spawned":[8,11,12,21,24,27,31,36,38,42,45,46,55],"ascension_level":20}