{"gold_per_floor":[365,15,25,25,25,54,54,70,120,137,147,147,147,160,160,234,234,252,252,22,35,48,74,74,106,184,184,217,230,255,255,255,329,329,341,616,633,651,379,379,414,427,450,450,450,178,209,221,221,221,221,221,221,61,94,94],"floor_reached":57,"playtime":2452,"items_purged":["Lockon+1","Darkness+1"],"score":3005,"play_id":"d7f6d070-836b-459b-8707-655ee3440599","local_time":"20190317190510","is_ascension_mode":true,"campfire_choices":[{"data":"Sunder","floor":7,"key":"SMITH"},{"data":"Zap","floor":13,"key":"SMITH"},{"data":"Dualcast","floor":15,"key":"SMITH"},{"floor":24,"key":"RECALL"},{"floor":27,"key":"REST"},{"floor":32,"key":"REST"},{"floor":40,"key":"REST"},{"floor":45,"key":"REST"},{"floor":49,"key":"REST"},{"floor":53,"key":"REST"}],"neow_cost":"PERCENT_DAMAGE","seed_source_timestamp":27588696861900,"circlet_count":0,"master_deck":["AscendersBane","Defend_B","Defend_B","Defend_B","Defend_B","Zap+1","Dualcast+1","Coolheaded","Self Repair+1","Ball Lightning","Sunder+1","Redo+1","Electrodynamics","Streamline+1","Biased Cognition","Hologram+1","Cold Snap+1","Creative AI","Reboot+1","Glacier+1","Seek+1","Darkness+1","Loop+1","Conserve Battery+1","Capacitor+1","White Noise+1","Heatsinks+1","Enlightenment+1","Chaos+1","Defragment+1","Conserve Battery+1"],"relics":["Cracked Core","Toxic Egg 2","Omamori","Lantern","Centennial Puzzle","Fusion Hammer","ClockworkSouvenir","Matryoshka","StoneCalendar","Pen Nib","Question Card","Frozen Egg 2","Regal Pillow","Astrolabe","Shuriken","Happy Flower","DataDisk","Torii"],"potions_floor_usage":[16,21,23,37,38,50,56,56],"damage_taken":[{"damage":1,"enemies":"Cultist","floor":1,"turns":3},{"damage":8,"enemies":"2 Louse","floor":3,"turns":4},{"damage":25,"enemies":"Lagavulin","floor":6,"turns":8},{"damage":0,"enemies":"Small Slimes","floor":8,"turns":2},{"damage":6,"enemies":"Red Slaver","floor":10,"turns":4},{"damage":2,"enemies":"Looter","floor":11,"turns":3},{"damage":8,"enemies":"Blue Slaver","floor":14,"turns":3},{"damage":13,"enemies":"The Guardian","floor":16,"turns":10},{"damage":0,"enemies":"Spheric Guardian","floor":18,"turns":3},{"damage":6,"enemies":"Shell Parasite","floor":21,"turns":3},{"damage":0,"enemies":"Centurion and Healer","floor":22,"turns":3},{"damage":2,"enemies":"Book of Stabbing","floor":23,"turns":4},{"damage":39,"enemies":"Slavers","floor":25,"turns":3},{"damage":40,"enemies":"Book of Stabbing","floor":28,"turns":5},{"damage":1,"enemies":"Snecko","floor":29,"turns":5},{"damage":0,"enemies":"Gremlin Leader","floor":30,"turns":4},{"damage":24,"enemies":"Champ","floor":33,"turns":10},{"damage":0,"enemies":"3 Shapes","floor":35,"turns":3},{"damage":0,"enemies":"Orb Walker","floor":37,"turns":3},{"damage":6,"enemies":"Jaw Worm Horde","floor":38,"turns":3},{"damage":0,"enemies":"Nemesis","floor":41,"turns":7},{"damage":0,"enemies":"Transient","floor":42,"turns":6},{"damage":6,"enemies":"Giant Head","floor":47,"turns":7},{"damage":13,"enemies":"Spire Growth","floor":48,"turns":5},{"damage":41,"enemies":"Time Eater","floor":50,"turns":9},{"damage":0,"enemies":"Donu and Deca","floor":51,"turns":5},{"damage":5,"enemies":"Shield and Spear","floor":55,"turns":6},{"damage":33,"enemies":"The Heart","floor":56,"turns":11}],"seed_played":"-1210515508010672886","potions_obtained":[{"floor":8,"key":"Weak Potion"},{"floor":10,"key":"FocusPotion"},{"floor":16,"key":"SpeedPotion"},{"floor":28,"key":"LiquidBronze"},{"floor":30,"key":"Swift Potion"},{"floor":33,"key":"Energy Potion"},{"floor":41,"key":"SpeedPotion"},{"floor":48,"key":"FocusPotion"}],"is_trial":false,"path_per_floor":["M","$","M","?","$","E","R","M","T","M","M","?","R","M","R","B",null,"M","?","$","M","M","E","R","E","T","R","E","M","E","?","R","B",null,"M","?","M","M","$","R","E","M","T","?","R","$","E","M","R","B","B",null,"R","$","E","B",null],"character_chosen":"DEFECT","items_purchased":["Toxic Egg 2","Self Repair","ClockworkSouvenir","Loop+1","Conserve Battery+1","Energy Potion","Enlightenment+1","Ancient Potion","Defragment+1","GamblersBrew"],"campfire_rested":6,"item_purchase_floors":[2,2,20,39,39,39,46,46,54,54],"current_hp_per_floor":[45,45,44,44,44,29,29,39,39,43,51,51,51,53,53,50,66,71,71,71,71,71,71,71,42,42,63,33,42,52,52,71,57,68,71,71,71,71,71,71,71,71,71,71,71,71,71,68,71,40,50,66,71,71,66,43],"gold":94,"neow_bonus":"TWO_FIFTY_GOLD","is_prod":false,"is_daily":false,"chose_seed":false,"campfire_upgraded":3,"win_rate":0,"timestamp":1552817110,"path_taken":["M","?","M","?","$","E","R","M","T","M","?","?","R","M","R","BOSS","M","?","$","?","M","E","R","E","T","R","E","M","E","?","R","BOSS","M","?","M","?","$","R","E","M","T","?","R","$","E","?","R","BOSS","BOSS","R","$","E","BOSS"],"build_version":"2019-01-23","purchased_purges":2,"victory":true,"max_hp_per_floor":[71,71,71,71,71,71,71,71,71,71,71,71,71,71,71,71,71,71,71,71,71,71,71,71,71,71,71,71,71,71,71,71,71,71,71,71,71,71,71,71,71,71,71,71,71,71,71,71,71,71,71,71,71,71,71,71],"card_choices":[{"not_picked":["Redo","Barrage"],"picked":"Coolheaded","floor":1},{"not_picked":["Sweeping Beam","Redo+1"],"picked":"Ball Lightning","floor":3},{"not_picked":["Steam+1","Machine Learning"],"picked":"Sunder","floor":6},{"not_picked":["Beam Cell","Ball Lightning","Rebound"],"picked":"SKIP","floor":8},{"not_picked":["Compile Driver","Steam Power+1","Storm"],"picked":"SKIP","floor":10},{"not_picked":["Redo+1","Gash","Compile Driver"],"picked":"SKIP","floor":11},{"not_picked":["BootSequence+1","Steam+1"],"picked":"Redo+1","floor":14},{"not_picked":["Multi-Cast+1","Machine Learning"],"picked":"Electrodynamics","floor":16},{"not_picked":["Conserve Battery+1","Compile Driver"],"picked":"Streamline+1","floor":18},{"not_picked":["Go for the Eyes","Stack+1"],"picked":"Hologram+1","floor":21},{"not_picked":["Sweeping Beam+1","Stack+1"],"picked":"Cold Snap+1","floor":22},{"not_picked":["Blizzard","Fusion+1"],"picked":"Creative AI","floor":23},{"not_picked":["Gash","Beam Cell","Rebound"],"picked":"SKIP","floor":25},{"not_picked":["Hologram+1","Stack+1","Leap+1","Beam Cell"],"picked":"SKIP","floor":28},{"not_picked":["Hologram+1","Stack+1","Leap+1","Beam Cell"],"picked":"SKIP","floor":28},{"not_picked":["Go for the Eyes","Rebound","Skim+1"],"picked":"Reboot+1","floor":29},{"not_picked":["Reinforced Body+1","Redo+1","Stack+1"],"picked":"Glacier+1","floor":30},{"not_picked":["Biased Cognition+1","Rainbow+1","Meteor Strike"],"picked":"Seek+1","floor":33},{"not_picked":["Genetic Algorithm+1","Rebound+1","Redo+1","Cold Snap"],"picked":"SKIP","floor":35},{"not_picked":["Gash+1","Cold Snap","Barrage","Sweeping Beam"],"picked":"SKIP","floor":37},{"not_picked":["Aggregate+1","Rebound+1","Gash","Storm+1"],"picked":"SKIP","floor":38},{"not_picked":["Steam+1","Barrage","All For One"],"picked":"Capacitor+1","floor":41},{"not_picked":["Leap+1","Cold Snap","Doom and Gloom+1"],"picked":"White Noise+1","floor":42},{"not_picked":["Streamline+1","Steam+1","Machine Learning+1"],"picked":"Chaos+1","floor":47},{"not_picked":["Cold Snap","Storm+1","Ball Lightning","Heatsinks+1"],"picked":"SKIP","floor":48},{"not_picked":["Sweeping Beam","Buffer+1","Rebound"],"picked":"Conserve Battery+1","floor":55}],"player_experience":2324343,"relics_obtained":[{"floor":6,"key":"Omamori"},{"floor":9,"key":"Lantern"},{"floor":23,"key":"Matryoshka"},{"floor":25,"key":"StoneCalendar"},{"floor":26,"key":"Pen Nib"},{"floor":26,"key":"Question Card"},{"floor":28,"key":"Frozen Egg 2"},{"floor":30,"key":"Regal Pillow"},{"floor":41,"key":"Shuriken"},{"floor":43,"key":"Happy Flower"},{"floor":47,"key":"DataDisk"},{"floor":55,"key":"Torii"}],"event_choices":[{"damage_healed":0,"gold_gain":0,"player_choice":"Forge","damage_taken":0,"max_hp_gain":0,"max_hp_loss":0,"event_name":"Accursed Blacksmith","floor":4,"gold_loss":0,"cards_upgraded":["Self Repair"]},{"damage_healed":0,"gold_gain":0,"player_choice":"Box","damage_taken":0,"relics_obtained":["Centennial Puzzle"],"max_hp_gain":0,"max_hp_loss":0,"event_name":"Big Fish","floor":12,"gold_loss":0,"cards_obtained":["Regret"]},{"damage_healed":0,"gold_gain":0,"cards_transformed":["Strike_B"],"player_choice":"Transformed","damage_taken":0,"max_hp_gain":0,"max_hp_loss":0,"event_name":"Transmorgrifier","floor":19,"gold_loss":0,"cards_obtained":["Biased Cognition"]},{"damage_healed":0,"gold_gain":0,"player_choice":"Ignored","damage_taken":0,"max_hp_gain":0,"max_hp_loss":0,"event_name":"Vampires","floor":31,"gold_loss":0},{"damage_healed":0,"gold_gain":275,"player_choice":"Desecrate","damage_taken":0,"max_hp_gain":0,"max_hp_loss":0,"event_name":"Golden Shrine","floor":36,"gold_loss":0,"cards_obtained":["Regret"]},{"damage_healed":0,"gold_gain":0,"player_choice":"1 cards matched","damage_taken":0,"max_hp_gain":0,"max_hp_loss":0,"event_name":"Match and Keep!","floor":44,"gold_loss":0,"cards_obtained":["Heatsinks"]}],"is_beta":false,"boss_relics":[{"not_picked":["FrozenCore","Empty Cage"],"picked":"Fusion Hammer"},{"not_picked":["Nuclear Battery","White Beast Statue"],"picked":"Astrolabe"}],"items_purged_floors":[39,46],"is_endless":false,"potions_floor_spawned":[8,10,14,16,28,30,33,41,42,47,48],"ascension_level":20}