{"gold_per_floor":[110,35,35,35,54,81,81,98,121,131,131,131,150,185,185,262,262,279,279,293,493,510,536,536,555,555,555,573,413,18,38,38,38],"floor_reached":33,"playtime":1385,"items_purged":["Strike_R","Dropkick"],"score":604,"play_id":"a2f752a6-59dd-49fc-8645-7d104d79436a","local_time":"20190424183206","is_ascension_mode":true,"campfire_choices":[{"data":"Bash","floor":7,"key":"SMITH"},{"data":"Shockwave","floor":11,"key":"SMITH"},{"data":"Sword Boomerang","floor":15,"key":"SMITH"},{"floor":24,"key":"REST"},{"data":"Offering","floor":27,"key":"SMITH"},{"floor":32,"key":"REST"}],"neow_cost":"NONE","seed_source_timestamp":196050275126600,"circlet_count":0,"master_deck":["AscendersBane","Defend_R","Defend_R","Defend_R","Defend_R","Bash+1","Seeing Red","Shrug It Off+1","Second Wind","Shockwave+1","Sword Boomerang+1","Offering+1","Body Slam+1","Feed+1","Reckless Charge+1","Evolve","Ghostly Armor","Shrug It Off","Entrench","Limit Break","Juggernaut","Burning Pact"],"relics":["Burning Blood","NeowsBlessing","Anchor","Lantern","Happy Flower","Astrolabe","Oddly Smooth Stone","Charon\u0027s Ashes","Vajra"],"potions_floor_usage":[14,16,23,23,31,33,33],"damage_taken":[{"damage":0,"enemies":"2 Louse","floor":1,"turns":1},{"damage":0,"enemies":"Cultist","floor":5,"turns":1},{"damage":0,"enemies":"Lagavulin","floor":6,"turns":1},{"damage":0,"enemies":"Small Slimes","floor":8,"turns":3},{"damage":15,"enemies":"Exordium Thugs","floor":10,"turns":7},{"damage":6,"enemies":"Gremlin Gang","floor":13,"turns":6},{"damage":50,"enemies":"Gremlin Nob","floor":14,"turns":6},{"damage":31,"enemies":"The Guardian","floor":16,"turns":9},{"damage":23,"enemies":"Chosen","floor":18,"turns":5},{"damage":13,"enemies":"2 Thieves","floor":20,"turns":4},{"damage":21,"enemies":"Shelled Parasite and Fungi","floor":22,"turns":6},{"damage":21,"enemies":"Book of Stabbing","floor":23,"turns":5},{"damage":0,"enemies":"Centurion and Healer","floor":25,"turns":5},{"damage":6,"enemies":"Snake Plant","floor":28,"turns":1},{"damage":6,"enemies":"Snecko","floor":31,"turns":1},{"damage":40,"enemies":"Collector","floor":33,"turns":9}],"seed_played":"1440154227514019624","potions_obtained":[{"floor":1,"key":"Regen Potion"},{"floor":4,"key":"LiquidBronze"},{"floor":13,"key":"Strength Potion"},{"floor":14,"key":"SpeedPotion"},{"floor":20,"key":"GamblersBrew"},{"floor":25,"key":"Weak Potion"},{"floor":31,"key":"Explosive Potion"}],"is_trial":false,"path_per_floor":["M","?","?","?","M","E","R","M","T","M","R","?","M","E","R","B",null,"M","?","M","?","M","E","R","M","T","R","M","$","$","M","R","B"],"character_chosen":"IRONCLAD","items_purchased":["Limit Break","Vajra","Juggernaut","Swift Potion"],"campfire_rested":2,"item_purchase_floors":[29,30,30,30],"current_hp_per_floor":[74,74,74,74,75,75,75,75,75,66,66,66,66,36,36,11,59,42,42,35,35,24,9,32,42,42,42,42,42,42,46,72,32],"gold":38,"neow_bonus":"THREE_ENEMY_KILL","is_prod":false,"is_daily":false,"chose_seed":false,"campfire_upgraded":4,"win_rate":0,"timestamp":1556098326,"path_taken":["M","?","?","?","M","E","R","?","T","M","R","?","M","E","R","BOSS","M","?","?","?","?","E","R","M","T","R","M","?","$","M","R","BOSS"],"build_version":"2019-01-23","purchased_purges":2,"victory":false,"max_hp_per_floor":[75,75,75,75,75,75,75,75,75,75,75,75,75,75,75,75,75,75,75,75,75,79,79,79,83,83,83,83,83,83,87,87,87],"card_choices":[{"not_picked":["Wild Strike","Anger"],"picked":"Seeing Red","floor":1},{"not_picked":["Perfected Strike","Reckless Charge"],"picked":"Shrug It Off","floor":5},{"not_picked":["Iron Wave","Reckless Charge"],"picked":"Second Wind","floor":6},{"not_picked":["Sever Soul","Thunderclap"],"picked":"Shockwave","floor":8},{"not_picked":["Heavy Blade","Cleave","Reckless Charge"],"picked":"SKIP","floor":10},{"not_picked":["Wild Strike","Second Wind"],"picked":"Sword Boomerang","floor":13},{"not_picked":["Shockwave","Clash"],"picked":"Dropkick","floor":14},{"not_picked":["Bludgeon","Exhume"],"picked":"Offering","floor":16},{"not_picked":["Headbutt","Heavy Blade"],"picked":"Evolve","floor":18},{"not_picked":["Thunderclap","Perfected Strike","Clothesline"],"picked":"SKIP","floor":20},{"not_picked":["Combust","Berserk","Sword Boomerang+1"],"picked":"SKIP","floor":22},{"not_picked":["Body Slam","Armaments"],"picked":"Ghostly Armor","floor":23},{"not_picked":["Sword Boomerang","Hemokinesis"],"picked":"Shrug It Off","floor":25},{"not_picked":["Wild Strike","Warcry"],"picked":"Entrench","floor":28},{"not_picked":["Wild Strike","Pummel"],"picked":"Burning Pact","floor":31}],"player_experience":3344001,"relics_obtained":[{"floor":6,"key":"Anchor"},{"floor":9,"key":"Lantern"},{"floor":14,"key":"Happy Flower"},{"floor":23,"key":"Oddly Smooth Stone"},{"floor":26,"key":"Charon\u0027s Ashes"}],"event_choices":[{"cards_removed":["Strike_R"],"damage_healed":0,"gold_gain":0,"player_choice":"Card Removal","damage_taken":0,"max_hp_gain":0,"max_hp_loss":0,"event_name":"The Cleric","floor":2,"gold_loss":75},{"damage_healed":0,"gold_gain":0,"player_choice":"Ignored","damage_taken":0,"max_hp_gain":0,"max_hp_loss":0,"event_name":"Liars Game","floor":3,"gold_loss":0},{"damage_healed":0,"gold_gain":0,"player_choice":"Got Potions","damage_taken":0,"max_hp_gain":0,"max_hp_loss":0,"event_name":"Lab","floor":4,"gold_loss":0},{"damage_healed":0,"gold_gain":0,"player_choice":"Upgraded","damage_taken":0,"max_hp_gain":0,"max_hp_loss":0,"event_name":"Upgrade Shrine","floor":12,"gold_loss":0,"cards_upgraded":["Shrug It Off"]},{"damage_healed":0,"gold_gain":0,"player_choice":"0 cards matched","damage_taken":0,"max_hp_gain":0,"max_hp_loss":0,"event_name":"Match and Keep!","floor":19,"gold_loss":0,"cards_obtained":[]},{"damage_healed":0,"gold_gain":250,"player_choice":"Bet on Owner","damage_taken":0,"max_hp_gain":0,"max_hp_loss":0,"event_name":"The Joust","floor":21,"gold_loss":50}],"is_beta":false,"boss_relics":[{"not_picked":["Black Star","Philosopher\u0027s Stone"],"picked":"Astrolabe"}],"items_purged_floors":[29,30],"is_endless":false,"potions_floor_spawned":[1,5,13,14,20,25,31],"killed_by":"Collector","ascension_level":20}