{"gold_per_floor":[110,123,135,135,153,182,182,217,274,274,51,126,144,174],"floor_reached":14,"playtime":1114,"items_purged":[],"score":200,"play_id":"c846f6a6-9938-499c-8c04-ef93ad21f8c3","local_time":"20190404191030","is_ascension_mode":true,"campfire_choices":[{"floor":7.0,"key":"REST"},{"data":"Zap","floor":10.0,"key":"SMITH"}],"neow_cost":"NONE","seed_source_timestamp":0,"circlet_count":0,"master_deck":["AscendersBane","Strike_B+1","Strike_B","Strike_B","Strike_B","Defend_B","Defend_B","Defend_B","Defend_B","Zap+1","Dualcast","Coolheaded","Barrage","Lockon+1","Rainbow","FTL"],"special_seed":0,"relics":["Cracked Core","Regal Pillow","Bag of Marbles","Whetstone","Tiny Chest","ClockworkSouvenir"],"potions_floor_usage":[14],"damage_taken":[{"damage":1.0,"enemies":"Cultist","floor":1.0,"turns":3.0},{"damage":6.0,"enemies":"2 Louse","floor":2.0,"turns":3.0},{"damage":0.0,"enemies":"Small Slimes","floor":3.0,"turns":3.0},{"damage":10.0,"enemies":"Looter","floor":5.0,"turns":3.0},{"damage":28.0,"enemies":"Gremlin Nob","floor":6.0,"turns":4.0},{"damage":28.0,"enemies":"3 Sentries","floor":8.0,"turns":9.0},{"damage":4.0,"enemies":"2 Fungi Beasts","floor":13.0,"turns":2.0},{"damage":18,"enemies":"3 Sentries","floor":14,"turns":2}],"seed_played":"8554258161668022697","potions_obtained":[{"floor":2.0,"key":"PowerPotion"},{"floor":3.0,"key":"Energy Potion"},{"floor":13.0,"key":"FearPotion"}],"is_trial":false,"path_per_floor":["M","M","M","?","M","E","R","E","T","R","$","?","M","?"],"character_chosen":"DEFECT","items_purchased":["ClockworkSouvenir"],"campfire_rested":1,"item_purchase_floors":[11],"current_hp_per_floor":[63,57,57,57,47,19,55,27,27,27,27,16,12,0],"gold":174,"neow_bonus":"RANDOM_COMMON_RELIC","is_prod":false,"is_daily":false,"chose_seed":false,"campfire_upgraded":1,"win_rate":0,"timestamp":1554376230,"path_taken":["M","M","M","?","M","E","R","E","T","R","$","?","M","?"],"build_version":"2019-03-15","purchased_purges":0,"victory":false,"max_hp_per_floor":[71,71,71,71,71,71,71,71,71,71,71,71,71,71],"card_choices":[{"not_picked":["Conserve Battery","Double Energy"],"picked":"Coolheaded","floor":1.0},{"not_picked":["Beam Cell","Consume"],"picked":"Barrage","floor":2.0},{"not_picked":["Redo","Hello World","Blizzard"],"picked":"SKIP","floor":3.0},{"not_picked":["Chaos","Storm"],"picked":"Lockon","floor":5.0},{"not_picked":["FTL","Coolheaded"],"picked":"Rainbow","floor":6.0},{"not_picked":["Rebound","Skim"],"picked":"FTL","floor":8.0},{"not_picked":["Sunder","Force Field","Turbo"],"picked":"SKIP","floor":13.0}],"player_experience":759609,"relics_obtained":[{"floor":6.0,"key":"Bag of Marbles"},{"floor":8.0,"key":"Whetstone"},{"floor":9.0,"key":"Tiny Chest"}],"event_choices":[{"damage_healed":0.0,"max_hp_gain":0.0,"max_hp_loss":0.0,"gold_gain":0.0,"event_name":"Liars Game","player_choice":"Ignored","floor":4.0,"gold_loss":0.0,"damage_taken":0.0},{"damage_healed":0.0,"max_hp_gain":0.0,"max_hp_loss":0.0,"gold_gain":75.0,"event_name":"World of Goop","player_choice":"Gather Gold","floor":12.0,"gold_loss":0.0,"damage_taken":11.0},{"damage_healed":0,"gold_gain":30,"player_choice":"Searched \u00272\u0027 times","damage_taken":0,"max_hp_gain":0,"max_hp_loss":0,"event_name":"Dead Adventurer","floor":14,"gold_loss":0}],"is_beta":true,"boss_relics":[],"items_purged_floors":[],"is_endless":false,"potions_floor_spawned":[2,3,13],"killed_by":"3 Sentries","ascension_level":20}