{"gold_per_floor":[111,111,128,128,100,100,161,172,198,226,226,239,272,285,285,361,361,372,126,144,144,154,154,189,189,236,336,336,336,347,9,9,85,85,104,104,124,35,135,135,165,165,165,198,168,168,11,11,11,11,11,11,11,11,42,42],"floor_reached":57,"playtime":2570,"items_purged":["Strike_R"],"score":3034,"play_id":"96f4ef6b-0d86-4ef4-9e34-c7d11930f0b6","local_time":"20190328133055","is_ascension_mode":true,"campfire_choices":[{"data":"Whirlwind","floor":6.0,"key":"SMITH"},{"data":"Carnage","floor":11.0,"key":"SMITH"},{"data":"True Grit","floor":15.0,"key":"SMITH"},{"data":"True Grit","floor":23.0,"key":"SMITH"},{"data":"Bash","floor":25.0,"key":"SMITH"},{"data":"Discovery","floor":32.0,"key":"SMITH"},{"data":"Barricade","floor":40.0,"key":"SMITH"},{"floor":42.0,"key":"RECALL"},{"data":"Second Wind","floor":46.0,"key":"SMITH"},{"data":"Ghostly","floor":49.0,"key":"SMITH"},{"data":"Ghostly","floor":53.0,"key":"SMITH"}],"neow_cost":"NONE","seed_source_timestamp":38437030854800,"circlet_count":0,"master_deck":["AscendersBane","Strike_R+1","Strike_R","Strike_R","Defend_R","Defend_R","Defend_R","Defend_R","Bash+1","Whirlwind+1","Carnage+1","True Grit+1","Ghostly Armor","Shrug It Off","Shrug It Off","Impervious","True Grit+1","Evolve","Seeing Red+1","Ghostly+1","Ghostly+1","Ghostly","Necronomicurse","Dropkick+1","Feel No Pain","Discovery+1","Barricade+1","Seeing Red","Second Wind+1","Entrench+1","Madness","Madness","Body Slam"],"special_seed":0,"relics":["Burning Blood","NeowsBlessing","Tiny Chest","Vajra","Sundial","Juzu Bracelet","Coffee Dripper","Blood Vial","PreservedInsect","Bronze Scales","Pen Nib","WingedGreaves","Shuriken","Necronomicon","Runic Pyramid","Prayer Wheel","Singing Bowl","Whetstone","Bag of Preparation","Boot"],"potions_floor_usage":[56,56],"damage_taken":[{"damage":0.0,"enemies":"Cultist","floor":1.0,"turns":1.0},{"damage":0.0,"enemies":"2 Louse","floor":3.0,"turns":1.0},{"damage":0.0,"enemies":"Lagavulin","floor":7.0,"turns":1.0},{"damage":8.0,"enemies":"Small Slimes","floor":8.0,"turns":2.0},{"damage":10.0,"enemies":"3 Sentries","floor":10.0,"turns":4.0},{"damage":0.0,"enemies":"2 Fungi Beasts","floor":12.0,"turns":3.0},{"damage":32.0,"enemies":"Lagavulin","floor":13.0,"turns":6.0},{"damage":5.0,"enemies":"Large Slime","floor":14.0,"turns":5.0},{"damage":44.0,"enemies":"Slime Boss","floor":16.0,"turns":10.0},{"damage":0.0,"enemies":"Chosen","floor":18.0,"turns":3.0},{"damage":17.0,"enemies":"Spheric Guardian","floor":20.0,"turns":5.0},{"damage":16.0,"enemies":"Centurion and Healer","floor":22.0,"turns":11.0},{"damage":29.0,"enemies":"Slavers","floor":24.0,"turns":2.0},{"damage":11.0,"enemies":"Colosseum Slavers","floor":27.0,"turns":2.0},{"damage":0.0,"enemies":"Colosseum Nobs","floor":27.0,"turns":5.0},{"damage":0.0,"enemies":"Shelled Parasite and Fungi","floor":30.0,"turns":2.0},{"damage":0.0,"enemies":"Champ","floor":33.0,"turns":17.0},{"damage":8.0,"enemies":"3 Darklings","floor":35.0,"turns":4.0},{"damage":0.0,"enemies":"Orb Walker","floor":37.0,"turns":5.0},{"damage":0.0,"enemies":"Mind Bloom Boss Battle","floor":39.0,"turns":6.0},{"damage":0.0,"enemies":"Giant Head","floor":41.0,"turns":10.0},{"damage":19.0,"enemies":"Reptomancer","floor":44.0,"turns":5.0},{"damage":10.0,"enemies":"Time Eater","floor":50.0,"turns":13.0},{"damage":0.0,"enemies":"Awakened One","floor":51.0,"turns":11.0},{"damage":27.0,"enemies":"Shield and Spear","floor":55.0,"turns":10.0},{"damage":13,"enemies":"The Heart","floor":56,"turns":11}],"seed_played":"-443916153672581854","potions_obtained":[{"floor":4.0,"key":"Swift Potion"},{"floor":4.0,"key":"PowerPotion"},{"floor":22.0,"key":"Regen Potion"},{"floor":27.0,"key":"SteroidPotion"},{"floor":35.0,"key":"Swift Potion"},{"floor":41.0,"key":"SpeedPotion"},{"floor":45.0,"key":"Block Potion"},{"floor":55.0,"key":"AttackPotion"}],"is_trial":false,"path_per_floor":["M","?","M","?","$","R","E","M","T","E","R","M","E","M","R","B",null,"M","$","M","T","M","R","E","R","T","?","?","?","M","$","R","B",null,"M","?","M","$","?","R","E","R","T","E","?","R","$","?","R","B","B",null,"R","$","E","B",null],"character_chosen":"IRONCLAD","items_purchased":["True Grit","Blood Vial","Evolve","Dropkick","Feel No Pain","Discovery","Second Wind","Bag of Preparation"],"campfire_rested":0,"item_purchase_floors":[5,19,19,31,31,31,38,47],"current_hp_per_floor":[74,74,75,75,75,75,75,73,73,69,69,75,49,50,50,12,59,65,65,56,56,48,48,32,32,32,37,37,16,24,24,24,32,36,35,30,37,37,37,37,37,37,37,26,26,26,26,19,19,17,25,36,36,36,17,12],"gold":42,"neow_bonus":"THREE_ENEMY_KILL","is_prod":false,"is_daily":false,"chose_seed":false,"campfire_upgraded":10,"win_rate":0,"timestamp":1553747455,"path_taken":["M","?","?","?","$","R","E","M","T","E","R","M","E","M","R","BOSS","M","$","M","?","M","R","E","R","T","?","?","?","M","$","R","BOSS","M","?","M","$","?","R","E","R","T","E","?","R","$","?","R","BOSS","BOSS","R","$","E","BOSS"],"build_version":"2019-01-23","purchased_purges":1,"victory":true,"max_hp_per_floor":[75,75,75,75,75,75,75,75,75,75,75,75,75,75,75,75,75,75,75,75,75,75,75,75,75,75,75,37,37,37,37,37,37,37,37,37,37,37,37,37,37,37,37,39,39,39,39,39,39,39,39,39,39,39,39,39],"card_choices":[{"not_picked":["Heavy Blade","Thunderclap"],"picked":"Whirlwind","floor":1.0},{"not_picked":["Thunderclap","Iron Wave"],"picked":"Carnage","floor":3.0},{"not_picked":["Infernal Blade","Anger"],"picked":"Ghostly Armor","floor":7.0},{"not_picked":["Spot Weakness","Rage"],"picked":"Shrug It Off","floor":8.0},{"not_picked":["Heavy Blade","Perfected Strike","Carnage"],"picked":"SKIP","floor":10.0},{"not_picked":["Sword Boomerang","True Grit","Body Slam"],"picked":"SKIP","floor":12.0},{"not_picked":["Flex","Armaments","Bloodletting"],"picked":"SKIP","floor":13.0},{"not_picked":["Perfected Strike","Thunderclap"],"picked":"Shrug It Off","floor":14.0},{"not_picked":["Reaper","Double Tap"],"picked":"Impervious","floor":16.0},{"not_picked":["Metallicize","Power Through"],"picked":"True Grit","floor":18.0},{"not_picked":["Headbutt","Pummel","Iron Wave"],"picked":"SKIP","floor":20.0},{"not_picked":["Heavy Blade","Headbutt","Corruption+1"],"picked":"SKIP","floor":22.0},{"not_picked":["Berserk","Clothesline"],"picked":"Seeing Red+1","floor":24.0},{"not_picked":["Clothesline","Bloodletting","Reckless Charge"],"picked":"SKIP","floor":30.0},{"not_picked":["Offering","Double Tap"],"picked":"Barricade","floor":33.0},{"not_picked":["Carnage","True Grit"],"picked":"Seeing Red","floor":35.0},{"not_picked":["Iron Wave","True Grit","Clash"],"picked":"SKIP","floor":37.0},{"not_picked":["Twin Strike","Reaper"],"picked":"Entrench+1","floor":41.0},{"not_picked":["Twin Strike","Havoc","Pommel Strike+1"],"picked":"Singing Bowl","floor":44.0},{"not_picked":["Blood for Blood","Havoc"],"picked":"Body Slam","floor":55.0}],"player_experience":2665356,"relics_obtained":[{"floor":7.0,"key":"Tiny Chest"},{"floor":9.0,"key":"Vajra"},{"floor":10.0,"key":"Sundial"},{"floor":13.0,"key":"Juzu Bracelet"},{"floor":21.0,"key":"PreservedInsect"},{"floor":24.0,"key":"Bronze Scales"},{"floor":26.0,"key":"Pen Nib"},{"floor":27.0,"key":"WingedGreaves"},{"floor":27.0,"key":"Shuriken"},{"floor":29.0,"key":"Necronomicon"},{"floor":39.0,"key":"Prayer Wheel"},{"floor":41.0,"key":"Singing Bowl"},{"floor":44.0,"key":"Whetstone"},{"floor":55.0,"key":"Boot"}],"event_choices":[{"cards_removed":["Strike_R"],"damage_healed":0.0,"max_hp_gain":0.0,"max_hp_loss":0.0,"gold_gain":0.0,"event_name":"Wheel of Change","player_choice":"Card Removal","floor":2.0,"gold_loss":0.0,"damage_taken":0.0},{"damage_healed":0.0,"max_hp_gain":0.0,"max_hp_loss":0.0,"gold_gain":0.0,"event_name":"Lab","player_choice":"Got Potions","floor":4.0,"gold_loss":0.0,"damage_taken":0.0},{"damage_healed":0.0,"max_hp_gain":0.0,"max_hp_loss":0.0,"gold_gain":0.0,"event_name":"Colosseum","player_choice":"Fight","floor":27.0,"gold_loss":0.0,"damage_taken":0.0},{"damage_healed":0.0,"max_hp_gain":0.0,"max_hp_loss":0.0,"gold_gain":0.0,"event_name":"Colosseum","player_choice":"Fought Nobs","floor":27.0,"gold_loss":0.0,"damage_taken":0.0},{"damage_healed":0.0,"max_hp_gain":0.0,"max_hp_loss":38.0,"gold_gain":0.0,"event_name":"Ghosts","player_choice":"Became a Ghost","floor":28.0,"gold_loss":0.0,"damage_taken":0.0,"cards_obtained":["Ghostly","Ghostly","Ghostly"]},{"damage_healed":0.0,"max_hp_gain":0.0,"max_hp_loss":0.0,"gold_gain":0.0,"event_name":"Cursed Tome","player_choice":"Obtained Book","floor":29.0,"gold_loss":0.0,"damage_taken":21.0},{"damage_healed":0.0,"max_hp_gain":0.0,"max_hp_loss":0.0,"gold_gain":0.0,"event_name":"Wheel of Change","player_choice":"Damaged","floor":36.0,"gold_loss":0.0,"damage_taken":5.0},{"damage_healed":0.0,"max_hp_gain":0.0,"max_hp_loss":0.0,"gold_gain":0.0,"event_name":"MindBloom","player_choice":"Fight","floor":39.0,"gold_loss":0.0,"damage_taken":0.0},{"damage_healed":0.0,"max_hp_gain":0.0,"max_hp_loss":0.0,"gold_gain":0.0,"event_name":"The Woman in Blue","player_choice":"Bought 2 Potions","floor":45.0,"gold_loss":0.0,"damage_taken":0.0},{"damage_healed":0.0,"max_hp_gain":0.0,"max_hp_loss":0.0,"gold_gain":0.0,"event_name":"Winding Halls","player_choice":"Embrace Madness","floor":48.0,"gold_loss":0.0,"damage_taken":7.0,"cards_obtained":["Madness","Madness"]}],"is_beta":false,"boss_relics":[{"not_picked":["Velvet Choker","Ectoplasm"],"picked":"Coffee Dripper"},{"not_picked":["Runic Dome","Cursed Key"],"picked":"Runic Pyramid"}],"items_purged_floors":[31],"is_endless":false,"potions_floor_spawned":[8,10,12,14,22,27,27,35,37,41,55],"ascension_level":20}