{"gold_per_floor":[116,116,116,128,139,169,169,180,180,197,210,228,228,228],"floor_reached":14,"playtime":367,"items_purged":[],"score":188,"play_id":"8e61ffb9-1125-42b1-a842-2de6a3638c36","local_time":"20190308115613","is_ascension_mode":true,"campfire_choices":[{"floor":7,"key":"REST"},{"floor":13,"key":"REST"}],"neow_cost":"NONE","seed_source_timestamp":73802267419300,"circlet_count":0,"master_deck":["AscendersBane","Strike_B","Strike_B","Strike_B","Strike_B","Defend_B","Defend_B","Defend_B","Defend_B","Zap","Dualcast","Defragment","Biased Cognition","Gash","Gash","Coolheaded","Cold Snap","All For One","Gash","Electrodynamics"],"relics":["Cracked Core","NeowsBlessing","Art of War","Question Card","Bronze Scales"],"potions_floor_usage":[10,12,14],"damage_taken":[{"damage":0,"enemies":"Cultist","floor":1,"turns":1},{"damage":0,"enemies":"2 Louse","floor":4,"turns":1},{"damage":0,"enemies":"Jaw Worm","floor":5,"turns":1},{"damage":39,"enemies":"Gremlin Nob","floor":6,"turns":4},{"damage":6,"enemies":"2 Fungi Beasts","floor":8,"turns":3},{"damage":20,"enemies":"Large Slime","floor":10,"turns":5},{"damage":10,"enemies":"Gremlin Gang","floor":11,"turns":3},{"damage":8,"enemies":"Exordium Thugs","floor":12,"turns":3},{"damage":30,"enemies":"Lagavulin","floor":14,"turns":5}],"seed_played":"4492014243690871943","potions_obtained":[{"floor":5,"key":"Regen Potion"},{"floor":8,"key":"Energy Potion"},{"floor":11,"key":"AttackPotion"},{"floor":12,"key":"FocusPotion"}],"is_trial":false,"path_per_floor":["M","?","?","M","M","E","R","M","T","M","M","M","R","E"],"character_chosen":"DEFECT","items_purchased":[],"campfire_rested":2,"item_purchase_floors":[],"current_hp_per_floor":[64,53,53,53,53,14,35,29,29,23,13,5,26,0],"gold":228,"neow_bonus":"THREE_ENEMY_KILL","is_prod":false,"is_daily":false,"chose_seed":false,"campfire_upgraded":0,"win_rate":0,"timestamp":1552013773,"path_taken":["M","?","?","M","?","E","R","M","T","M","M","M","R","E"],"build_version":"2019-01-23","purchased_purges":0,"victory":false,"max_hp_per_floor":[71,71,71,71,71,71,71,71,71,71,71,71,71,71],"card_choices":[{"not_picked":["Cold Snap","Stack"],"picked":"Defragment","floor":1},{"not_picked":["Beam Cell","Reprogram"],"picked":"Gash","floor":4},{"not_picked":["Beam Cell","Redo"],"picked":"Gash","floor":5},{"not_picked":["Chill","Skim"],"picked":"Coolheaded","floor":6},{"not_picked":["Hologram","Beam Cell","Leap"],"picked":"Cold Snap","floor":8},{"not_picked":["Scrape","Doom and Gloom","Beam Cell"],"picked":"All For One","floor":10},{"not_picked":["Go for the Eyes","Coolheaded","Rebound"],"picked":"Gash","floor":11},{"not_picked":["Hologram","Barrage","Capacitor"],"picked":"Electrodynamics","floor":12}],"player_experience":2064795,"relics_obtained":[{"floor":6,"key":"Question Card"},{"floor":9,"key":"Bronze Scales"}],"event_choices":[{"damage_healed":0,"gold_gain":0,"player_choice":"Success","damage_taken":11,"relics_obtained":["Art of War"],"max_hp_gain":0,"max_hp_loss":0,"event_name":"Scrap Ooze","floor":2,"gold_loss":0},{"damage_healed":0,"gold_gain":0,"player_choice":"1 cards matched","damage_taken":0,"max_hp_gain":0,"max_hp_loss":0,"event_name":"Match and Keep!","floor":3,"gold_loss":0,"cards_obtained":["Biased Cognition"]}],"is_beta":false,"boss_relics":[],"items_purged_floors":[],"is_endless":false,"potions_floor_spawned":[5,8,11,12],"killed_by":"Lagavulin","ascension_level":20}