{"gold_per_floor":[109,34,109,124,144,144,144,164,164,89,108,123,123,133,133,210,210,225,150,150,164,180,180,206,206,230,14,31,31,43,69,69,144,144,157,174,190,203,218,218,218,218,218,218,247,247,272,289,289,289,289,289,289,68,95,95],"floor_reached":57,"playtime":3083,"items_purged":["Clash","Bash","True Grit"],"score":3292,"play_id":"930f9543-41ab-4996-83c5-df96a6ca3d13","local_time":"20190323170219","is_ascension_mode":true,"campfire_choices":[{"data":"Armaments","floor":6,"key":"SMITH"},{"floor":13,"key":"REST"},{"data":"Juggernaut","floor":15,"key":"SMITH"},{"data":"Offering","floor":23,"key":"SMITH"},{"data":"Feel No Pain","floor":25,"key":"SMITH"},{"data":"Metallicize","floor":29,"key":"SMITH"},{"floor":32,"key":"REST"},{"data":"Feel No Pain","floor":40,"key":"SMITH"},{"floor":42,"key":"REST"},{"floor":44,"key":"RECALL"},{"data":"Battle Trance","floor":49,"key":"SMITH"},{"data":"Impervious","floor":53,"key":"SMITH"}],"neow_cost":"NONE","seed_source_timestamp":337199761918600,"circlet_count":0,"master_deck":["AscendersBane","Sentinel","Juggernaut+1","Offering+1","Feel No Pain+1","Flame Barrier","Pummel","Evolve","Entrench+1","Armaments+1","Second Wind","Metallicize+1","Warcry","Impervious+1","Body Slam","Warcry+1","Feel No Pain+1","Barricade+1","True Grit+1","Reaper","Battle Trance+1","Shrug It Off"],"relics":["Pandora\u0027s Box","Question Card","Runic Dome","Mummified Hand","Smiling Mask","Regal Pillow","Bronze Scales","Philosopher\u0027s Stone","FossilizedHelix","Ornamental Fan","Gremlin Horn","Strawberry","Red Skull"],"potions_floor_usage":[24,56,56],"damage_taken":[{"damage":6,"enemies":"Jaw Worm","floor":1,"turns":2},{"damage":7,"enemies":"Small Slimes","floor":4,"turns":4},{"damage":6,"enemies":"Cultist","floor":5,"turns":3},{"damage":7,"enemies":"Lots of Slimes","floor":8,"turns":4},{"damage":7,"enemies":"2 Fungi Beasts","floor":11,"turns":4},{"damage":10,"enemies":"Blue Slaver","floor":12,"turns":3},{"damage":6,"enemies":"Red Slaver","floor":14,"turns":4},{"damage":6,"enemies":"Hexaghost","floor":16,"turns":8},{"damage":0,"enemies":"Chosen","floor":18,"turns":4},{"damage":6,"enemies":"Spheric Guardian","floor":21,"turns":3},{"damage":6,"enemies":"Snecko","floor":22,"turns":5},{"damage":6,"enemies":"Gremlin Leader","floor":24,"turns":5},{"damage":0,"enemies":"Snake Plant","floor":28,"turns":4},{"damage":6,"enemies":"3 Cultists","floor":30,"turns":4},{"damage":6,"enemies":"Book of Stabbing","floor":31,"turns":4},{"damage":6,"enemies":"Automaton","floor":33,"turns":8},{"damage":13,"enemies":"Orb Walker","floor":35,"turns":2},{"damage":6,"enemies":"3 Darklings","floor":36,"turns":5},{"damage":0,"enemies":"Maw","floor":37,"turns":5},{"damage":6,"enemies":"4 Shapes","floor":38,"turns":3},{"damage":18,"enemies":"3 Darklings","floor":39,"turns":4},{"damage":0,"enemies":"Nemesis","floor":45,"turns":5},{"damage":0,"enemies":"Giant Head","floor":47,"turns":4},{"damage":0,"enemies":"Jaw Worm Horde","floor":48,"turns":3},{"damage":6,"enemies":"Donu and Deca","floor":50,"turns":5},{"damage":0,"enemies":"Time Eater","floor":51,"turns":5},{"damage":39,"enemies":"Shield and Spear","floor":55,"turns":4},{"damage":30,"enemies":"The Heart","floor":56,"turns":6}],"seed_played":"8967800989326614227","potions_obtained":[{"floor":5,"key":"Poison Potion"},{"floor":8,"key":"SpeedPotion"},{"floor":11,"key":"Block Potion"},{"floor":22,"key":"Block Potion"},{"floor":24,"key":"Block Potion"},{"floor":30,"key":"Explosive Potion"},{"floor":35,"key":"SkillPotion"}],"is_trial":false,"path_per_floor":["M","?","?","M","M","R","?","M","T","$","M","M","R","M","R","B",null,"M","?","?","M","M","R","E","R","T","$","M","R","M","E","R","B",null,"M","M","M","M","M","R","?","R","T","R","E","?","E","M","R","B","B",null,"R","$","E","B",null],"character_chosen":"IRONCLAD","items_purchased":["Regal Pillow","Strawberry"],"campfire_rested":3,"item_purchase_floors":[27,54],"current_hp_per_floor":[62,62,51,44,38,38,38,31,31,31,24,14,36,30,30,24,62,62,62,62,56,50,50,44,44,44,44,44,44,38,32,69,63,72,59,53,53,47,29,29,29,66,66,66,66,66,72,75,75,69,73,75,75,82,47,22],"gold":95,"neow_bonus":"BOSS_RELIC","is_prod":false,"is_daily":false,"chose_seed":false,"campfire_upgraded":8,"win_rate":0,"timestamp":1553328139,"path_taken":["M","?","?","?","M","R","?","M","T","$","?","?","R","M","R","BOSS","M","?","?","?","M","R","E","R","T","$","M","R","M","E","R","BOSS","M","M","?","?","?","R","?","R","T","R","E","?","E","?","R","BOSS","BOSS","R","$","E","BOSS"],"build_version":"2019-01-23","purchased_purges":3,"victory":true,"max_hp_per_floor":[75,75,75,75,75,75,75,75,75,75,75,75,75,75,75,75,75,75,75,75,75,75,75,75,75,75,75,75,75,75,75,75,75,75,75,75,75,75,75,75,75,75,75,75,75,75,75,75,75,75,75,75,75,82,82,82],"card_choices":[{"not_picked":["Heavy Blade","Pommel Strike"],"picked":"Evolve","floor":1},{"not_picked":["Flex","Body Slam"],"picked":"Entrench","floor":4},{"not_picked":["Inflame","Carnage"],"picked":"Armaments","floor":5},{"not_picked":["Dual Wield","Flex"],"picked":"True Grit","floor":8},{"not_picked":["Havoc","Iron Wave","Burning Pact"],"picked":"Second Wind","floor":11},{"not_picked":["Rupture","Pommel Strike","Reckless Charge"],"picked":"Metallicize","floor":12},{"not_picked":["Spot Weakness","Flex","Cleave"],"picked":"Warcry","floor":14},{"not_picked":["Juggernaut","Bludgeon","Feed"],"picked":"Impervious","floor":16},{"not_picked":["Battle Trance","Armaments","Iron Wave"],"picked":"Body Slam","floor":18},{"not_picked":["True Grit","Iron Wave","Thunderclap","Perfected Strike"],"picked":"SKIP","floor":21},{"not_picked":["Headbutt","Perfected Strike","Spot Weakness","Thunderclap"],"picked":"SKIP","floor":22},{"not_picked":["Twin Strike","Pummel","Bludgeon"],"picked":"Warcry+1","floor":24},{"not_picked":["Cleave","Twin Strike","Pommel Strike","Wild Strike"],"picked":"SKIP","floor":28},{"not_picked":["Armaments","Shrug It Off","Immolate"],"picked":"Feel No Pain","floor":30},{"not_picked":["Thunderclap","Rupture","True Grit","Sentinel"],"picked":"SKIP","floor":31},{"not_picked":["Limit Break","Impervious","Juggernaut"],"picked":"Barricade","floor":33},{"not_picked":["Hemokinesis","Pommel Strike","Twin Strike","Cleave"],"picked":"SKIP","floor":35},{"not_picked":["Reckless Charge","Searing Blow","Disarm","Flex"],"picked":"SKIP","floor":36},{"not_picked":["Inflame","Sword Boomerang","Dropkick"],"picked":"True Grit+1","floor":37},{"not_picked":["Thunderclap","Blood for Blood+1","Heavy Blade","Warcry"],"picked":"SKIP","floor":38},{"not_picked":["Reckless Charge+1","Iron Wave","Sentinel"],"picked":"Reaper","floor":39},{"not_picked":["Berserk","Power Through","Clash"],"picked":"Battle Trance","floor":45},{"not_picked":["Anger","Intimidate","Dual Wield"],"picked":"Shrug It Off","floor":47},{"not_picked":["Warcry","Feel No Pain","Perfected Strike","Anger"],"picked":"SKIP","floor":48},{"not_picked":["Power Through","Anger","Clash","Armaments+1"],"picked":"SKIP","floor":55}],"player_experience":2506265,"relics_obtained":[{"floor":9,"key":"Question Card"},{"floor":24,"key":"Smiling Mask"},{"floor":31,"key":"Bronze Scales"},{"floor":43,"key":"FossilizedHelix"},{"floor":45,"key":"Ornamental Fan"},{"floor":47,"key":"Gremlin Horn"},{"floor":55,"key":"Red Skull"}],"event_choices":[{"cards_removed":["Bloodletting"],"damage_healed":0,"gold_gain":0,"player_choice":"Card Removal","damage_taken":0,"max_hp_gain":0,"max_hp_loss":0,"event_name":"The Cleric","floor":2,"gold_loss":75},{"damage_healed":0,"gold_gain":75,"player_choice":"Gather Gold","damage_taken":11,"max_hp_gain":0,"max_hp_loss":0,"event_name":"World of Goop","floor":3,"gold_loss":0},{"damage_healed":0,"gold_gain":0,"player_choice":"Forge","damage_taken":0,"max_hp_gain":0,"max_hp_loss":0,"event_name":"Accursed Blacksmith","floor":7,"gold_loss":0,"cards_upgraded":["Entrench"]},{"cards_removed":["Dropkick"],"damage_healed":0,"gold_gain":0,"player_choice":"Gave Gold","damage_taken":0,"max_hp_gain":0,"max_hp_loss":0,"event_name":"Beggar","floor":19,"gold_loss":75},{"damage_healed":0,"gold_gain":0,"player_choice":"Gave Potion","damage_taken":0,"relics_obtained":["Mummified Hand"],"max_hp_gain":0,"max_hp_loss":0,"event_name":"WeMeetAgain","floor":20,"gold_loss":0},{"damage_healed":0,"gold_gain":0,"player_choice":"Ignored","damage_taken":0,"max_hp_gain":0,"max_hp_loss":0,"event_name":"Tomb of Lord Red Mask","floor":41,"gold_loss":0},{"damage_healed":0,"gold_gain":0,"player_choice":"Upgraded","damage_taken":0,"max_hp_gain":0,"max_hp_loss":0,"event_name":"Upgrade Shrine","floor":46,"gold_loss":0,"cards_upgraded":["Barricade"]}],"is_beta":false,"boss_relics":[{"not_picked":["Fusion Hammer","Ectoplasm"],"picked":"Runic Dome"},{"not_picked":["Sozu","Astrolabe"],"picked":"Philosopher\u0027s Stone"}],"items_purged_floors":[10,27,54],"is_endless":false,"potions_floor_spawned":[5,8,11,12,22,24,28,30,35,36,47],"ascension_level":20}