{"gold_per_floor":[114,134,161,2,2,2,28,41,67,102,102,102,62,92,92,215,215,239,189,62,75,88,88,109,109,109,9,9,32,32,45,45,171,171,195,216,216,0,0,0,44,44,44,64,89,122,147,147,147,147],"floor_reached":51,"playtime":1693,"items_purged":["Strike_B","Strike_B"],"score":1103,"play_id":"1128d83a-175a-48f7-8418-0ad76026baa6","local_time":"20190216171219","is_ascension_mode":true,"campfire_choices":[{"data":"Zap","floor":6,"key":"SMITH"},{"data":"Defragment","floor":11,"key":"SMITH"},{"floor":15,"key":"REST"},{"data":"Buffer","floor":23,"key":"SMITH"},{"data":"Blizzard","floor":25,"key":"SMITH"},{"data":"Biased Cognition","floor":28,"key":"SMITH"},{"data":"Self Repair","floor":32,"key":"SMITH"},{"data":"Creative AI","floor":40,"key":"SMITH"},{"data":"Reboot","floor":42,"key":"SMITH"},{"data":"BootSequence","floor":49,"key":"SMITH"}],"neow_cost":"PERCENT_DAMAGE","seed_source_timestamp":197913149953600,"circlet_count":0,"master_deck":["AscendersBane","Defend_B","Defend_B","Defend_B","Defend_B","Zap+1","Reboot+1","Cold Snap","Electrodynamics+1","Buffer+1","Defragment+1","Blizzard+1","Steam","Biased Cognition+1","Coolheaded+1","FTL","Melter+1","BootSequence+1","Bite","Bite","Bite","Bite","Bite","Self Repair+1","Creative AI+1","Conserve Battery+1","Conserve Battery+1","Clumsy","Cold Snap+1","White Noise+1","Glacier+1"],"relics":["Cracked Core","Dream Catcher","Ginger","Unceasing Top","Golden Idol","Coffee Dripper","Sundial","Cursed Key","Red Mask","Ancient Tea Set","StoneCalendar","Potion Belt"],"potions_floor_usage":[24,29,29,33,46,50,50],"damage_taken":[{"damage":1,"enemies":"Cultist","floor":1,"turns":3},{"damage":2,"enemies":"2 Louse","floor":2,"turns":4},{"damage":21,"enemies":"Gremlin Nob","floor":7,"turns":4},{"damage":0,"enemies":"Small Slimes","floor":8,"turns":1},{"damage":8,"enemies":"3 Sentries","floor":10,"turns":4},{"damage":9,"enemies":"The Guardian","floor":16,"turns":11},{"damage":24,"enemies":"3 Byrds","floor":18,"turns":3},{"damage":0,"enemies":"Chosen","floor":21,"turns":3},{"damage":8,"enemies":"Snake Plant","floor":22,"turns":4},{"damage":20,"enemies":"Shelled Parasite and Fungi","floor":24,"turns":4},{"damage":16,"enemies":"Snecko","floor":29,"turns":6},{"damage":10,"enemies":"Centurion and Healer","floor":31,"turns":23},{"damage":18,"enemies":"Champ","floor":33,"turns":8},{"damage":0,"enemies":"Orb Walker","floor":35,"turns":4},{"damage":27,"enemies":"3 Darklings","floor":36,"turns":4},{"damage":48,"enemies":"Giant Head","floor":41,"turns":13},{"damage":0,"enemies":"Jaw Worm Horde","floor":44,"turns":5},{"damage":27,"enemies":"Maw","floor":45,"turns":9},{"damage":41,"enemies":"Reptomancer","floor":46,"turns":7},{"damage":0,"enemies":"4 Shapes","floor":47,"turns":4},{"damage":42,"enemies":"Time Eater","floor":50,"turns":17}],"seed_played":"-3816128756978478757","potions_obtained":[{"floor":2,"key":"Poison Potion"},{"floor":8,"key":"Weak Potion"},{"floor":21,"key":"SkillPotion"},{"floor":24,"key":"Regen Potion"},{"floor":29,"key":"Fruit Juice"},{"floor":31,"key":"Fire Potion"},{"floor":36,"key":"Explosive Potion"},{"floor":41,"key":"Dexterity Potion"},{"floor":46,"key":"GamblersBrew"}],"is_trial":false,"path_per_floor":["M","M","T","$","?","R","E","M","T","E","R","?","$","?","R","B",null,"M","?","$","M","M","R","M","R","T","$","R","M","?","M","R","B",null,"M","M","?","?","?","R","E","R","T","M","M","E","M","T","R","B",null],"character_chosen":"DEFECT","items_purchased":["Electrodynamics","Blizzard","PowerPotion"],"campfire_rested":1,"item_purchase_floors":[4,13,20],"current_hp_per_floor":[49,47,47,47,47,47,26,26,26,20,20,20,20,20,40,33,60,38,38,38,40,34,34,16,16,16,16,16,22,22,74,74,74,74,74,49,49,49,49,49,31,31,31,51,54,43,45,45,45,33],"gold":147,"neow_bonus":"THREE_RARE_CARDS","is_prod":false,"is_daily":false,"chose_seed":false,"campfire_upgraded":9,"win_rate":0,"timestamp":1550304739,"path_taken":["M","?","?","$","?","R","E","M","T","E","R","?","$","?","R","BOSS","M","?","?","?","M","R","M","R","T","$","R","M","?","M","R","BOSS","M","M","?","?","?","R","E","R","T","M","M","E","?","?","R","BOSS"],"build_version":"2019-01-23","purchased_purges":2,"victory":true,"max_hp_per_floor":[75,75,75,75,75,75,75,75,75,75,75,69,69,69,69,69,69,69,69,69,69,69,69,69,69,69,69,69,74,74,74,74,74,74,74,74,74,74,74,74,74,74,74,74,74,74,74,74,74,74],"card_choices":[{"not_picked":["All For One","Meteor Strike"],"picked":"Reboot","floor":0},{"not_picked":["Sweeping Beam","Turbo","Barrage"],"picked":"SKIP","floor":1},{"not_picked":["Double Energy","Skim"],"picked":"Cold Snap","floor":2},{"not_picked":["Sweeping Beam","Doom and Gloom"],"picked":"Buffer","floor":7},{"not_picked":["Beam Cell","Redo","Turbo"],"picked":"SKIP","floor":8},{"not_picked":["Thunder Strike","Fusion"],"picked":"Defragment","floor":10},{"not_picked":["Compile Driver","FTL"],"picked":"Steam","floor":15},{"not_picked":["Hyperbeam","Amplify"],"picked":"Biased Cognition","floor":16},{"not_picked":["Go for the Eyes+1","Redo+1"],"picked":"Coolheaded+1","floor":18},{"not_picked":["Beam Cell+1","Barrage"],"picked":"FTL","floor":21},{"not_picked":["Auto Shields","Leap"],"picked":"Melter+1","floor":22},{"not_picked":["Leap","Ball Lightning"],"picked":"BootSequence","floor":24},{"not_picked":["Sweeping Beam+1","Go for the Eyes","Streamline"],"picked":"SKIP","floor":29},{"not_picked":["Buffer","Steam Power"],"picked":"Self Repair","floor":31},{"not_picked":["Biased Cognition","Echo Form"],"picked":"Creative AI","floor":33},{"not_picked":["Gash","Chaos+1","Reprogram+1"],"picked":"SKIP","floor":35},{"not_picked":["Hologram+1","Stack"],"picked":"Conserve Battery+1","floor":36},{"not_picked":["Reinforced Body","Recycle"],"picked":"Conserve Battery+1","floor":41},{"not_picked":["Lockon","Tempest","Double Energy+1"],"picked":"SKIP","floor":44},{"not_picked":["Undo+1","Self Repair+1"],"picked":"Cold Snap+1","floor":45},{"not_picked":["Sweeping Beam","Reprogram"],"picked":"White Noise+1","floor":46},{"not_picked":["Doom and Gloom","Streamline+1"],"picked":"Glacier+1","floor":47}],"player_experience":84703,"relics_obtained":[{"floor":3,"key":"Dream Catcher"},{"floor":7,"key":"Ginger"},{"floor":9,"key":"Blood Vial"},{"floor":10,"key":"Unceasing Top"},{"floor":26,"key":"Sundial"},{"floor":41,"key":"Ancient Tea Set"},{"floor":43,"key":"StoneCalendar"},{"floor":46,"key":"Potion Belt"}],"event_choices":[{"damage_healed":0,"gold_gain":0,"player_choice":"Grow","damage_taken":0,"max_hp_gain":0,"max_hp_loss":0,"event_name":"Living Wall","floor":5,"gold_loss":0,"cards_upgraded":["Electrodynamics"]},{"damage_healed":0,"gold_gain":0,"player_choice":"Lose Max HP","damage_taken":0,"relics_obtained":["Golden Idol"],"max_hp_gain":0,"max_hp_loss":6,"event_name":"Golden Idol","floor":12,"gold_loss":0},{"damage_healed":0,"gold_gain":30,"player_choice":"Searched \u00271\u0027 times","damage_taken":0,"max_hp_gain":0,"max_hp_loss":0,"event_name":"Dead Adventurer","floor":14,"gold_loss":0},{"damage_healed":0,"gold_gain":0,"player_choice":"Bet on Murderer","damage_taken":0,"max_hp_gain":0,"max_hp_loss":0,"event_name":"The Joust","floor":19,"gold_loss":50},{"damage_healed":0,"gold_gain":0,"player_choice":"Became a vampire (Vial)","damage_taken":0,"max_hp_gain":0,"max_hp_loss":0,"event_name":"Vampires","floor":30,"relics_lost":["Blood Vial"],"gold_loss":0,"cards_obtained":["Bite","Bite","Bite","Bite","Bite"]},{"damage_healed":0,"gold_gain":0,"player_choice":"Ignored","damage_taken":0,"max_hp_gain":0,"max_hp_loss":0,"event_name":"Mysterious Sphere","floor":37,"gold_loss":0},{"damage_healed":0,"gold_gain":0,"player_choice":"Paid","damage_taken":0,"relics_obtained":["Red Mask"],"max_hp_gain":0,"max_hp_loss":0,"event_name":"Tomb of Lord Red Mask","floor":38,"gold_loss":216},{"cards_removed":["Dualcast"],"damage_healed":0,"gold_gain":0,"player_choice":"Removed Skill","damage_taken":0,"max_hp_gain":0,"max_hp_loss":0,"event_name":"Falling","floor":39,"gold_loss":0}],"is_beta":false,"boss_relics":[{"not_picked":["Lizard Tail","Busted Crown"],"picked":"Coffee Dripper"},{"not_picked":["Velvet Choker","Snecko Eye"],"picked":"Cursed Key"}],"items_purged_floors":[20,27],"is_endless":false,"potions_floor_spawned":[2,8,16,18,21,24,29,31,36,41,46],"ascension_level":11}