{"gold_per_floor":[117,117,192,192,55,55,73,101,101,101,101,126,142,474,474,553,553,566,566,303,353,365,365,381,410,410,410,410],"floor_reached":28,"playtime":907,"items_purged":["Defend_B"],"score":554,"play_id":"aa2cf97c-2797-4d70-a365-dcac3490921d","local_time":"20190206130734","is_ascension_mode":true,"campfire_choices":[{"data":"Melter","floor":6,"key":"SMITH"},{"data":"Zap","floor":10,"key":"SMITH"},{"floor":15,"key":"REST"},{"data":"Apotheosis","floor":23,"key":"SMITH"}],"neow_cost":"NONE","seed_source_timestamp":67720583608000,"circlet_count":0,"master_deck":["AscendersBane","Strike_B","Strike_B","Strike_B","Strike_B","Defend_B","Defend_B","Zap+1","Dualcast","Melter+1","Consume","Leap","Chill","Electrodynamics","Hologram+1","Glacier","Apotheosis+1","White Noise+1","Capacitor","Ball Lightning"],"relics":["Cracked Core","NeowsBlessing","Symbiotic Virus","Ice Cream","Art of War","Dead Branch","Bronze Scales","Old Coin","Sozu","Dream Catcher","Gambling Chip"],"potions_floor_usage":[12,14,14],"damage_taken":[{"damage":0,"enemies":"Cultist","floor":1,"turns":1},{"damage":0,"enemies":"2 Louse","floor":7,"turns":1},{"damage":0,"enemies":"Lagavulin","floor":8,"turns":1},{"damage":15,"enemies":"3 Sentries","floor":12,"turns":4},{"damage":2,"enemies":"Jaw Worm","floor":13,"turns":2},{"damage":17,"enemies":"Gremlin Nob","floor":14,"turns":3},{"damage":29,"enemies":"The Guardian","floor":16,"turns":11},{"damage":19,"enemies":"Chosen","floor":18,"turns":4},{"damage":0,"enemies":"Spheric Guardian","floor":22,"turns":1},{"damage":0,"enemies":"3 Cultists","floor":24,"turns":4},{"damage":18,"enemies":"Slavers","floor":25,"turns":3},{"damage":0,"enemies":"Centurion and Healer","floor":28,"turns":2}],"seed_played":"-7384313097940965226","potions_obtained":[{"floor":1,"key":"Ancient Potion"},{"floor":12,"key":"Fire Potion"},{"floor":16,"key":"Energy Potion"}],"is_trial":false,"path_per_floor":["M","?","?","?","$","R","M","E","T","R","?","E","M","E","R","B",null,"M","?","$","?","M","R","M","E","T","?","M"],"character_chosen":"DEFECT","items_purchased":["Fire Potion","Melter","Apotheosis"],"campfire_rested":1,"item_purchase_floors":[5,5,20],"current_hp_per_floor":[64,64,53,53,53,53,53,53,53,53,48,33,31,14,35,6,55,36,36,36,36,36,36,36,18,18,18,18],"gold":410,"neow_bonus":"THREE_ENEMY_KILL","is_prod":false,"is_daily":false,"chose_seed":false,"campfire_upgraded":3,"win_rate":0,"timestamp":1549426054,"path_taken":["M","?","?","?","$","R","?","E","T","R","?","E","M","E","R","BOSS","M","?","$","?","M","R","M","E","T","?","?"],"build_version":"2019-01-23","purchased_purges":1,"victory":false,"max_hp_per_floor":[71,71,71,71,71,71,71,71,71,71,71,71,71,71,71,71,71,71,71,71,71,71,71,71,71,71,71,71],"card_choices":[{"not_picked":["Recycle","Sweeping Beam","Go for the Eyes"],"picked":"SKIP","floor":1},{"not_picked":["Sweeping Beam","Redo","Lockon"],"picked":"SKIP","floor":7},{"not_picked":["Fusion","Rebound","Sweeping Beam"],"picked":"SKIP","floor":8},{"not_picked":["Creative AI","Melter"],"picked":"Consume","floor":12},{"not_picked":["Redo","Sweeping Beam"],"picked":"Leap","floor":13},{"not_picked":["Chaos","BootSequence"],"picked":"Chill","floor":14},{"not_picked":["Thunder Strike","Multi-Cast"],"picked":"Electrodynamics","floor":16},{"not_picked":["Streamline","Redo"],"picked":"Hologram+1","floor":18},{"not_picked":["Aggregate+1","Gash"],"picked":"White Noise+1","floor":22},{"not_picked":["Reprogram","Compile Driver","Steam Power"],"picked":"SKIP","floor":24},{"not_picked":["Blizzard","Amplify"],"picked":"Capacitor","floor":25}],"player_experience":1402834,"relics_obtained":[{"floor":8,"key":"Ice Cream"},{"floor":9,"key":"Art of War"},{"floor":12,"key":"Bronze Scales"},{"floor":14,"key":"Old Coin"},{"floor":25,"key":"Dream Catcher"},{"floor":26,"key":"Gambling Chip"}],"event_choices":[{"damage_healed":0,"gold_gain":0,"player_choice":"Box","damage_taken":0,"relics_obtained":["Symbiotic Virus"],"max_hp_gain":0,"max_hp_loss":0,"event_name":"Big Fish","floor":2,"gold_loss":0,"cards_obtained":["Regret"]},{"damage_healed":0,"gold_gain":75,"player_choice":"Gather Gold","damage_taken":11,"max_hp_gain":0,"max_hp_loss":0,"event_name":"World of Goop","floor":3,"gold_loss":0},{"cards_removed":["Regret"],"damage_healed":0,"gold_gain":0,"player_choice":"Forget","damage_taken":0,"max_hp_gain":0,"max_hp_loss":0,"event_name":"Living Wall","floor":4,"gold_loss":0},{"damage_healed":0,"gold_gain":0,"player_choice":"Success","damage_taken":5,"relics_obtained":["Dead Branch"],"max_hp_gain":0,"max_hp_loss":0,"event_name":"Scrap Ooze","floor":11,"gold_loss":0},{"damage_healed":0,"gold_gain":0,"player_choice":"Read","damage_taken":0,"max_hp_gain":0,"max_hp_loss":0,"event_name":"The Library","floor":19,"gold_loss":0,"cards_obtained":["Glacier"]},{"damage_healed":0,"gold_gain":50,"player_choice":"Stole From Cult","damage_taken":0,"max_hp_gain":0,"max_hp_loss":0,"event_name":"Nest","floor":21,"gold_loss":0},{"damage_healed":0,"gold_gain":0,"cards_transformed":["Defend_B"],"player_choice":"Transformed","damage_taken":0,"max_hp_gain":0,"max_hp_loss":0,"event_name":"Transmorgrifier","floor":27,"gold_loss":0,"cards_obtained":["Ball Lightning"]}],"is_beta":false,"boss_relics":[{"not_picked":["Ectoplasm","Runic Pyramid"],"picked":"Sozu"}],"items_purged_floors":[20],"is_endless":false,"potions_floor_spawned":[1,12,13,16,18,24,25],"killed_by":"Centurion and Healer","ascension_level":20}