{"gold_per_floor":[118,118,118,118,130,162,178,206,206,206,233,233,244,91,91,186,186,197,197,214,232,242,242,242],"floor_reached":24,"playtime":498,"items_purged":["Defend_R"],"score":282,"play_id":"05c6f865-b857-4035-8969-fd8698c93d4f","local_time":"20190203102013","is_ascension_mode":true,"campfire_choices":[{"data":"Fiend Fire","floor":10,"key":"SMITH"},{"data":"Bash","floor":12,"key":"SMITH"},{"data":"Shockwave","floor":15,"key":"SMITH"},{"data":"Disarm","floor":23,"key":"SMITH"}],"neow_cost":"NONE","seed_source_timestamp":91952000915400,"circlet_count":0,"master_deck":["Strike_R","Strike_R","Strike_R","Strike_R","Defend_R","Defend_R","Defend_R","Bash+1","Fiend Fire+1","Shockwave+1","Evolve","Reaper","Shrug It Off+1","Fiend Fire+1","Disarm+1","Warcry+1"],"relics":["Burning Blood","Bag of Preparation","CultistMask","Pen Nib","Magic Flower","Gremlin Horn","Odd Mushroom","Cursed Key"],"potions_floor_usage":[11,16],"damage_taken":[{"damage":0,"enemies":"2 Louse","floor":1,"turns":3},{"damage":11,"enemies":"Jaw Worm","floor":5,"turns":5},{"damage":28,"enemies":"Gremlin Nob","floor":6,"turns":4},{"damage":16,"enemies":"Small Slimes","floor":7,"turns":3},{"damage":25,"enemies":"3 Sentries","floor":8,"turns":8},{"damage":13,"enemies":"The Mushroom Lair","floor":11,"turns":5},{"damage":0,"enemies":"Red Slaver","floor":13,"turns":1},{"damage":0,"enemies":"Slime Boss","floor":16,"turns":2},{"damage":12,"enemies":"2 Thieves","floor":18,"turns":4},{"damage":0,"enemies":"Shell Parasite","floor":20,"turns":1},{"damage":0,"enemies":"Cultist and Chosen","floor":21,"turns":3},{"damage":0,"enemies":"Snake Plant","floor":22,"turns":2},{"damage":86,"enemies":"Slavers","floor":24,"turns":10}],"seed_played":"2703219069246951976","potions_obtained":[{"floor":1,"key":"AttackPotion"},{"floor":5,"key":"EssenceOfSteel"},{"floor":11,"key":"Swift Potion"},{"floor":16,"key":"Ancient Potion"},{"floor":22,"key":"Swift Potion"}],"is_trial":false,"path_per_floor":["M","?","?","?","M","E","M","E","T","R","?","R","M","$","R","B",null,"M","?","M","M","M","R","E"],"character_chosen":"IRONCLAD","items_purchased":["Evolve"],"campfire_rested":0,"item_purchase_floors":[14],"current_hp_per_floor":[80,73,73,73,68,46,36,17,17,17,13,13,22,22,22,31,80,77,77,80,80,80,80,16],"gold":242,"neow_bonus":"RANDOM_COMMON_RELIC","is_prod":false,"is_daily":false,"chose_seed":false,"campfire_upgraded":4,"win_rate":0,"timestamp":1549156813,"path_taken":["M","?","?","?","?","E","M","E","T","R","?","R","M","$","R","BOSS","M","?","M","?","M","R","E"],"build_version":"2019-01-23","purchased_purges":1,"victory":false,"max_hp_per_floor":[80,80,80,80,80,80,80,80,80,80,80,80,80,80,80,80,80,80,80,80,80,80,80,80],"card_choices":[{"not_picked":["Burning Pact","Hemokinesis","Anger"],"picked":"SKIP","floor":1},{"not_picked":["Wild Strike","Pommel Strike","Perfected Strike"],"picked":"SKIP","floor":5},{"not_picked":["Hemokinesis","Thunderclap","Infernal Blade"],"picked":"SKIP","floor":6},{"not_picked":["Pommel Strike","Pummel"],"picked":"Fiend Fire","floor":7},{"not_picked":["Clothesline","Warcry"],"picked":"Shockwave","floor":8},{"not_picked":["Body Slam","Burning Pact","Iron Wave"],"picked":"SKIP","floor":13},{"not_picked":["Bludgeon","Demon Form"],"picked":"Reaper","floor":16},{"not_picked":["Heavy Blade","Armaments"],"picked":"Shrug It Off+1","floor":18},{"not_picked":["Anger","Perfected Strike"],"picked":"Disarm","floor":20},{"not_picked":["Berserk","Clash","Anger"],"picked":"SKIP","floor":21},{"not_picked":["Headbutt+1","Heavy Blade+1"],"picked":"Warcry+1","floor":22}],"player_experience":4296,"relics_obtained":[{"floor":6,"key":"Pen Nib"},{"floor":8,"key":"Magic Flower"},{"floor":9,"key":"Gremlin Horn"},{"floor":11,"key":"Odd Mushroom"}],"event_choices":[{"cards_removed":["Strike_R"],"damage_healed":0,"gold_gain":0,"player_choice":"Card Removal","damage_taken":7,"max_hp_gain":0,"max_hp_loss":0,"event_name":"Golden Wing","floor":2,"gold_loss":0},{"damage_healed":0,"gold_gain":0,"player_choice":"Ignored","damage_taken":0,"max_hp_gain":0,"max_hp_loss":0,"event_name":"Liars Game","floor":3,"gold_loss":0},{"damage_healed":0,"gold_gain":0,"player_choice":"Trade","damage_taken":0,"relics_obtained":["CultistMask"],"max_hp_gain":0,"max_hp_loss":0,"event_name":"FaceTrader","floor":4,"gold_loss":0},{"damage_healed":0,"gold_gain":0,"player_choice":"Fought Mushrooms","damage_taken":0,"max_hp_gain":0,"max_hp_loss":0,"event_name":"Mushrooms","floor":11,"gold_loss":0},{"damage_healed":0,"gold_gain":0,"player_choice":"Copied","damage_taken":0,"max_hp_gain":0,"max_hp_loss":0,"event_name":"Duplicator","floor":19,"gold_loss":0,"cards_obtained":["Fiend Fire"]}],"is_beta":false,"boss_relics":[{"not_picked":["Tiny House","Empty Cage"],"picked":"Cursed Key"}],"items_purged_floors":[14],"is_endless":false,"potions_floor_spawned":[1,5,11,16,22],"killed_by":"Slavers","ascension_level":2}