{"gold_per_floor":[111,111,186,186,111,111,144,144,144,144,54,86,86,96,96,96],"floor_reached":16,"playtime":277,"items_purged":["Strike_R"],"score":308,"play_id":"54f0b4b4-9fff-429b-b68f-1f7d6b43053f","local_time":"20190305133819","is_ascension_mode":true,"campfire_choices":[{"data":"Bash","floor":6,"key":"SMITH"},{"data":"Flex","floor":8,"key":"SMITH"},{"floor":10,"key":"REST"},{"data":"Feel No Pain","floor":13,"key":"SMITH"},{"data":"Intimidate","floor":15,"key":"SMITH"}],"neow_cost":"NONE","seed_source_timestamp":43564358970400,"circlet_count":0,"master_deck":["AscendersBane","Strike_R+1","Strike_R","Strike_R+1","Defend_R+1","Defend_R","Defend_R+1","Defend_R","Bash+1","Flex+1","Feel No Pain+1","Intimidate+1"],"relics":["Burning Blood","NeowsBlessing","War Paint","Darkstone Periapt","Orichalcum"],"potions_floor_usage":[16,16],"damage_taken":[{"damage":0,"enemies":"2 Louse","floor":1,"turns":1},{"damage":0,"enemies":"3 Sentries","floor":7,"turns":2},{"damage":0,"enemies":"Lagavulin","floor":12,"turns":2},{"damage":0,"enemies":"Jaw Worm","floor":14,"turns":3},{"damage":74,"enemies":"Slime Boss","floor":16,"turns":11}],"seed_played":"-6955626843089511391","potions_obtained":[{"floor":1,"key":"EssenceOfSteel"},{"floor":14,"key":"SpeedPotion"}],"is_trial":false,"path_per_floor":["M","?","?","?","$","R","E","R","T","R","$","E","R","M","R","B"],"character_chosen":"IRONCLAD","items_purchased":["Feel No Pain"],"campfire_rested":1,"item_purchase_floors":[11],"current_hp_per_floor":[74,67,56,33,33,33,39,39,39,61,61,67,67,73,73,0],"gold":96,"neow_bonus":"THREE_ENEMY_KILL","is_prod":false,"is_daily":false,"chose_seed":false,"campfire_upgraded":4,"win_rate":0,"timestamp":1551760699,"path_taken":["M","?","?","?","$","R","E","R","T","R","$","E","R","M","R","BOSS"],"build_version":"2019-01-23","purchased_purges":1,"victory":false,"max_hp_per_floor":[75,75,75,75,75,75,75,75,75,75,75,75,75,75,75,75],"card_choices":[{"not_picked":["Dual Wield","Flex","True Grit"],"picked":"SKIP","floor":1},{"not_picked":["Iron Wave","Blood for Blood"],"picked":"Flex","floor":7},{"not_picked":["Dark Embrace","Shrug It Off"],"picked":"Intimidate","floor":12},{"not_picked":["Sword Boomerang","Heavy Blade","Flex"],"picked":"SKIP","floor":14}],"player_experience":2020374,"relics_obtained":[{"floor":7,"key":"War Paint"},{"floor":9,"key":"Darkstone Periapt"},{"floor":12,"key":"Orichalcum"}],"event_choices":[{"cards_removed":["Strike_R"],"damage_healed":0,"gold_gain":0,"player_choice":"Card Removal","damage_taken":7,"max_hp_gain":0,"max_hp_loss":0,"event_name":"Golden Wing","floor":2,"gold_loss":0},{"damage_healed":0,"gold_gain":75,"player_choice":"Gather Gold","damage_taken":11,"max_hp_gain":0,"max_hp_loss":0,"event_name":"World of Goop","floor":3,"gold_loss":0},{"damage_healed":0,"gold_gain":0,"player_choice":"Entered Light","damage_taken":23,"max_hp_gain":0,"max_hp_loss":0,"event_name":"Shining Light","floor":4,"gold_loss":0,"cards_upgraded":["Strike_R","Strike_R"]}],"is_beta":false,"boss_relics":[],"items_purged_floors":[5],"is_endless":false,"potions_floor_spawned":[1,14],"killed_by":"Slime Boss","ascension_level":20}