{"gold_per_floor":[114,27,27,102,113,146,146,171,171,206,41,59,59,70,70,146,146,66,426,251,6,6,40,51,51],"floor_reached":25,"playtime":800,"items_purged":["Strike_R","Strike_R"],"score":670,"play_id":"3b2ebde9-59c4-47ab-86c1-b7f9c255c3ac","local_time":"20190329172200","is_ascension_mode":true,"campfire_choices":[{"data":"Entrench","floor":7.0,"key":"SMITH"},{"data":"Armaments","floor":15.0,"key":"SMITH"}],"neow_cost":"NONE","seed_source_timestamp":22127772588200,"circlet_count":0,"master_deck":["AscendersBane","Strike_R","Strike_R","Defend_R","Defend_R","Defend_R","Defend_R","Bash","Entrench+1","Feel No Pain","Armaments+1","Body Slam","Feel No Pain","True Grit","Feel No Pain","Exhume","Entrench","Shrug It Off","Second Wind","Armaments+1","Offering","Corruption","Entrench+1","Impervious"],"special_seed":0,"relics":["Burning Blood","NeowsBlessing","Calipers","Potion Belt","Prayer Wheel","Pear","Orrery","Blue Candle"],"potions_floor_usage":[23,25],"damage_taken":[{"damage":0.0,"enemies":"Jaw Worm","floor":1.0,"turns":1.0},{"damage":0.0,"enemies":"Small Slimes","floor":5.0,"turns":2.0},{"damage":0.0,"enemies":"Lagavulin","floor":6.0,"turns":1.0},{"damage":26.0,"enemies":"3 Sentries","floor":8.0,"turns":21.0},{"damage":47.0,"enemies":"Gremlin Nob","floor":10.0,"turns":5.0},{"damage":8.0,"enemies":"Cultist","floor":12.0,"turns":5.0},{"damage":10.0,"enemies":"2 Fungi Beasts","floor":14.0,"turns":8.0},{"damage":0.0,"enemies":"The Guardian","floor":16.0,"turns":8.0},{"damage":12.0,"enemies":"2 Thieves","floor":18.0,"turns":4.0},{"damage":18,"enemies":"Book of Stabbing","floor":23,"turns":5},{"damage":1,"enemies":"Chosen","floor":24,"turns":11},{"damage":0,"enemies":"Shelled Parasite and Fungi","floor":25,"turns":1}],"seed_played":"7667805306454649240","potions_obtained":[{"floor":1.0,"key":"GamblersBrew"},{"floor":8.0,"key":"SkillPotion"},{"floor":14.0,"key":"SpeedPotion"},{"floor":24,"key":"EssenceOfSteel"}],"is_trial":false,"path_per_floor":["M","$","?","?","M","E","R","E","T","E","$","M","?","M","R","B",null,"M","?","$","$","?","E","M","M"],"character_chosen":"IRONCLAD","items_purchased":["Feel No Pain","Feel No Pain","Offering","Corruption","SpeedPotion"],"campfire_rested":0,"item_purchase_floors":[2,11,20,21,21],"current_hp_per_floor":[74,74,74,63,69,75,75,55,55,24,24,22,15,11,11,17,68,62,22,22,22,22,10,15,15],"gold":51,"neow_bonus":"THREE_ENEMY_KILL","is_prod":false,"is_daily":false,"chose_seed":false,"campfire_upgraded":2,"win_rate":0,"timestamp":1553847720,"path_taken":["M","$","?","?","M","E","R","E","T","E","?","M","?","M","R","BOSS","M","?","?","$","?","E","?","M"],"build_version":"2019-01-23","purchased_purges":2,"victory":false,"max_hp_per_floor":[75,75,75,75,75,75,75,75,75,85,85,85,85,85,85,85,85,85,85,85,85,85,85,85,85],"card_choices":[{"not_picked":["Inflame","Armaments"],"picked":"Entrench","floor":1.0},{"not_picked":["Iron Wave","Anger","Blood for Blood"],"picked":"SKIP","floor":5.0},{"not_picked":["Clash","Heavy Blade","Uppercut"],"picked":"SKIP","floor":6.0},{"not_picked":["Dual Wield","Warcry"],"picked":"Armaments","floor":8.0},{"not_picked":["Ghostly Armor","Evolve"],"picked":"Body Slam","floor":10.0},{"not_picked":["Warcry","Clash"],"picked":"True Grit","floor":12.0},{"not_picked":["Power Through","Shrug It Off"],"picked":"Feel No Pain","floor":12.0},{"not_picked":["Wild Strike","Clash","Power Through"],"picked":"SKIP","floor":14.0},{"not_picked":["True Grit","Metallicize","Pommel Strike"],"picked":"SKIP","floor":14.0},{"not_picked":["Bludgeon","Limit Break"],"picked":"Exhume","floor":16.0},{"not_picked":["Second Wind","Body Slam"],"picked":"Entrench","floor":17.0},{"not_picked":["Clash","Cleave"],"picked":"Shrug It Off","floor":17.0},{"not_picked":["True Grit","Uppercut"],"picked":"Second Wind","floor":17.0},{"not_picked":["Feel No Pain","Heavy Blade"],"picked":"Armaments+1","floor":18.0},{"not_picked":["Limit Break","Headbutt","Wild Strike"],"picked":"SKIP","floor":18.0},{"not_picked":["Havoc","Body Slam","Clash"],"picked":"SKIP","floor":23},{"not_picked":["Iron Wave","True Grit"],"picked":"Impervious","floor":24},{"not_picked":["Sever Soul","Thunderclap","Twin Strike"],"picked":"SKIP","floor":24},{"not_picked":["Sever Soul","Thunderclap","Twin Strike"],"picked":"SKIP","floor":24}],"player_experience":2714597,"relics_obtained":[{"floor":6.0,"key":"Calipers"},{"floor":8.0,"key":"Potion Belt"},{"floor":9.0,"key":"Prayer Wheel"},{"floor":10.0,"key":"Pear"},{"floor":23,"key":"Blue Candle"}],"event_choices":[{"damage_healed":0.0,"max_hp_gain":0.0,"max_hp_loss":0.0,"gold_gain":0.0,"event_name":"The Cleric","player_choice":"Leave","floor":3.0,"gold_loss":0.0,"damage_taken":0.0},{"damage_healed":0.0,"max_hp_gain":0.0,"max_hp_loss":0.0,"gold_gain":75.0,"event_name":"World of Goop","player_choice":"Gather Gold","floor":4.0,"gold_loss":0.0,"damage_taken":11.0},{"cards_removed":["Strike_R"],"damage_healed":0.0,"max_hp_gain":0.0,"max_hp_loss":0.0,"gold_gain":0.0,"event_name":"Golden Wing","player_choice":"Card Removal","floor":13.0,"gold_loss":0.0,"damage_taken":7.0},{"damage_healed":0.0,"max_hp_gain":0.0,"max_hp_loss":0.0,"gold_gain":360.0,"event_name":"Knowing Skull","player_choice":"GOLD GOLD GOLD GOLD ","floor":19.0,"potions_obtained":[],"gold_loss":0.0,"damage_taken":40.0,"cards_obtained":[]},{"damage_healed":0.0,"max_hp_gain":0.0,"max_hp_loss":0.0,"gold_gain":0.0,"event_name":"Duplicator","player_choice":"Copied","floor":22.0,"gold_loss":0.0,"damage_taken":0.0,"cards_obtained":["Entrench"]}],"is_beta":false,"boss_relics":[{"not_picked":["Lizard Tail","Calling Bell"],"picked":"Orrery"}],"items_purged_floors":[11,21],"is_endless":false,"potions_floor_spawned":[1,8,14,24],"killed_by":"Shelled Parasite and Fungi","ascension_level":20}