{"gold_per_floor":[20,270,270,283,67,93,93,122,176,176,194,228,243,255,255,255],"floor_reached":16,"playtime":870,"items_purged":["Regret"],"score":168,"play_id":"571a992a-cdbb-46b0-bacc-8336cf9e38f4","local_time":"20180624211413","is_ascension_mode":true,"campfire_choices":[{"floor":7,"key":"REST"},{"floor":15,"key":"REST"}],"neow_cost":"NO_GOLD","seed_source_timestamp":125316719343889,"circlet_count":0,"master_deck":["Strike_R","Strike_R","Strike_R","Strike_R","Strike_R","Defend_R","Defend_R","Defend_R","Defend_R","Bash","Offering+1","Pummel","Iron Wave","Dual Wield","Inflame","Feed","Iron Wave"],"relics":["Burning Blood","Happy Flower","Du-Vu Doll","Pen Nib","Anchor","Darkstone Periapt"],"potions_floor_usage":[13,16,16],"damage_taken":[{"damage":19,"enemies":"Small Slimes","floor":1,"turns":4},{"damage":9,"enemies":"Cultist","floor":4,"turns":2},{"damage":15,"enemies":"3 Sentries","floor":6,"turns":8},{"damage":20,"enemies":"Gremlin Nob","floor":8,"turns":3},{"damage":0,"enemies":"Jaw Worm","floor":11,"turns":2},{"damage":24,"enemies":"Lagavulin","floor":12,"turns":7},{"damage":4,"enemies":"Red Slaver","floor":13,"turns":3},{"damage":4,"enemies":"2 Fungi Beasts","floor":14,"turns":2},{"damage":66,"enemies":"Hexaghost","floor":16,"turns":9}],"seed_played":"-7961884760635975939","potions_obtained":[{"floor":6,"key":"GamblersBrew"},{"floor":8,"key":"SpeedPotion"},{"floor":12,"key":"Energy Potion"}],"is_trial":false,"path_per_floor":["M","?","?","M","$","E","R","E","T","?","M","E","M","M","R"],"character_chosen":"IRONCLAD","items_purchased":["Dual Wield","Inflame"],"campfire_rested":2,"item_purchase_floors":[5,5],"current_hp_per_floor":[59,59,59,56,56,47,71,57,57,45,51,33,35,40,64,0],"gold":255,"neow_bonus":"THREE_RARE_CARDS","is_prod":false,"is_daily":false,"chose_seed":false,"campfire_upgraded":0,"win_rate":0,"timestamp":1529864053,"path_taken":["M","?","?","M","$","E","R","E","T","?","M","E","M","M","R","BOSS"],"build_version":"2018-06-21v2","purchased_purges":1,"victory":false,"max_hp_per_floor":[80,80,80,80,80,80,80,80,80,80,80,80,80,83,83,83],"card_choices":[{"not_picked":["Reaper","Double Tap"],"picked":"Offering","floor":0},{"not_picked":["Clothesline","Body Slam"],"picked":"Pummel","floor":1},{"not_picked":["Shrug It Off","Headbutt"],"picked":"Iron Wave","floor":4},{"not_picked":["Thunderclap","Warcry"],"picked":"Feed","floor":6},{"not_picked":["Pommel Strike","Wild Strike","Rage"],"picked":"SKIP","floor":8},{"not_picked":["Cleave","Combust","Shrug It Off"],"picked":"SKIP","floor":11},{"not_picked":["Pommel Strike","Dark Embrace","Clothesline"],"picked":"SKIP","floor":12},{"not_picked":["Carnage","Battle Trance"],"picked":"Iron Wave","floor":13},{"not_picked":["Disarm","Sword Boomerang","Blood for Blood"],"picked":"SKIP","floor":14}],"player_experience":521180,"relics_obtained":[{"floor":6,"key":"Happy Flower"},{"floor":8,"key":"Du-Vu Doll"},{"floor":9,"key":"Pen Nib"},{"floor":12,"key":"Darkstone Periapt"}],"event_choices":[{"event_name":"Golden Shrine","player_choice":"Desecrate","floor":2,"damage_taken":0},{"event_name":"Accursed Blacksmith","player_choice":"Forge","floor":3,"damage_taken":0},{"event_name":"Scrap Ooze","player_choice":"success","floor":10,"damage_taken":12}],"boss_relics":[],"items_purged_floors":[5],"is_endless":false,"potions_floor_spawned":[6,8,12],"killed_by":"Hexaghost","ascension_level":8}