{"path_per_floor":["M","?","$","M","M","R","E","M","T","?","M","M","R","?","R","B",null,"M","?","?","M","$","R","E"],"character_chosen":"IRONCLAD","items_purchased":["Inflame","Inflame"],"gold_per_floor":[116,116,76,92,109,109,143,157,157,157,174,186,186,186,186,283,313,323,223,223,235,160,160,187],"floor_reached":25,"campfire_rested":2,"playtime":993,"current_hp_per_floor":[77,77,77,77,76,80,80,80,80,80,64,70,70,70,70,43,85,46,46,46,36,36,61,8],"items_purged":[],"gold":187,"score":283,"play_id":"120d9b0a-6cc3-42ea-a5c7-7d7a7efed684","is_prod":false,"is_daily":false,"is_ascension_mode":true,"campfire_upgraded":2,"path_taken":["M","?","$","M","M","R","E","M","T","?","M","?","R","?","R","BOSS","M","?","?","M","$","R","E","?"],"build_version":"2018-02-22-PROD2","purchased_purges":1,"victory":false,"master_deck":["Strike_R","Strike_R","Strike_R","Strike_R","Strike_R","Defend_R","Defend_R","Defend_R","Defend_R","Bash+1","Clothesline","Flex","Limit Break+1","Bloodletting","Inflame+1","Flex","Demon Form","Clothesline","Thunderclap","Dropkick","Armaments+1","Shrug It Off","Spot Weakness","J.A.X.","Inflame","Perfected Strike+1"],"max_hp_per_floor":[80,80,80,80,80,80,80,80,80,80,80,80,80,80,80,80,85,85,85,85,85,85,85,85],"relics":["Burning Blood","Omamori","Pen Nib","Peace Pipe","Tiny House","Lantern"],"card_choices":[{"not_picked":["Rupture","Wild Strike"],"picked":"Clothesline"},{"not_picked":["Evolve","Seeing Red"],"picked":"Flex"},{"not_picked":["Flex","Clothesline"],"picked":"Demon Form"},{"not_picked":["Wild Strike","Twin Strike"],"picked":"Clothesline"},{"not_picked":["Combust","Body Slam"],"picked":"Thunderclap"},{"not_picked":["Rage","Twin Strike"],"picked":"Dropkick"},{"not_picked":["Reckless Charge","Evolve"],"picked":"Armaments"},{"not_picked":["Iron Wave","Twin Strike"],"picked":"Shrug It Off"},{"not_picked":["Anger","Pommel Strike"],"picked":"Spot Weakness"},{"not_picked":["Thunderclap","Sever Soul"],"picked":"Perfected Strike"}],"player_experience":203744,"potions_floor_usage":[7,7,12,16,18,24],"damage_taken":[{"damage":9,"enemies":"2 Louse","floor":1,"turns":3},{"damage":6,"enemies":"Cultist","floor":4,"turns":3},{"damage":7,"enemies":"Jaw Worm","floor":5,"turns":4},{"damage":0,"enemies":"Lagavulin","floor":7,"turns":4},{"damage":0,"enemies":"3 Louse","floor":8,"turns":3},{"damage":22,"enemies":"Looter","floor":11,"turns":3},{"damage":0,"enemies":"Lots of Slimes","floor":12,"turns":1},{"damage":33,"enemies":"The Guardian","floor":16,"turns":8},{"damage":45,"enemies":"2 Thieves","floor":18,"turns":5},{"damage":16,"enemies":"Chosen","floor":21,"turns":4},{"damage":59,"enemies":"Book of Stabbing","floor":24,"turns":5}],"event_choices":[{"event_name":"Match and Keep!","player_choice":"3 cards matched","floor":2,"damage_taken":0},{"event_name":"The Cleric","player_choice":"Leave","floor":10,"damage_taken":0},{"event_name":"Upgrade Shrine","player_choice":"Upgraded","floor":14,"damage_taken":0},{"event_name":"Drug Dealer","player_choice":"Got JAXXED","floor":19,"damage_taken":0},{"event_name":"Vampires","player_choice":"Ignored","floor":20,"damage_taken":0}],"boss_relics":[{"not_picked":["Pandora\u0027s Box","Runic Pyramid"],"picked":"Tiny House"}],"potions_floor_spawned":[1,4,7,12,21,24],"seed_played":"5346638632278798670","ascension_level":3,"is_trial":false}