{"gold_per_floor":[114,114,114,125,200,200,235,235,258,291,18,50,69,84,84,156,156,176,126,141,141,141,141,173,190,190,190,59,89,89,89],"floor_reached":31,"playtime":1290,"items_purged":["Strike_B"],"score":703,"play_id":"a16f2712-57da-43e2-9c1c-3610cab3b071","local_time":"20190210190931","is_ascension_mode":true,"campfire_choices":[{"data":"Zap","floor":6,"key":"SMITH"},{"data":"Self Repair","floor":8,"key":"SMITH"},{"floor":15,"key":"REST"},{"data":"Consume","floor":23,"key":"SMITH"},{"floor":27,"key":"REST"}],"neow_cost":"NONE","seed_source_timestamp":434653239281400,"circlet_count":0,"master_deck":["AscendersBane","Strike_B+1","Strike_B+1","Strike_B+1","Defend_B","Defend_B","Defend_B","Zap+1","Dualcast","White Noise+1","Self Repair+1","Chill","Glacier","Cold Snap","Electrodynamics","Streamline","Leap+1","Consume+1","Coolheaded","Reboot"],"relics":["Cracked Core","NeowsBlessing","Whetstone","OrangePellets","Ancient Tea Set","Sozu","Centennial Puzzle","Mango","Orichalcum"],"potions_floor_usage":[12,16,29],"damage_taken":[{"damage":0,"enemies":"Cultist","floor":1,"turns":1},{"damage":0,"enemies":"Small Slimes","floor":4,"turns":1},{"damage":0,"enemies":"3 Sentries","floor":7,"turns":1},{"damage":31,"enemies":"Lagavulin","floor":10,"turns":6},{"damage":5,"enemies":"3 Sentries","floor":12,"turns":2},{"damage":7,"enemies":"Jaw Worm","floor":13,"turns":3},{"damage":1,"enemies":"Exordium Wildlife","floor":14,"turns":7},{"damage":53,"enemies":"The Guardian","floor":16,"turns":17},{"damage":20,"enemies":"Chosen","floor":18,"turns":6},{"damage":11,"enemies":"Spheric Guardian","floor":20,"turns":5},{"damage":25,"enemies":"Colosseum Slavers","floor":21,"turns":3},{"damage":0,"enemies":"Gremlin Leader","floor":24,"turns":8},{"damage":24,"enemies":"Cultist and Chosen","floor":25,"turns":8},{"damage":30,"enemies":"Book of Stabbing","floor":29,"turns":4},{"damage":0,"enemies":"Slavers","floor":31,"turns":1}],"seed_played":"829296040806192399","potions_obtained":[{"floor":1,"key":"Ancient Potion"},{"floor":4,"key":"SteroidPotion"},{"floor":10,"key":"Poison Potion"},{"floor":16,"key":"LiquidBronze"}],"is_trial":false,"path_per_floor":["M","?","?","M","?","R","E","R","T","E","$","E","M","M","R","B",null,"M","?","M","?","?","R","E","M","T","R","$","E","?","E"],"character_chosen":"DEFECT","items_purchased":["OrangePellets","PowerPotion","Coolheaded"],"campfire_rested":2,"item_purchase_floors":[11,11,28],"current_hp_per_floor":[64,64,43,43,32,32,39,39,39,18,18,23,26,35,56,13,57,47,47,46,31,31,31,41,27,41,66,66,46,21,21],"gold":89,"neow_bonus":"THREE_ENEMY_KILL","is_prod":false,"is_daily":false,"chose_seed":false,"campfire_upgraded":3,"win_rate":0,"timestamp":1549793371,"path_taken":["M","?","?","M","?","R","E","R","T","E","?","E","M","M","R","BOSS","M","?","?","?","?","R","E","M","T","R","?","E","?","E"],"build_version":"2019-01-23","purchased_purges":1,"victory":false,"max_hp_per_floor":[71,71,71,71,71,71,71,71,71,71,71,71,71,71,71,71,71,71,71,71,71,71,71,71,71,85,85,85,85,90,90],"card_choices":[{"not_picked":["Fusion","Hologram","Reinforced Body"],"picked":"SKIP","floor":1},{"not_picked":["Streamline","Ball Lightning"],"picked":"Self Repair","floor":4},{"not_picked":["Go for the Eyes","Compile Driver"],"picked":"Chill","floor":7},{"not_picked":["All For One","Hologram"],"picked":"Glacier","floor":10},{"not_picked":["Hologram","Scrape","Reinforced Body"],"picked":"SKIP","floor":12},{"not_picked":["Gash","Auto Shields"],"picked":"Cold Snap","floor":13},{"not_picked":["Steam","Ball Lightning","Multi-Cast"],"picked":"SKIP","floor":14},{"not_picked":["Seek","Fission"],"picked":"Electrodynamics","floor":16},{"not_picked":["Gash","Force Field+1"],"picked":"Streamline","floor":18},{"not_picked":["Sweeping Beam","Stack"],"picked":"Leap+1","floor":20},{"not_picked":["Compile Driver","Consume","Aggregate"],"picked":"SKIP","floor":24},{"not_picked":["Reinforced Body","Storm","Reprogram+1"],"picked":"SKIP","floor":25},{"not_picked":["Leap","Lockon"],"picked":"Reboot","floor":29}],"player_experience":1494405,"relics_obtained":[{"floor":9,"key":"Whetstone"},{"floor":12,"key":"Ancient Tea Set"},{"floor":24,"key":"Centennial Puzzle"},{"floor":26,"key":"Mango"},{"floor":29,"key":"Orichalcum"}],"event_choices":[{"damage_healed":0,"gold_gain":0,"cards_transformed":["Defend_B"],"player_choice":"Change","damage_taken":0,"max_hp_gain":0,"max_hp_loss":0,"event_name":"Living Wall","floor":2,"gold_loss":0,"cards_obtained":["White Noise"]},{"damage_healed":0,"gold_gain":0,"player_choice":"Entered Light","damage_taken":21,"max_hp_gain":0,"max_hp_loss":0,"event_name":"Shining Light","floor":3,"gold_loss":0,"cards_upgraded":["White Noise","Strike_B"]},{"damage_healed":0,"gold_gain":75,"player_choice":"Gather Gold","damage_taken":11,"max_hp_gain":0,"max_hp_loss":0,"event_name":"World of Goop","floor":5,"gold_loss":0},{"damage_healed":0,"gold_gain":0,"player_choice":"Bet on Murderer","damage_taken":0,"max_hp_gain":0,"max_hp_loss":0,"event_name":"The Joust","floor":19,"gold_loss":50},{"damage_healed":0,"gold_gain":0,"player_choice":"Fight","damage_taken":0,"max_hp_gain":0,"max_hp_loss":0,"event_name":"Colosseum","floor":21,"gold_loss":0},{"damage_healed":0,"gold_gain":0,"player_choice":"Fled From Nobs","damage_taken":0,"max_hp_gain":0,"max_hp_loss":0,"event_name":"Colosseum","floor":21,"gold_loss":0},{"damage_healed":0,"gold_gain":0,"player_choice":"Read","damage_taken":0,"max_hp_gain":0,"max_hp_loss":0,"event_name":"The Library","floor":22,"gold_loss":0,"cards_obtained":["Consume"]},{"damage_healed":0,"gold_gain":0,"player_choice":"Shed Blood","damage_taken":30,"max_hp_gain":5,"max_hp_loss":0,"event_name":"Forgotten Altar","floor":30,"gold_loss":0}],"is_beta":false,"boss_relics":[{"not_picked":["Philosopher\u0027s Stone","Empty Cage"],"picked":"Sozu"}],"items_purged_floors":[28],"is_endless":false,"potions_floor_spawned":[1,4,10,16,18,24],"killed_by":"Slavers","ascension_level":20}