{"gold_per_floor":[111,121,135,135,160,160,204,204,204,229,252,283,1,14,14,110,110,88,103,122,122],"floor_reached":21,"playtime":738,"items_purged":["Defend_B"],"score":386,"play_id":"7cd0d643-17ed-4978-9ca7-2bc2c1e8b31a","local_time":"20190206133457","is_ascension_mode":true,"campfire_choices":[{"data":"Streamline","floor":6,"key":"SMITH"},{"data":"Defragment","floor":8,"key":"SMITH"},{"data":"Capacitor","floor":15,"key":"SMITH"}],"neow_cost":"NONE","seed_source_timestamp":69532363387599,"circlet_count":0,"master_deck":["AscendersBane","Strike_B","Strike_B","Strike_B","Strike_B","Defend_B+1","Defend_B","Defend_B","Zap+1","Dualcast","Streamline+1","Defragment+1","Cold Snap","Heatsinks","Gash","Capacitor+1","Seek","Beam Cell","Cold Snap"],"relics":["Cracked Core","PreservedInsect","Golden Idol","Meat on the Bone","Blue Candle","Regal Pillow","Mummified Hand","War Paint","Fusion Hammer"],"potions_floor_usage":[7,16],"damage_taken":[{"damage":1,"enemies":"Cultist","floor":1,"turns":3},{"damage":7,"enemies":"Jaw Worm","floor":2,"turns":3},{"damage":0,"enemies":"2 Louse","floor":3,"turns":2},{"damage":7,"enemies":"Looter","floor":5,"turns":4},{"damage":17,"enemies":"3 Sentries","floor":7,"turns":4},{"damage":0,"enemies":"Large Slime","floor":11,"turns":4},{"damage":16,"enemies":"Lagavulin","floor":12,"turns":5},{"damage":0,"enemies":"Exordium Thugs","floor":14,"turns":3},{"damage":15,"enemies":"Hexaghost","floor":16,"turns":9},{"damage":20,"enemies":"2 Thieves","floor":18,"turns":4},{"damage":26,"enemies":"Chosen","floor":19,"turns":5},{"damage":15,"enemies":"Centurion and Healer","floor":20,"turns":5},{"damage":21,"enemies":"Sentry and Sphere","floor":21,"turns":5}],"seed_played":"-8918458183585314640","potions_obtained":[{"floor":1,"key":"Regen Potion"},{"floor":3,"key":"LiquidBronze"},{"floor":11,"key":"Energy Potion"}],"is_trial":false,"path_per_floor":["M","M","M","?","M","R","E","R","T","T","M","E","$","M","R","B",null,"M","M","M","M"],"character_chosen":"DEFECT","items_purchased":["Gash","War Paint"],"campfire_rested":0,"item_purchase_floors":[13,13],"current_hp_per_floor":[63,56,56,56,49,49,44,44,44,44,44,40,40,40,40,37,57,37,23,20,0],"gold":122,"neow_bonus":"RANDOM_COMMON_RELIC","is_prod":false,"is_daily":false,"chose_seed":false,"campfire_upgraded":3,"win_rate":0,"timestamp":1549427697,"path_taken":["M","?","M","?","M","R","E","R","T","?","?","E","$","M","R","BOSS","M","M","M","M"],"build_version":"2019-01-23","purchased_purges":1,"victory":false,"max_hp_per_floor":[71,71,71,64,64,64,64,64,64,64,64,64,64,64,64,64,64,64,64,64,64],"card_choices":[{"not_picked":["Tempest","Steam"],"picked":"Streamline","floor":1},{"not_picked":["Force Field","Conserve Battery","Redo"],"picked":"SKIP","floor":2},{"not_picked":["Hologram","Redo"],"picked":"Defragment","floor":3},{"not_picked":["Conserve Battery","Auto Shields"],"picked":"Cold Snap","floor":5},{"not_picked":["Scrape","Skim","Auto Shields"],"picked":"SKIP","floor":7},{"not_picked":["Turbo","Storm","Sweeping Beam"],"picked":"SKIP","floor":11},{"not_picked":["Darkness","Compile Driver"],"picked":"Heatsinks","floor":12},{"not_picked":["Streamline","Chill"],"picked":"Capacitor","floor":14},{"not_picked":["Fission","Hyperbeam"],"picked":"Seek","floor":16},{"not_picked":["Turbo","Tempest+1"],"picked":"Beam Cell","floor":18},{"not_picked":["Double Energy","Beam Cell","Hologram"],"picked":"SKIP","floor":19},{"not_picked":["Streamline","Gash"],"picked":"Cold Snap","floor":20}],"player_experience":1404613,"relics_obtained":[{"floor":7,"key":"Meat on the Bone"},{"floor":9,"key":"Blue Candle"},{"floor":10,"key":"Regal Pillow"},{"floor":12,"key":"Mummified Hand"}],"event_choices":[{"damage_healed":0,"gold_gain":0,"player_choice":"Lose Max HP","damage_taken":0,"relics_obtained":["Golden Idol"],"max_hp_gain":0,"max_hp_loss":7,"event_name":"Golden Idol","floor":4,"gold_loss":0}],"is_beta":false,"boss_relics":[{"not_picked":["Velvet Choker","Empty Cage"],"picked":"Fusion Hammer"}],"items_purged_floors":[13],"is_endless":false,"potions_floor_spawned":[1,3,11],"killed_by":"Sentry and Sphere","ascension_level":20}