{"gold_per_floor":[119,119,119,44,44,75,75,91,91,91,127,142,166,197,197,293,293,306,222,222,242,242,242],"floor_reached":23,"playtime":703,"items_purged":[],"score":464,"play_id":"983ea935-c05e-465a-b4e2-72d032169587","local_time":"20190314142505","is_ascension_mode":true,"campfire_choices":[{"data":"Bash","floor":7,"key":"SMITH"},{"data":"Defend_R","floor":10,"key":"SMITH"},{"data":"Seeing Red","floor":15,"key":"SMITH"}],"neow_cost":"NONE","seed_source_timestamp":15227701137600,"circlet_count":0,"master_deck":["AscendersBane","Strike_R","Strike_R","Strike_R","Strike_R","Defend_R+1","Defend_R","Defend_R","Defend_R","Bash+1","Seeing Red+1","Power Through","Evolve+1","Demon Form+1","Barricade+1","True Grit","Body Slam","Flame Barrier","Feel No Pain+1"],"relics":["Burning Blood","NeowsBlessing","Golden Idol","Bag of Preparation","Frozen Egg 2","Charon\u0027s Ashes","Strawberry","Orrery","Enchiridion"],"potions_floor_usage":[11,18,21,23],"damage_taken":[{"damage":0,"enemies":"Small Slimes","floor":1,"turns":1},{"damage":0,"enemies":"Lagavulin","floor":6,"turns":1},{"damage":0,"enemies":"2 Louse","floor":8,"turns":1},{"damage":6,"enemies":"Gremlin Nob","floor":11,"turns":3},{"damage":2,"enemies":"Jaw Worm","floor":12,"turns":4},{"damage":5,"enemies":"Gremlin Gang","floor":13,"turns":6},{"damage":26,"enemies":"Lagavulin","floor":14,"turns":10},{"damage":42,"enemies":"Hexaghost","floor":16,"turns":7},{"damage":24,"enemies":"Shell Parasite","floor":18,"turns":8},{"damage":10,"enemies":"Spheric Guardian","floor":21,"turns":7},{"damage":13,"enemies":"Gremlin Leader","floor":23,"turns":3}],"seed_played":"4959708470447125031","potions_obtained":[{"floor":5,"key":"SpeedPotion"},{"floor":5,"key":"Fire Potion"},{"floor":8,"key":"AttackPotion"},{"floor":11,"key":"Block Potion"},{"floor":21,"key":"Weak Potion"}],"is_trial":false,"path_per_floor":["M","$","?","?","?","E","R","M","T","R","E","M","M","E","R","B",null,"M","$","$","M","?","E"],"character_chosen":"IRONCLAD","items_purchased":["Feel No Pain+1"],"campfire_rested":0,"item_purchase_floors":[19],"current_hp_per_floor":[74,74,48,48,48,54,54,60,60,60,60,64,65,52,52,16,66,48,48,48,44,23,10],"gold":242,"neow_bonus":"THREE_ENEMY_KILL","is_prod":false,"is_daily":false,"chose_seed":false,"campfire_upgraded":3,"win_rate":0,"timestamp":1552541105,"path_taken":["M","$","?","?","?","E","R","M","T","R","E","M","?","E","R","BOSS","M","?","$","?","?","E"],"build_version":"2019-01-23","purchased_purges":0,"victory":false,"max_hp_per_floor":[75,75,75,75,75,75,75,75,75,75,75,75,75,82,82,82,82,82,82,82,82,82,82],"card_choices":[{"not_picked":["Cleave","Armaments","Headbutt"],"picked":"SKIP","floor":1},{"not_picked":["Hemokinesis","Clash","Iron Wave"],"picked":"SKIP","floor":6},{"not_picked":["Sentinel","Heavy Blade"],"picked":"Seeing Red","floor":8},{"not_picked":["Uppercut","Wild Strike"],"picked":"Power Through","floor":11},{"not_picked":["Sword Boomerang","Pommel Strike","Power Through"],"picked":"SKIP","floor":12},{"not_picked":["Bloodletting","Body Slam"],"picked":"Evolve+1","floor":13},{"not_picked":["Shrug It Off","Seeing Red"],"picked":"Demon Form+1","floor":14},{"not_picked":["Demon Form+1","Bludgeon"],"picked":"Barricade+1","floor":16},{"not_picked":["Warcry","Iron Wave"],"picked":"True Grit","floor":17},{"not_picked":["Perfected Strike","Havoc"],"picked":"Body Slam","floor":17},{"not_picked":["Anger","Thunderclap"],"picked":"Flame Barrier","floor":18},{"not_picked":["Wild Strike","Cleave+1","Reckless Charge+1"],"picked":"SKIP","floor":21}],"player_experience":2265336,"relics_obtained":[{"floor":6,"key":"Bag of Preparation"},{"floor":9,"key":"Frozen Egg 2"},{"floor":11,"key":"Charon\u0027s Ashes"},{"floor":14,"key":"Strawberry"},{"floor":22,"key":"Enchiridion"}],"event_choices":[{"damage_healed":0,"gold_gain":0,"player_choice":"Take Damage","damage_taken":26,"relics_obtained":["Golden Idol"],"max_hp_gain":0,"max_hp_loss":0,"event_name":"Golden Idol","floor":3,"gold_loss":0},{"cards_removed":["Strike_R"],"damage_healed":0,"gold_gain":0,"player_choice":"Card Removal","damage_taken":0,"max_hp_gain":0,"max_hp_loss":0,"event_name":"The Cleric","floor":4,"gold_loss":75},{"damage_healed":0,"gold_gain":0,"player_choice":"Got Potions","damage_taken":0,"max_hp_gain":0,"max_hp_loss":0,"event_name":"Lab","floor":5,"gold_loss":0},{"damage_healed":0,"gold_gain":0,"player_choice":"Obtained Book","damage_taken":21,"max_hp_gain":0,"max_hp_loss":0,"event_name":"Cursed Tome","floor":22,"gold_loss":0}],"is_beta":false,"boss_relics":[{"not_picked":["Black Blood","Runic Pyramid"],"picked":"Orrery"}],"items_purged_floors":[],"is_endless":false,"potions_floor_spawned":[8,11,12,21],"killed_by":"Gremlin Leader","ascension_level":20}