{"path_per_floor":["M","?","$","M","?","R","E","R","T","R","M","?","M","M","R","B",null,"M","M","?","?","M","E","M","$","T","E","R","M","?","M","R","B",null,"M","?","?","M","M","R","M","R","T","R","$","M","?","M","R"],"character_chosen":"IRONCLAD","items_purchased":["Reaper","Flex","Dual Wield","Carnage"],"gold_per_floor":[11,11,11,21,21,21,49,49,49,49,63,63,80,93,93,197,197,211,229,229,229,240,269,282,1,27,61,61,80,80,91,91,187,187,200,0,0,13,24,24,40,40,40,40,5,15,15,28,28],"floor_reached":50,"campfire_rested":5,"playtime":4235,"current_hp_per_floor":[80,80,80,80,80,80,46,70,70,70,74,74,79,78,78,35,80,75,77,77,77,66,55,57,57,57,80,80,80,80,63,80,80,80,67,67,67,71,41,65,46,70,70,70,70,80,70,53,77],"items_purged":[],"gold":28,"score":524,"play_id":"efb22fbe-9cfb-487f-85ee-91149e53ad88","is_prod":false,"is_daily":false,"is_ascension_mode":true,"campfire_upgraded":2,"path_taken":["M","?","?","?","?","R","E","R","T","R","M","?","M","?","R","BOSS","M","M","?","?","M","E","?","$","T","E","R","M","?","M","R","BOSS","M","?","?","M","M","R","M","R","T","R","$","M","?","M","R","BOSS"],"build_version":"2018-02-22-PROD2","purchased_purges":0,"victory":false,"master_deck":["Strike_R","Strike_R","Strike_R","Strike_R","Strike_R","Defend_R","Defend_R","Defend_R","Bash","Limit Break+1","Hemokinesis","Dark Shackles","Headbutt","Exhume+1","Pommel Strike","Hemokinesis","Sword Boomerang","Reaper","Blood for Blood+1","Armaments+1","Flex","Rupture","Cleave+1","Reaper","Flex","Dual Wield","Headbutt","Rupture","Fiend Fire","Headbutt","Cleave+1","Inflame+1","Rage+1","Carnage","Thunderclap+1","Madness","Madness","Shockwave"],"max_hp_per_floor":[80,80,80,80,80,80,80,80,80,80,80,80,80,80,80,80,80,80,80,80,80,80,80,80,80,80,80,80,80,80,80,80,80,80,80,80,80,80,80,80,80,80,80,80,80,80,80,80,80],"relics":["Black Blood","Girya","Blue Candle","Omamori","Orichalcum","Bronze Scales","Anchor","Ancient Tea Set","Kunai","Runic Pyramid","Red Mask","Unceasing Top"],"card_choices":[{"not_picked":["Reckless Charge","Cleave"],"picked":"Limit Break"},{"not_picked":["Rage","Anger"],"picked":"Hemokinesis"},{"not_picked":["Sword Boomerang","Clash"],"picked":"Exhume"},{"not_picked":["Cleave","Perfected Strike"],"picked":"Pommel Strike"},{"not_picked":["Dropkick","Pommel Strike"],"picked":"Hemokinesis"},{"not_picked":["Corruption","Wild Strike"],"picked":"Sword Boomerang"},{"not_picked":["Fiend Fire","Juggernaut"],"picked":"Reaper"},{"not_picked":["Shrug It Off","Clothesline"],"picked":"Blood for Blood"},{"not_picked":["Combust","Flex"],"picked":"Armaments"},{"not_picked":["Armaments","Feel No Pain"],"picked":"Flex"},{"not_picked":["Havoc","True Grit"],"picked":"Rupture"},{"not_picked":["Headbutt","Seeing Red"],"picked":"Cleave"},{"not_picked":["True Grit","Anger"],"picked":"Headbutt"},{"not_picked":["Metallicize","Twin Strike"],"picked":"Rupture"},{"not_picked":["Brutality","Bludgeon"],"picked":"Fiend Fire"},{"not_picked":["Entrench","Thunderclap"],"picked":"Headbutt"},{"not_picked":["Seeing Red","Battle Trance"],"picked":"Cleave"},{"not_picked":["Iron Wave","Thunderclap"],"picked":"Inflame"},{"not_picked":["Clash","Warcry"],"picked":"Rage"},{"not_picked":["Anger","Intimidate"],"picked":"Thunderclap"},{"not_picked":["Clash","Hemokinesis"],"picked":"Shockwave"}],"player_experience":207482,"potions_floor_usage":[16,18,23,24,33,33,38,39,46,50],"damage_taken":[{"damage":6.0,"enemies":"Jaw Worm","floor":1.0,"turns":5.0},{"damage":0.0,"enemies":"2 Louse","floor":4.0,"turns":3.0},{"damage":40.0,"enemies":"Lagavulin","floor":7.0,"turns":6.0},{"damage":2.0,"enemies":"Cultist","floor":11.0,"turns":3.0},{"damage":1.0,"enemies":"Exordium Thugs","floor":13.0,"turns":4.0},{"damage":7.0,"enemies":"Blue Slaver","floor":14.0,"turns":3.0},{"damage":49,"enemies":"Hexaghost","floor":16,"turns":6},{"damage":21,"enemies":"Chosen","floor":18,"turns":4},{"damage":8,"enemies":"Shell Parasite","floor":19,"turns":2},{"damage":21,"enemies":"Snake Plant","floor":22,"turns":3},{"damage":37,"enemies":"Book of Stabbing","floor":23,"turns":4},{"damage":17,"enemies":"Snecko","floor":24,"turns":4},{"damage":65,"enemies":"Gremlin Leader","floor":27,"turns":9},{"damage":19,"enemies":"Centurion and Healer","floor":29,"turns":4},{"damage":27,"enemies":"Snake Plant","floor":31,"turns":4},{"damage":58,"enemies":"Collector","floor":33,"turns":6},{"damage":76,"enemies":"3 Darklings","floor":35,"turns":6},{"damage":15,"enemies":"3 Shapes","floor":38,"turns":5},{"damage":88,"enemies":"Sphere and 2 Shapes","floor":39,"turns":7},{"damage":62,"enemies":"4 Shapes","floor":41,"turns":5},{"damage":37,"enemies":"Maw","floor":46,"turns":6},{"damage":39,"enemies":"3 Darklings","floor":48,"turns":4},{"damage":147,"enemies":"Donu and Deca","floor":50,"turns":7}],"event_choices":[{"event_name":"Big Fish","player_choice":"Box","floor":2.0,"damage_taken":0.0},{"event_name":"Match and Keep!","player_choice":"2 cards matched","floor":5.0,"damage_taken":0.0},{"event_name":"Fountain of Cleansing","player_choice":"Removed Curse","floor":12.0,"damage_taken":0.0},{"event_name":"Forgotten Altar","player_choice":"Smashed Altar","floor":20,"damage_taken":0},{"event_name":"The Mausoleum","player_choice":"Yes","floor":21,"damage_taken":0},{"event_name":"Addict","player_choice":"Ignored","floor":30,"damage_taken":0},{"event_name":"Tomb of Lord Red Mask","player_choice":"Paid","floor":36,"damage_taken":0},{"event_name":"Winding Halls","player_choice":"Embrace Madness","floor":47,"damage_taken":0}],"boss_relics":[{"not_picked":["Eternal Feather","Ectoplasm"],"picked":"Black Blood"},{"not_picked":["Runic Dome","Velvet Choker"],"picked":"Runic Pyramid"}],"potions_floor_spawned":[1,7,11,16,18,24,31,33,38,41,48],"seed_played":"9046339951077672217","killed_by":"Donu and Deca","ascension_level":3,"is_trial":false}