{"gold_per_floor":[217,32,51,51,72,72,115,115,115,136,136,175,190,213,213,307,307,330,345,24,45,65,65,78,78,105,117,152,204,231,261,273,374,386,412,0,125,125,144,144,187,208,208,224,224,248,0,15,15,15],"floor_reached":51,"playtime":4910,"items_purged":[],"score":1421,"play_id":"78f09176-9102-436d-89a8-60b6dc05a40a","local_time":"20190426151330","is_ascension_mode":true,"campfire_choices":[{"floor":6.0,"key":"REST"},{"floor":8.0,"key":"REST"},{"floor":15.0,"key":"REST"},{"floor":23.0,"key":"REST"},{"floor":25.0,"key":"REST"},{"floor":27.0,"key":"REST"},{"floor":32.0,"key":"REST"},{"data":"1","floor":40.0,"key":"LIFT"},{"data":"2","floor":49.0,"key":"LIFT"}],"neow_cost":"NONE","seed_source_timestamp":1282830924610610,"circlet_count":0,"master_deck":["AscendersBane","Strike_B","Strike_B","Strike_B","Strike_B","Defend_B","Defend_B","Defend_B","Defend_B","Zap","Dualcast","Conserve Battery","Defragment","Bandage Up","White Noise","Injury","Cold Snap","Double Energy","Static Discharge","Cold Snap","Steam","Storm","Genetic Algorithm","Seek","Hello World","Stack","White Noise","Force Field","Creative AI","Recycle","Hologram","Self Repair+1","Amplify","Double Energy","Core Surge","Defragment","Apotheosis","Panacea","Hologram","Meteor Strike","White Noise+1","Chill+1","Hologram","Reboot","Capacitor+1","Madness","Madness","Master of Strategy","Reboot"],"special_seed":0,"relics":["Cracked Core","Golden Idol","Dead Branch","Symbiotic Virus","Prayer Wheel","Nuclear Battery","Singing Bowl","MawBank","Centennial Puzzle","Eternal Feather","Girya","Shuriken","Lantern"],"potions_floor_usage":[50,50],"damage_taken":[{"damage":11.0,"enemies":"2 Louse","floor":1.0,"turns":2.0},{"damage":12.0,"enemies":"Small Slimes","floor":3.0,"turns":4.0},{"damage":9.0,"enemies":"Jaw Worm","floor":5.0,"turns":5.0},{"damage":45.0,"enemies":"3 Sentries","floor":7.0,"turns":9.0},{"damage":25.0,"enemies":"3 Louse","floor":10.0,"turns":5.0},{"damage":7.0,"enemies":"Lagavulin","floor":12.0,"turns":7.0},{"damage":0.0,"enemies":"2 Fungi Beasts","floor":13.0,"turns":2.0},{"damage":2.0,"enemies":"Exordium Wildlife","floor":14.0,"turns":3.0},{"damage":37.0,"enemies":"The Guardian","floor":16.0,"turns":12.0},{"damage":9.0,"enemies":"Shell Parasite","floor":18.0,"turns":2.0},{"damage":19.0,"enemies":"2 Thieves","floor":19.0,"turns":3.0},{"damage":0.0,"enemies":"Centurion and Healer","floor":21.0,"turns":6.0},{"damage":10.0,"enemies":"Snake Plant","floor":22.0,"turns":4.0},{"damage":37.0,"enemies":"Shelled Parasite and Fungi","floor":24.0,"turns":5.0},{"damage":9.0,"enemies":"3 Cultists","floor":28.0,"turns":4.0},{"damage":16.0,"enemies":"Gremlin Leader","floor":29.0,"turns":4.0},{"damage":10.0,"enemies":"Sentry and Sphere","floor":30.0,"turns":6.0},{"damage":16.0,"enemies":"Cultist and Chosen","floor":31.0,"turns":5.0},{"damage":51.0,"enemies":"Automaton","floor":33.0,"turns":8.0},{"damage":16.0,"enemies":"Orb Walker","floor":35.0,"turns":4.0},{"damage":18.0,"enemies":"Mind Bloom Boss Battle","floor":37.0,"turns":6.0},{"damage":11.0,"enemies":"3 Shapes","floor":39.0,"turns":4.0},{"damage":26.0,"enemies":"Reptomancer","floor":41.0,"turns":5.0},{"damage":0.0,"enemies":"Spire Growth","floor":42.0,"turns":4.0},{"damage":13.0,"enemies":"4 Shapes","floor":44.0,"turns":6.0},{"damage":0.0,"enemies":"Transient","floor":46.0,"turns":6.0},{"damage":3.0,"enemies":"Sphere and 2 Shapes","floor":48.0,"turns":4.0},{"damage":61,"enemies":"Time Eater","floor":50,"turns":10}],"seed_played":"-7951591504622571897","potions_obtained":[{"floor":10.0,"key":"Fire Potion"},{"floor":12.0,"key":"AttackPotion"},{"floor":14.0,"key":"Regen Potion"},{"floor":18.0,"key":"Swift Potion"},{"floor":22.0,"key":"Strength Potion"},{"floor":28.0,"key":"Ancient Potion"},{"floor":30.0,"key":"FearPotion"},{"floor":39.0,"key":"Ancient Potion"},{"floor":41.0,"key":"Regen Potion"},{"floor":42.0,"key":"PowerPotion"},{"floor":46.0,"key":"Fruit Juice"}],"is_trial":false,"path_per_floor":["M","$","M","?","M","R","E","R","T","M","?","E","M","M","R","B",null,"M","M","$","M","M","R","M","R","T","R","M","E","M","M","R","B",null,"M","$","?","?","M","R","E","M","T","M","?","M","$","M","R","B",null],"character_chosen":"DEFECT","items_purchased":["Defragment","Bandage Up","Singing Bowl","SkillPotion","Apotheosis","Panacea","Hologram","Meteor Strike","PowerPotion","Master of Strategy"],"campfire_rested":7,"item_purchase_floors":[2,2,20,20,36,36,36,36,47,47],"current_hp_per_floor":[53,53,45,45,40,61,20,41,41,20,20,17,17,19,40,22,59,54,39,39,45,39,60,31,54,54,77,78,66,70,72,83,52,75,71,71,69,69,76,87,67,81,81,86,70,100,100,102,102,57],"gold":15,"neow_bonus":"HUNDRED_GOLD","is_prod":false,"is_daily":false,"chose_seed":false,"campfire_upgraded":0,"win_rate":0,"timestamp":1556280810,"path_taken":["M","$","M","?","M","R","E","R","T","M","?","E","M","M","R","BOSS","M","M","$","M","M","R","M","R","T","R","M","E","M","M","R","BOSS","M","$","?","?","M","R","E","M","T","M","?","?","$","M","R","BOSS"],"build_version":"2019-01-23","purchased_purges":0,"victory":true,"max_hp_per_floor":[71,71,71,71,71,71,71,71,71,71,71,71,71,71,71,71,71,71,71,71,73,73,73,77,77,77,77,79,79,79,83,83,83,83,85,85,85,85,87,87,89,91,91,91,91,100,100,102,102,102],"card_choices":[{"not_picked":["Turbo","Hologram"],"picked":"Conserve Battery","floor":1.0},{"not_picked":["Redo","Chaos"],"picked":"White Noise","floor":3.0},{"not_picked":["Stack","Beam Cell","Rebound"],"picked":"SKIP","floor":5.0},{"not_picked":["Coolheaded","Go for the Eyes"],"picked":"Cold Snap","floor":7.0},{"not_picked":["All For One","Coolheaded"],"picked":"Double Energy","floor":10.0},{"not_picked":["Gash","Leap"],"picked":"Static Discharge","floor":12.0},{"not_picked":["Steam","Conserve Battery"],"picked":"Cold Snap","floor":13.0},{"not_picked":["Barrage","Turbo"],"picked":"Steam","floor":13.0},{"not_picked":["Loop","Steam"],"picked":"Storm","floor":14.0},{"not_picked":["Cold Snap","Blizzard"],"picked":"Genetic Algorithm","floor":14.0},{"not_picked":["Multi-Cast","Thunder Strike"],"picked":"Seek","floor":16.0},{"not_picked":["Steam","Compile Driver"],"picked":"Hello World","floor":18.0},{"not_picked":["Turbo","Cold Snap"],"picked":"Stack","floor":18.0},{"not_picked":["Go for the Eyes+1","Steam Power"],"picked":"White Noise","floor":19.0},{"not_picked":["Turbo","Compile Driver","Lockon"],"picked":"SKIP","floor":19.0},{"not_picked":["Hologram","Darkness"],"picked":"Force Field","floor":21.0},{"not_picked":["Streamline","Melter","Steam"],"picked":"Singing Bowl","floor":21.0},{"not_picked":["Coolheaded","Consume"],"picked":"Creative AI","floor":22.0},{"not_picked":["Compile Driver","Turbo"],"picked":"Recycle","floor":22.0},{"not_picked":["Lockon","Compile Driver","Leap+1"],"picked":"Singing Bowl","floor":24.0},{"not_picked":["Leap","Cold Snap","Sweeping Beam"],"picked":"Singing Bowl","floor":24.0},{"not_picked":["Go for the Eyes","Lockon","Stack"],"picked":"Singing Bowl","floor":28.0},{"not_picked":["Coolheaded","Redo"],"picked":"Hologram","floor":28.0},{"not_picked":["Ball Lightning","Recycle"],"picked":"Self Repair+1","floor":29.0},{"not_picked":["Rebound","Fusion+1"],"picked":"Amplify","floor":30.0},{"not_picked":["Darkness","Tempest"],"picked":"Double Energy","floor":30.0},{"not_picked":["Go for the Eyes","Sweeping Beam","Reinforced Body"],"picked":"Singing Bowl","floor":31.0},{"not_picked":["Rebound","Streamline","Cold Snap+1"],"picked":"Singing Bowl","floor":31.0},{"not_picked":["Electrodynamics","Biased Cognition"],"picked":"Core Surge","floor":33.0},{"not_picked":["Barrage","Fusion"],"picked":"Defragment","floor":35.0},{"not_picked":["Chaos","Barrage","Streamline+1"],"picked":"Singing Bowl","floor":35.0},{"not_picked":["Cold Snap+1","Ball Lightning"],"picked":"White Noise+1","floor":37.0},{"not_picked":["Consume","Melter"],"picked":"Chill+1","floor":39.0},{"not_picked":["Compile Driver","Blizzard+1","Darkness"],"picked":"Singing Bowl","floor":39.0},{"not_picked":["Go for the Eyes","Meteor Strike","Turbo"],"picked":"Singing Bowl","floor":41.0},{"not_picked":["Streamline","Barrage+1"],"picked":"Hologram","floor":42.0},{"not_picked":["Coolheaded","Force Field","Lockon+1"],"picked":"Singing Bowl","floor":42.0},{"not_picked":["Tempest","Go for the Eyes"],"picked":"Reboot","floor":44.0},{"not_picked":["Leap","Tempest"],"picked":"Capacitor+1","floor":44.0},{"not_picked":["Steam","Chaos","Ball Lightning"],"picked":"Singing Bowl","floor":46.0},{"not_picked":["Barrage","Go for the Eyes","Steam"],"picked":"Singing Bowl","floor":46.0},{"not_picked":["Beam Cell","Sweeping Beam+1","Conserve Battery"],"picked":"Singing Bowl","floor":48.0},{"not_picked":["Coolheaded","Gash"],"picked":"Reboot","floor":48.0}],"player_experience":1242260,"relics_obtained":[{"floor":7.0,"key":"Dead Branch"},{"floor":9.0,"key":"Symbiotic Virus"},{"floor":12.0,"key":"Prayer Wheel"},{"floor":26.0,"key":"MawBank"},{"floor":29.0,"key":"Centennial Puzzle"},{"floor":37.0,"key":"Girya"},{"floor":41.0,"key":"Shuriken"},{"floor":43.0,"key":"Lantern"}],"event_choices":[{"damage_healed":0.0,"max_hp_gain":0.0,"max_hp_loss":0.0,"gold_gain":0.0,"event_name":"Golden Idol","player_choice":"Take Wound","floor":4.0,"gold_loss":0.0,"damage_taken":0.0,"relics_obtained":["Golden Idol"],"cards_obtained":["Injury"]},{"damage_healed":0.0,"max_hp_gain":0.0,"max_hp_loss":0.0,"gold_gain":0.0,"event_name":"Dead Adventurer","player_choice":"Searched \u00270\u0027 times","floor":11.0,"gold_loss":0.0,"damage_taken":0.0},{"damage_healed":0.0,"max_hp_gain":0.0,"max_hp_loss":0.0,"gold_gain":0.0,"event_name":"MindBloom","player_choice":"Fight","floor":37.0,"gold_loss":0.0,"damage_taken":0.0},{"damage_healed":0.0,"max_hp_gain":0.0,"max_hp_loss":0.0,"gold_gain":0.0,"event_name":"Tomb of Lord Red Mask","player_choice":"Ignored","floor":38.0,"gold_loss":0.0,"damage_taken":0.0},{"damage_healed":0.0,"max_hp_gain":0.0,"max_hp_loss":0.0,"gold_gain":0.0,"event_name":"Winding Halls","player_choice":"Embrace Madness","floor":45.0,"gold_loss":0.0,"damage_taken":16.0,"cards_obtained":["Madness","Madness"]}],"is_beta":false,"boss_relics":[{"not_picked":["Coffee Dripper","White Beast Statue"],"picked":"Nuclear Battery"},{"not_picked":["Calling Bell","Philosopher\u0027s Stone"],"picked":"Eternal Feather"}],"items_purged_floors":[],"is_endless":false,"potions_floor_spawned":[10,12,14,18,22,28,30,39,41,42,46],"ascension_level":19}