{"gold_per_floor":[109,109,125,125,125,125,155,165,235,235,270,235,249,284,284,361,361,374,40,57,57,83,83,101,101,127,141,141,141,174,188,188,261,261,278,295,19,19,119,150,150,175,175,175,175,175,202,202,202,202,202,202,202,20,46,46],"floor_reached":57,"playtime":4766,"items_purged":["Strike_B"],"score":3094,"play_id":"884475e3-3dfc-469c-9f6c-8953872f3f14","local_time":"20190207182654","is_ascension_mode":true,"campfire_choices":[{"data":"Buffer","floor":6.0,"key":"SMITH"},{"floor":10.0,"key":"REST"},{"data":"Streamline","floor":15.0,"key":"SMITH"},{"floor":23.0,"key":"REST"},{"data":"Loop","floor":25.0,"key":"SMITH"},{"floor":28.0,"key":"REST"},{"floor":32.0,"key":"REST"},{"data":"Seek","floor":41.0,"key":"SMITH"},{"floor":44.0,"key":"RECALL"},{"data":"Apotheosis","floor":49,"key":"SMITH"},{"data":"Coolheaded","floor":53,"key":"SMITH"}],"neow_cost":"TEN_PERCENT_HP_LOSS","seed_source_timestamp":0,"circlet_count":0,"master_deck":["AscendersBane","Strike_B","Strike_B","Defend_B","Defend_B","Zap","Dualcast","Buffer+1","Glacier","Tempest","Loop+1","Coolheaded+1","Streamline+1","Chill","Creative AI+1","White Noise","Defragment+1","Coolheaded+1","Seek+1","Loop+1","Recycle","Creative AI+1","Coolheaded+1","Apotheosis+1","Deep Breath","Consume"],"special_seed":0,"relics":["Cracked Core","Orichalcum","Sundial","The Courier","Question Card","Frozen Egg 2","Runic Dome","Blood Vial","Gremlin Horn","Lantern","Smiling Mask","Dead Branch","Pen Nib","Inserter","Pantograph","FossilizedHelix","Juzu Bracelet","Regal Pillow","Boot","Medical Kit","Centennial Puzzle"],"potions_floor_usage":[56],"damage_taken":[{"damage":15.0,"enemies":"Small Slimes","floor":1.0,"turns":3.0},{"damage":0.0,"enemies":"2 Louse","floor":3.0,"turns":2.0},{"damage":0.0,"enemies":"Gremlin Nob","floor":7.0,"turns":5.0},{"damage":0.0,"enemies":"Jaw Worm","floor":8.0,"turns":3.0},{"damage":19.0,"enemies":"3 Sentries","floor":11.0,"turns":9.0},{"damage":2.0,"enemies":"Gremlin Gang","floor":13.0,"turns":6.0},{"damage":0.0,"enemies":"Lagavulin","floor":14.0,"turns":9.0},{"damage":0.0,"enemies":"Slime Boss","floor":16.0,"turns":8.0},{"damage":23.0,"enemies":"Chosen","floor":18.0,"turns":6.0},{"damage":12.0,"enemies":"3 Byrds","floor":20.0,"turns":2.0},{"damage":4.0,"enemies":"Sentry and Sphere","floor":24.0,"turns":10.0},{"damage":22.0,"enemies":"Shelled Parasite and Fungi","floor":27.0,"turns":7.0},{"damage":38.0,"enemies":"Slavers","floor":30.0,"turns":4.0},{"damage":0.0,"enemies":"Snake Plant","floor":31.0,"turns":4.0},{"damage":0.0,"enemies":"Champ","floor":33.0,"turns":18.0},{"damage":3.0,"enemies":"3 Shapes","floor":35.0,"turns":5.0},{"damage":0.0,"enemies":"3 Darklings","floor":36.0,"turns":8.0},{"damage":0.0,"enemies":"Mind Bloom Boss Battle","floor":39.0,"turns":6.0},{"damage":0.0,"enemies":"Giant Head","floor":40.0,"turns":14.0},{"damage":0.0,"enemies":"Reptomancer","floor":42.0,"turns":9.0},{"damage":0,"enemies":"Giant Head","floor":47,"turns":12},{"damage":26,"enemies":"Donu and Deca","floor":50,"turns":10},{"damage":21,"enemies":"Awakened One","floor":51,"turns":18},{"damage":20,"enemies":"Shield and Spear","floor":55,"turns":9},{"damage":42,"enemies":"The Heart","floor":56,"turns":11}],"seed_played":"2593446374712019054","potions_obtained":[{"floor":1.0,"key":"LiquidBronze"},{"floor":8.0,"key":"Weak Potion"},{"floor":14.0,"key":"FocusPotion"},{"floor":24.0,"key":"Ancient Potion"},{"floor":31.0,"key":"GamblersBrew"},{"floor":47,"key":"FocusPotion"}],"is_trial":false,"path_per_floor":["M","?","M","?","?","R","E","M","T","R","E","?","M","E","R","B",null,"M","$","M","$","T","R","M","R","T","M","R","T","E","M","R","B",null,"M","M","$","?","?","E","R","E","T","R","?","?","E","?","R","B","B",null,"R","$","E","B",null],"character_chosen":"DEFECT","items_purchased":["Blood Vial","Gremlin Horn","Pantograph","Medical Kit"],"campfire_rested":4,"item_purchase_floors":[19,19,37,54],"current_hp_per_floor":[49,49,49,23,16,16,16,16,16,35,16,32,30,30,30,30,56,33,33,23,23,23,42,40,40,40,20,39,39,3,5,24,26,55,54,56,56,56,64,64,64,64,64,64,64,64,64,54,54,38,43,59,59,59,41,22],"gold":46,"neow_bonus":"THREE_RARE_CARDS","is_prod":false,"is_daily":false,"chose_seed":false,"campfire_upgraded":6,"win_rate":0,"timestamp":1549531614,"path_taken":["M","?","M","?","?","R","E","M","T","R","E","?","?","E","R","BOSS","M","$","?","?","?","R","M","R","T","M","R","?","E","M","R","BOSS","M","M","$","?","?","E","R","E","T","R","?","?","E","?","R","BOSS","BOSS","R","$","E","BOSS"],"build_version":"2019-01-23","purchased_purges":1,"victory":true,"max_hp_per_floor":[64,64,64,64,64,64,64,64,64,64,64,64,64,64,64,64,64,64,64,64,64,64,64,64,64,64,64,64,64,64,64,64,64,64,64,64,64,64,64,64,64,64,64,64,64,64,64,64,64,64,64,64,64,64,64,64],"card_choices":[{"not_picked":["All For One","Thunder Strike"],"picked":"Buffer","floor":0.0},{"not_picked":["Steam Power","Sweeping Beam"],"picked":"Glacier","floor":1.0},{"not_picked":["Stack","Reprogram"],"picked":"Loop","floor":3.0},{"not_picked":["Compile Driver","Reboot"],"picked":"Coolheaded","floor":7.0},{"not_picked":["Go for the Eyes","Compile Driver"],"picked":"Streamline","floor":8.0},{"not_picked":["Coolheaded","FTL"],"picked":"Chill","floor":11.0},{"not_picked":["Streamline","Rebound","Gash","Steam"],"picked":"SKIP","floor":13.0},{"not_picked":["Streamline","Rebound","Gash","Steam"],"picked":"SKIP","floor":13.0},{"not_picked":["Tempest","All For One","Chill","Steam Power"],"picked":"SKIP","floor":14.0},{"not_picked":["Rainbow","All For One","Thunder Strike"],"picked":"Creative AI+1","floor":16.0},{"not_picked":["Leap","Hologram","Lockon","Doom and Gloom"],"picked":"SKIP","floor":18.0},{"not_picked":["Ball Lightning","Streamline","Meteor Strike"],"picked":"White Noise","floor":20.0},{"not_picked":["Aggregate","Ball Lightning","Stack","Darkness"],"picked":"SKIP","floor":24.0},{"not_picked":["Conserve Battery","Turbo","Streamline","Redo"],"picked":"SKIP","floor":27.0},{"not_picked":["Conserve Battery","Turbo","Streamline","Redo"],"picked":"SKIP","floor":27.0},{"not_picked":["Chaos","Fusion","Glacier"],"picked":"Defragment+1","floor":30.0},{"not_picked":["Auto Shields","Rebound","Leap"],"picked":"Coolheaded+1","floor":31.0},{"not_picked":["Machine Learning+1","Fission","Echo Form+1"],"picked":"Seek","floor":33.0},{"not_picked":["Steam Power","Rip and Tear","Sunder"],"picked":"Loop+1","floor":35.0},{"not_picked":["Stack","Tempest","Recycle","Auto Shields"],"picked":"SKIP","floor":36.0},{"not_picked":["Stack","Tempest","Auto Shields"],"picked":"Recycle","floor":36.0},{"not_picked":["Machine Learning+1","Reinforced Body","Turbo"],"picked":"Creative AI+1","floor":40.0},{"not_picked":["Rebound","Melter+1","Static Discharge+1","Hello World+1"],"picked":"SKIP","floor":42.0},{"not_picked":["Aggregate+1","Chaos","Reprogram"],"picked":"Coolheaded+1","floor":47},{"not_picked":["Jack Of All Trades","Secret Weapon","Mind Blast"],"picked":"Apotheosis","floor":48},{"not_picked":["Jack Of All Trades","Finesse","The Bomb"],"picked":"Deep Breath","floor":48},{"not_picked":["Gash","Steam","Sweeping Beam"],"picked":"Consume","floor":55}],"player_experience":1432673,"relics_obtained":[{"floor":7.0,"key":"Sundial"},{"floor":9.0,"key":"The Courier"},{"floor":11.0,"key":"Question Card"},{"floor":14.0,"key":"Frozen Egg 2"},{"floor":22.0,"key":"Lantern"},{"floor":26.0,"key":"Smiling Mask"},{"floor":29.0,"key":"Dead Branch"},{"floor":30.0,"key":"Pen Nib"},{"floor":39.0,"key":"FossilizedHelix"},{"floor":40.0,"key":"Juzu Bracelet"},{"floor":42.0,"key":"Regal Pillow"},{"floor":47,"key":"Boot"},{"floor":55,"key":"Centennial Puzzle"}],"event_choices":[{"damage_healed":0.0,"max_hp_gain":0.0,"max_hp_loss":0.0,"gold_gain":0.0,"cards_transformed":["Defend_B"],"event_name":"Living Wall","player_choice":"Change","floor":2.0,"gold_loss":0.0,"damage_taken":0.0,"cards_obtained":["Tempest"]},{"damage_healed":0.0,"max_hp_gain":0.0,"max_hp_loss":0.0,"gold_gain":0.0,"event_name":"Scrap Ooze","player_choice":"Success","floor":4.0,"gold_loss":0.0,"damage_taken":26.0,"relics_obtained":["Orichalcum"]},{"cards_removed":["Defend_B"],"damage_healed":0.0,"max_hp_gain":0.0,"max_hp_loss":0.0,"gold_gain":0.0,"event_name":"Golden Wing","player_choice":"Card Removal","floor":5.0,"gold_loss":0.0,"damage_taken":7.0},{"damage_healed":16.0,"max_hp_gain":0.0,"max_hp_loss":0.0,"gold_gain":0.0,"event_name":"The Cleric","player_choice":"Healed","floor":12.0,"gold_loss":35.0,"damage_taken":0.0},{"cards_removed":["Strike_B"],"damage_healed":0.0,"max_hp_gain":0.0,"max_hp_loss":0.0,"gold_gain":0.0,"event_name":"Falling","player_choice":"Removed Attack","floor":38.0,"gold_loss":0.0,"damage_taken":0.0},{"damage_healed":0.0,"max_hp_gain":0.0,"max_hp_loss":0.0,"gold_gain":0.0,"event_name":"MindBloom","player_choice":"Fight","floor":39.0,"gold_loss":0.0,"damage_taken":0.0},{"damage_healed":0.0,"max_hp_gain":0.0,"max_hp_loss":0.0,"gold_gain":0.0,"event_name":"Tomb of Lord Red Mask","player_choice":"Ignored","floor":45.0,"gold_loss":0.0,"damage_taken":0.0},{"damage_healed":0,"gold_gain":0,"player_choice":"Ignored","damage_taken":0,"max_hp_gain":0,"max_hp_loss":0,"event_name":"Mysterious Sphere","floor":46,"gold_loss":0},{"damage_healed":0,"gold_gain":0,"player_choice":"Memory 3","damage_taken":10,"max_hp_gain":0,"max_hp_loss":0,"event_name":"SensoryStone","floor":48,"gold_loss":0}],"is_beta":false,"boss_relics":[{"not_picked":["Velvet Choker","Philosopher\u0027s Stone"],"picked":"Runic Dome"},{"not_picked":["Black Star","Runic Pyramid"],"picked":"Inserter"}],"items_purged_floors":[37],"is_endless":false,"potions_floor_spawned":[1,8,13,14,24,31,33,39,40,47],"ascension_level":20}