{"path_per_floor":["M","M","M","M","M","E","R","?","T","M","M","M","?","M","R","B",null,"M","M","?","$","?","R","M","M","T","?","R","M","?","M","R","B",null,"M","M","M","M","$","R","E","?","T","M","M","T","M","E","R"],"character_chosen":"IRONCLAD","items_purchased":["Whirlwind","Lantern"],"gold_per_floor":[18,38,54,70,87,119,119,119,119,135,150,164,222,238,238,336,336,353,370,370,107,107,107,119,137,218,143,143,161,76,92,92,193,193,209,219,236,251,151,151,182,182,182,202,221,221,236,261,261],"floor_reached":50,"campfire_rested":2,"playtime":20368,"current_hp_per_floor":[94,79,82,78,84,57,57,57,57,57,26,30,25,33,33,16,104,82,74,74,74,74,74,79,70,70,70,70,68,68,56,56,42,104,79,82,48,48,48,79,66,92,92,63,40,40,12,11,42],"items_purged":["Strike_R","Strike_R"],"gold":261,"play_id":"69b49efe-ff49-416e-8506-95b297e43545","is_prod":false,"is_daily":false,"is_ascension_mode":false,"campfire_upgraded":5,"path_taken":["M","M","M","M","M","E","R","?","T","M","M","M","?","M","R","BOSS","M","M","?","$","?","R","?","M","T","?","R","M","?","M","R","BOSS","M","M","M","M","$","R","E","?","T","M","?","?","M","E","R","BOSS"],"build_version":"2018-02-01-PROD3","purchased_purges":2,"victory":false,"master_deck":["Defend_R","Defend_R","Defend_R+1","Defend_R","Bash+1","Whirlwind","Headbutt","Rupture","Inflame+1","Offering","Shrug It Off","Shrug It Off","Heavy Blade+1","Bloodletting","Brutality","Flex+1","Shrug It Off+1","Whirlwind","Burning Pact","Dropkick","Headbutt","Uppercut+1","Demon Form","Iron Wave+1","Shrug It Off+1","Heavy Blade+1","Twin Strike+1","Pummel+1","Writhe","Writhe","Dropkick+1","Pain","Limit Break"],"max_hp_per_floor":[94,94,94,94,94,104,104,104,104,104,104,104,104,104,104,104,104,104,104,104,104,104,104,104,104,104,104,104,104,104,104,104,104,104,104,104,104,104,104,104,104,104,104,104,104,104,104,104,104],"relics":["Burning Blood","Mango","Pear","Bird Faced Urn","Orichalcum","Cursed Key","Lantern","Matryoshka","Shuriken","Runic Pyramid","Circlet","Ancient Tea Set","Red Skull","Blood Vial","Torii","Shovel"],"card_choices":[{"not_picked":["Warcry","Headbutt"],"picked":"Whirlwind"},{"not_picked":["True Grit","Intimidate"],"picked":"Headbutt"},{"not_picked":["Twin Strike","Cleave"],"picked":"Rupture"},{"not_picked":["Body Slam","Bloodletting"],"picked":"Inflame"},{"not_picked":["Headbutt","Inflame"],"picked":"Offering"},{"not_picked":["Corruption","Flame Barrier"],"picked":"Shrug It Off"},{"not_picked":["Body Slam","Intimidate"],"picked":"Shrug It Off"},{"not_picked":["Thunderclap","Wild Strike"],"picked":"Heavy Blade"},{"not_picked":["Disarm","Shockwave"],"picked":"Bloodletting"},{"not_picked":["Exhume","Reaper"],"picked":"Brutality"},{"not_picked":["Evolve","Whirlwind"],"picked":"Flex"},{"not_picked":["Infernal Blade","Havoc"],"picked":"Shrug It Off"},{"not_picked":["Sever Soul","Hemokinesis"],"picked":"Dropkick"},{"not_picked":["Clash","Clothesline"],"picked":"Headbutt"},{"not_picked":["Exhume","Body Slam"],"picked":"Uppercut"},{"not_picked":["Exhume","Immolate"],"picked":"Demon Form"},{"not_picked":["Inflame","Combust"],"picked":"Iron Wave"},{"not_picked":["Perfected Strike","Whirlwind"],"picked":"Shrug It Off"},{"not_picked":["Cleave","Clothesline"],"picked":"Heavy Blade"},{"not_picked":["Wild Strike","Cleave"],"picked":"Twin Strike"},{"not_picked":["Dark Embrace","Havoc"],"picked":"Pummel"},{"not_picked":["Combust","Warcry"],"picked":"Dropkick"},{"not_picked":["Clash","Sentinel"],"picked":"Limit Break"}],"player_experience":75442,"potions_floor_usage":[50],"damage_taken":[{"damage":6.0,"enemies":"Cultist","floor":1.0,"turns":3.0},{"damage":21.0,"enemies":"Blue Slaver","floor":2.0,"turns":4.0},{"damage":3.0,"enemies":"Small Slimes","floor":3.0,"turns":3.0},{"damage":10.0,"enemies":"2 Fungi Beasts","floor":4.0,"turns":4.0},{"damage":0.0,"enemies":"3 Louse","floor":5.0,"turns":1.0},{"damage":43.0,"enemies":"3 Sentries","floor":6.0,"turns":6.0},{"damage":10.0,"enemies":"Red Slaver","floor":10.0,"turns":4.0},{"damage":39.0,"enemies":"Gremlin Gang","floor":11.0,"turns":4.0},{"damage":4.0,"enemies":"Large Slime","floor":12.0,"turns":3.0},{"damage":15.0,"enemies":"3 Sentries","floor":13.0,"turns":3.0},{"damage":0.0,"enemies":"3 Louse","floor":14.0,"turns":3.0},{"damage":42.0,"enemies":"The Guardian","floor":16.0,"turns":8.0},{"damage":32.0,"enemies":"2 Thieves","floor":18.0,"turns":4.0},{"damage":20.0,"enemies":"Shell Parasite","floor":19.0,"turns":5.0},{"damage":7.0,"enemies":"Chosen and Byrds","floor":24.0,"turns":5.0},{"damage":21.0,"enemies":"Snake Plant","floor":25.0,"turns":3.0},{"damage":14.0,"enemies":"Centurion and Healer","floor":29.0,"turns":3.0},{"damage":24.0,"enemies":"Sentry and Sphere","floor":31.0,"turns":4.0},{"damage":41.0,"enemies":"Champ","floor":33.0,"turns":7.0},{"damage":35.0,"enemies":"3 Shapes","floor":35.0,"turns":3.0},{"damage":5.0,"enemies":"Orb Walker","floor":36.0,"turns":2.0},{"damage":40.0,"enemies":"4 Shapes","floor":37.0,"turns":3.0},{"damage":14.0,"enemies":"Maw","floor":38.0,"turns":6.0},{"damage":27.0,"enemies":"Nemesis","floor":41.0,"turns":7.0},{"damage":39,"enemies":"Sphere and 2 Shapes","floor":44,"turns":5},{"damage":29,"enemies":"4 Shapes","floor":45,"turns":4},{"damage":36,"enemies":"Maw","floor":47,"turns":6},{"damage":13,"enemies":"Giant Head","floor":48,"turns":6},{"damage":60,"enemies":"Donu and Deca","floor":50,"turns":5}],"event_choices":[{"event_name":"Wheel of Change","player_choice":"Card Removal","floor":8.0,"damage_taken":0.0},{"event_name":"Dead Adventurer","player_choice":"Searched \u00271\u0027 times","floor":13.0,"damage_taken":0.0},{"event_name":"Back to Basics","player_choice":"Elegance","floor":20.0,"damage_taken":0.0},{"event_name":"Transmorgrifier","player_choice":"Transform","floor":22.0,"damage_taken":0.0},{"event_name":"Beggar","player_choice":"Gave Gold","floor":27.0,"damage_taken":0.0},{"event_name":"Addict","player_choice":"Obtained Relic","floor":30.0,"damage_taken":0.0},{"event_name":"Winding Halls","player_choice":"Writhe","floor":42.0,"damage_taken":0.0}],"boss_relics":[],"potions_floor_spawned":[4,6,10,11,13,13,14,16,19,25,29,41,48],"seed_played":"952795718283437502","killed_by":"Donu and Deca","ascension_level":0,"is_trial":false}