{"gold_per_floor":[109,109,120,30,54,54,79,99,99,112,125,150,150,167,167,242,242,261,261,281,297,297,297,308,342,369,410,347,378,390,420,432,521,533,559,582,1593,1605,542,542,567,567,567,567,567,618,618,647,647,647,647,647,647,57,86,86],"floor_reached":56,"playtime":3802,"items_purged":["Normality","Normality"],"score":1881,"play_id":"b1029d7c-11b5-4bad-b261-2f6368559c81","local_time":"20190213145855","is_ascension_mode":true,"campfire_choices":[{"data":"Fission","floor":6,"key":"SMITH"},{"data":"Streamline","floor":15,"key":"SMITH"},{"data":"Electrodynamics","floor":23,"key":"SMITH"},{"data":"Creative AI","floor":30,"key":"SMITH"},{"data":"Hologram","floor":32,"key":"SMITH"},{"floor":40,"key":"RECALL"},{"floor":42,"key":"REST"},{"floor":49,"key":"REST"},{"floor":53,"key":"REST"}],"neow_cost":"NONE","seed_source_timestamp":99613178480500,"circlet_count":0,"master_deck":["AscendersBane","Zap","Dualcast","Turbo","Ball Lightning","Beam Cell","Multi-Cast","Steam Power","Coolheaded","Thunder Strike","Fission+1","Beam Cell","Glacier","Self Repair","Reinforced Body","Hello World","Electrodynamics+1","Glacier","Creative AI+1","Hologram+1","Chill+1","Creative AI","Cold Snap","Loop+1","Heatsinks","Writhe","Seek","Dark Shackles","BootSequence"],"relics":["Pandora\u0027s Box","Bag of Preparation","The Courier","Bird Faced Urn","Cursed Key","Nloth\u0027s Gift","Juzu Bracelet","MawBank","Prayer Wheel","Fusion Hammer","DataDisk","Happy Flower","Blue Candle","Bronze Scales","Strawberry","Meat on the Bone","Bottled Tornado","Unceasing Top","Singing Bowl","Pantograph","Kunai","Boot"],"potions_floor_usage":[12,21,27,27,46,56,56],"damage_taken":[{"damage":13,"enemies":"2 Louse","floor":1,"turns":2},{"damage":6,"enemies":"Cultist","floor":3,"turns":3},{"damage":29,"enemies":"3 Sentries","floor":7,"turns":10},{"damage":0,"enemies":"Small Slimes","floor":8,"turns":3},{"damage":11,"enemies":"Exordium Wildlife","floor":10,"turns":3},{"damage":0,"enemies":"Exordium Thugs","floor":11,"turns":3},{"damage":8,"enemies":"Gremlin Nob","floor":12,"turns":3},{"damage":0,"enemies":"2 Fungi Beasts","floor":14,"turns":2},{"damage":39,"enemies":"The Guardian","floor":16,"turns":13},{"damage":7,"enemies":"Chosen","floor":18,"turns":3},{"damage":6,"enemies":"3 Byrds","floor":20,"turns":2},{"damage":1,"enemies":"Cultist and Chosen","floor":21,"turns":6},{"damage":7,"enemies":"Snecko","floor":24,"turns":4},{"damage":29,"enemies":"Slavers","floor":25,"turns":4},{"damage":39,"enemies":"Book of Stabbing","floor":27,"turns":5},{"damage":0,"enemies":"3 Cultists","floor":29,"turns":6},{"damage":8,"enemies":"Centurion and Healer","floor":31,"turns":9},{"damage":24,"enemies":"Champ","floor":33,"turns":13},{"damage":0,"enemies":"3 Shapes","floor":35,"turns":3},{"damage":10,"enemies":"Orb Walker","floor":36,"turns":4},{"damage":33,"enemies":"Reptomancer","floor":41,"turns":8},{"damage":17,"enemies":"2 Orb Walkers","floor":46,"turns":4},{"damage":18,"enemies":"Nemesis","floor":48,"turns":11},{"damage":102,"enemies":"Donu and Deca","floor":50,"turns":12},{"damage":22,"enemies":"Time Eater","floor":51,"turns":15},{"damage":71,"enemies":"Shield and Spear","floor":55,"turns":11},{"damage":91,"enemies":"The Heart","floor":56,"turns":5}],"seed_played":"-7420938891658903047","potions_obtained":[{"floor":3,"key":"Strength Potion"},{"floor":10,"key":"Ancient Potion"},{"floor":12,"key":"LiquidBronze"},{"floor":20,"key":"Fire Potion"},{"floor":21,"key":"SneckoOil"},{"floor":25,"key":"Energy Potion"},{"floor":31,"key":"FocusPotion"},{"floor":41,"key":"FocusPotion"},{"floor":48,"key":"GamblersBrew"}],"is_trial":false,"path_per_floor":["M","?","M","$","T","R","E","M","T","M","M","E","?","M","R","B",null,"M","?","M","M","?","R","M","E","T","E","?","M","R","M","R","B",null,"M","M","?","?","$","R","E","R","T","?","?","?","?","E","R","B","B",null,"R","$","E","B"],"character_chosen":"DEFECT","items_purchased":["Glacier","DataDisk","Happy Flower","Blue Candle","Bronze Scales","Strawberry","Block Potion","Meat on the Bone","Heatsinks","FocusPotion","Pantograph","Kunai"],"campfire_rested":3,"item_purchase_floors":[4,39,39,39,39,39,39,39,39,54,54,54],"current_hp_per_floor":[51,71,65,65,65,65,36,43,43,39,46,45,50,59,59,31,65,69,69,76,76,76,76,76,58,58,27,27,46,46,69,69,76,76,76,74,74,74,81,81,78,83,83,79,79,79,69,81,81,58,81,81,81,81,80,0],"gold":86,"neow_bonus":"BOSS_RELIC","is_prod":false,"is_daily":false,"chose_seed":false,"campfire_upgraded":5,"win_rate":0,"timestamp":1550037535,"path_taken":["M","?","?","$","?","R","E","M","T","M","M","E","?","M","R","BOSS","M","?","?","M","?","R","M","E","T","E","?","M","R","M","R","BOSS","M","M","?","?","$","R","E","R","T","?","?","?","?","E","R","BOSS","BOSS","R","$","E","BOSS"],"build_version":"2019-01-23","purchased_purges":2,"victory":false,"max_hp_per_floor":[71,71,71,71,71,71,71,71,71,71,71,71,76,76,76,76,76,76,76,76,76,76,76,76,76,76,76,76,76,76,76,76,76,76,76,76,76,76,83,83,83,83,83,79,79,79,79,81,81,81,81,81,81,81,81,81],"card_choices":[{"not_picked":["Compile Driver","Redo"],"picked":"Beam Cell","floor":1},{"not_picked":["Rebound","Reprogram","Stack"],"picked":"SKIP","floor":3},{"not_picked":["BootSequence","Beam Cell"],"picked":"Self Repair","floor":7},{"not_picked":["Rebound","Aggregate"],"picked":"Reinforced Body","floor":8},{"not_picked":["Lockon","Hello World"],"picked":"Streamline","floor":10},{"not_picked":["Stack","Turbo","Barrage"],"picked":"SKIP","floor":11},{"not_picked":["Compile Driver","Ball Lightning"],"picked":"Hello World","floor":12},{"not_picked":["Compile Driver","Conserve Battery","Sweeping Beam"],"picked":"SKIP","floor":14},{"not_picked":["Biased Cognition","Fission"],"picked":"Electrodynamics","floor":16},{"not_picked":["Chaos","Fusion+1"],"picked":"Glacier","floor":18},{"not_picked":["Compile Driver","Conserve Battery","Stack"],"picked":"SKIP","floor":20},{"not_picked":["Ball Lightning","Barrage","Redo"],"picked":"SKIP","floor":21},{"not_picked":["Conserve Battery","Storm"],"picked":"Creative AI","floor":24},{"not_picked":["Rebound","Compile Driver","Stack"],"picked":"SKIP","floor":25},{"not_picked":["Chaos","Beam Cell","Compile Driver"],"picked":"SKIP","floor":27},{"not_picked":["Barrage","Steam Power"],"picked":"Hologram","floor":29},{"not_picked":["Gash","Go for the Eyes","Undo"],"picked":"SKIP","floor":29},{"not_picked":["Gash","Go for the Eyes","Undo"],"picked":"SKIP","floor":29},{"not_picked":["Amplify","Streamline"],"picked":"Chill+1","floor":31},{"not_picked":["Rebound","Stack","Sunder"],"picked":"SKIP","floor":31},{"not_picked":["Thunder Strike","Reboot"],"picked":"Creative AI","floor":33},{"not_picked":["Fusion","Reprogram"],"picked":"Cold Snap","floor":35},{"not_picked":["Aggregate","Hologram","Stack"],"picked":"SKIP","floor":35},{"not_picked":["Turbo","Hologram"],"picked":"Loop+1","floor":36},{"not_picked":["Gash+1","FTL","Darkness"],"picked":"SKIP","floor":36},{"not_picked":["Gash","Multi-Cast","Redo"],"picked":"SKIP","floor":41},{"not_picked":["Rebound","Storm+1"],"picked":"Seek","floor":46},{"not_picked":["Bandage Up","Secret Weapon"],"picked":"Dark Shackles","floor":47},{"not_picked":["Steam","Hello World","Beam Cell"],"picked":"Singing Bowl","floor":48},{"not_picked":["Force Field","Buffer"],"picked":"BootSequence","floor":55}],"player_experience":1553949,"relics_obtained":[{"floor":5,"key":"Bag of Preparation"},{"floor":7,"key":"The Courier"},{"floor":9,"key":"Bottled Lightning"},{"floor":12,"key":"Bird Faced Urn"},{"floor":25,"key":"Juzu Bracelet"},{"floor":26,"key":"MawBank"},{"floor":27,"key":"Prayer Wheel"},{"floor":41,"key":"Bottled Tornado"},{"floor":46,"key":"Unceasing Top"},{"floor":48,"key":"Singing Bowl"},{"floor":55,"key":"Boot"}],"event_choices":[{"damage_healed":20,"gold_gain":0,"player_choice":"Full Heal","damage_taken":0,"max_hp_gain":0,"max_hp_loss":0,"event_name":"Wheel of Change","floor":2,"gold_loss":0},{"damage_healed":0,"gold_gain":0,"player_choice":"Donut","damage_taken":0,"max_hp_gain":5,"max_hp_loss":0,"event_name":"Big Fish","floor":13,"gold_loss":0},{"damage_healed":0,"gold_gain":0,"player_choice":"Traded Relic","damage_taken":0,"relics_obtained":["Nloth\u0027s Gift"],"max_hp_gain":0,"max_hp_loss":0,"event_name":"N\u0027loth","floor":19,"relics_lost":["Bottled Lightning"],"gold_loss":0},{"damage_healed":0,"gold_gain":0,"player_choice":"Ignored","damage_taken":0,"max_hp_gain":0,"max_hp_loss":0,"event_name":"Ghosts","floor":22,"gold_loss":0},{"cards_removed":["Decay"],"damage_healed":0,"gold_gain":0,"player_choice":"Gave Gold","damage_taken":0,"max_hp_gain":0,"max_hp_loss":0,"event_name":"Beggar","floor":28,"gold_loss":75},{"damage_healed":0,"gold_gain":999,"player_choice":"Gold","damage_taken":0,"max_hp_gain":0,"max_hp_loss":0,"event_name":"MindBloom","floor":37,"gold_loss":0,"cards_obtained":["Normality","Normality"]},{"damage_healed":0,"gold_gain":0,"player_choice":"Ignored","damage_taken":0,"max_hp_gain":0,"max_hp_loss":0,"event_name":"Tomb of Lord Red Mask","floor":38,"gold_loss":0},{"damage_healed":0,"gold_gain":0,"player_choice":"Max HP","damage_taken":0,"max_hp_gain":0,"max_hp_loss":4,"event_name":"Winding Halls","floor":44,"gold_loss":0},{"cards_removed":["Streamline"],"damage_healed":0,"gold_gain":0,"player_choice":"Removed Attack","damage_taken":0,"max_hp_gain":0,"max_hp_loss":0,"event_name":"Falling","floor":45,"gold_loss":0},{"damage_healed":0,"gold_gain":0,"player_choice":"Fight","damage_taken":0,"max_hp_gain":0,"max_hp_loss":0,"event_name":"Mysterious Sphere","floor":46,"gold_loss":0},{"damage_healed":0,"gold_gain":0,"player_choice":"Memory 3","damage_taken":10,"max_hp_gain":0,"max_hp_loss":0,"event_name":"SensoryStone","floor":47,"gold_loss":0}],"is_beta":false,"boss_relics":[{"not_picked":["Runic Pyramid","Velvet Choker"],"picked":"Cursed Key"},{"not_picked":["Eternal Feather","White Beast Statue"],"picked":"Fusion Hammer"}],"items_purged_floors":[39,54],"is_endless":false,"potions_floor_spawned":[3,10,11,12,14,20,21,25,31,41,48],"killed_by":"The Heart","ascension_level":20}