{"gold_per_floor":[112,123,123,198,163,190,190,221,221,240,240,259,284,295,295,370,370,388,348,360,378,83,83,110,110,186,196,196,196,196,221,221,292,292,308,319,81,97,113,141,157,185,241,253,280,309,321,368,380,392],"floor_reached":51,"playtime":2883,"items_purged":["Defend_B"],"score":1283,"play_id":"7df5eaa4-3a5f-4e40-9c6b-f3d07a925ca8","local_time":"20181121100338","is_ascension_mode":true,"campfire_choices":[{"data":"Lockon","floor":7.0,"key":"SMITH"},{"data":"Zap","floor":11.0,"key":"SMITH"},{"data":"Defragment","floor":15.0,"key":"SMITH"},{"data":"Defragment","floor":23.0,"key":"SMITH"},{"data":"Multi-Cast","floor":25.0,"key":"SMITH"},{"data":"Hologram","floor":28.0,"key":"SMITH"},{"data":"Rainbow","floor":30,"key":"SMITH"},{"floor":32,"key":"REST"},{"floor":44,"key":"REST"},{"floor":49,"key":"REST"}],"neow_cost":"NONE","seed_source_timestamp":955130229181539,"circlet_count":0,"master_deck":["AscendersBane","Strike_B","Strike_B","Strike_B+1","Strike_B","Defend_B+1","Defend_B+1","Defend_B+1","Zap+1","Dualcast","Ball Lightning","Rainbow+1","Lockon+1","Leap","Conserve Battery","Defragment+1","FTL","Multi-Cast+1","Genetic Algorithm+1","Compile Driver","Undo+1","Defragment+1","Sweeping Beam","Hologram+1","Compile Driver","Glacier","Tempest+1","Go for the Eyes+1"],"special_seed":0,"relics":["Cracked Core","Bronze Scales","Pear","Bag of Marbles","Matryoshka","Meat on the Bone","Velvet Choker","War Paint","Regal Pillow","Potion Belt","Cables","Happy Flower","Philosopher\u0027s Stone","Mercury Hourglass","Singing Bowl","Anchor","Tiny Chest","MawBank","Calipers"],"potions_floor_usage":[39,45],"damage_taken":[{"damage":0.0,"enemies":"2 Louse","floor":1.0,"turns":2.0},{"damage":3.0,"enemies":"Small Slimes","floor":2.0,"turns":2.0},{"damage":23.0,"enemies":"Lagavulin","floor":6.0,"turns":6.0},{"damage":16.0,"enemies":"Gremlin Nob","floor":8.0,"turns":4.0},{"damage":7.0,"enemies":"Jaw Worm","floor":10.0,"turns":2.0},{"damage":4.0,"enemies":"Red Slaver","floor":12.0,"turns":3.0},{"damage":4.0,"enemies":"3 Sentries","floor":13.0,"turns":4.0},{"damage":14.0,"enemies":"Lots of Slimes","floor":14.0,"turns":3.0},{"damage":23.0,"enemies":"Slime Boss","floor":16.0,"turns":9.0},{"damage":4.0,"enemies":"3 Byrds","floor":18.0,"turns":3.0},{"damage":9.0,"enemies":"Chosen","floor":20.0,"turns":4.0},{"damage":5.0,"enemies":"Snecko","floor":21.0,"turns":5.0},{"damage":9.0,"enemies":"Gremlin Leader","floor":24.0,"turns":7.0},{"damage":5.0,"enemies":"Cultist and Chosen","floor":27.0,"turns":4.0},{"damage":12,"enemies":"Book of Stabbing","floor":31,"turns":4},{"damage":7,"enemies":"Champ","floor":33,"turns":5},{"damage":1,"enemies":"3 Shapes","floor":35,"turns":5},{"damage":0,"enemies":"Orb Walker","floor":36,"turns":2},{"damage":16,"enemies":"Spire Growth","floor":38,"turns":4},{"damage":8,"enemies":"Jaw Worm Horde","floor":39,"turns":3},{"damage":11,"enemies":"Nemesis","floor":40,"turns":5},{"damage":6,"enemies":"4 Shapes","floor":41,"turns":4},{"damage":44,"enemies":"Reptomancer","floor":42,"turns":6},{"damage":11,"enemies":"3 Darklings","floor":45,"turns":3},{"damage":2,"enemies":"Transient","floor":46,"turns":5},{"damage":14,"enemies":"Nemesis","floor":48,"turns":5},{"damage":8,"enemies":"Time Eater","floor":50,"turns":7}],"seed_played":"95256671185936197","potions_obtained":[{"floor":2.0,"key":"Ancient Potion"},{"floor":6.0,"key":"Explosive Potion"},{"floor":10.0,"key":"EssenceOfSteel"},{"floor":18.0,"key":"AttackPotion"},{"floor":20.0,"key":"Block Potion"},{"floor":24.0,"key":"Explosive Potion"},{"floor":36,"key":"Fire Potion"},{"floor":39,"key":"Energy Potion"},{"floor":46,"key":"Poison Potion"}],"is_trial":false,"path_per_floor":["M","M","?","?","?","E","R","E","T","M","R","M","E","M","R","B",null,"M","?","M","M","$","R","E","R","T","M","R","?","R","E","R","B",null,"M","M","$","M","M","E","M","E","T","R","M","M","?","E","R","B",null],"character_chosen":"DEFECT","items_purchased":["Defragment","War Paint","Mercury Hourglass"],"campfire_rested":3,"item_purchase_floors":[22,22,37],"current_hp_per_floor":[68,65,65,54,72,59,59,43,43,36,36,32,28,26,26,15,68,64,64,55,50,50,50,53,53,53,48,48,48,48,48,85,78,83,82,82,82,66,58,49,55,25,25,66,57,57,59,59,97,89],"gold":404,"neow_bonus":"RANDOM_COMMON_RELIC","is_prod":false,"is_daily":false,"chose_seed":false,"campfire_upgraded":7,"win_rate":0,"timestamp":1542765818,"path_taken":["M","M","?","?","?","E","R","E","T","?","R","M","E","M","R","BOSS","M","?","M","M","$","R","E","R","T","?","R","?","R","E","R","BOSS","M","M","$","M","M","E","M","E","T","R","M","M","?","E","R","BOSS"],"build_version":"2018-11-15","purchased_purges":1,"victory":true,"max_hp_per_floor":[75,75,75,75,75,85,85,85,85,85,85,85,85,85,85,85,85,85,85,85,85,85,85,85,85,85,85,85,85,85,85,85,85,85,85,85,85,85,85,87,87,89,89,89,91,93,95,97,97,97],"card_choices":[{"not_picked":["Streamline","Cold Snap"],"picked":"Ball Lightning","floor":1.0},{"not_picked":["Turbo","Streamline"],"picked":"Rainbow","floor":2.0},{"not_picked":["Sweeping Beam","Auto Shields"],"picked":"Lockon","floor":6.0},{"not_picked":["Redo","Hello World"],"picked":"Leap","floor":8.0},{"not_picked":["Melter","Go for the Eyes"],"picked":"Conserve Battery","floor":10.0},{"not_picked":["Beam Cell","Ball Lightning"],"picked":"Defragment","floor":12.0},{"not_picked":["Chaos","Streamline"],"picked":"FTL","floor":13.0},{"not_picked":["Storm","Darkness","Barrage"],"picked":"SKIP","floor":14.0},{"not_picked":["Biased Cognition","Buffer"],"picked":"Multi-Cast","floor":16.0},{"not_picked":["Melter","Gash"],"picked":"Genetic Algorithm+1","floor":18.0},{"not_picked":["Rip and Tear","Doom and Gloom+1"],"picked":"Compile Driver","floor":20.0},{"not_picked":["Rebound","Undo+1","Stack+1"],"picked":"SKIP","floor":21.0},{"not_picked":["Rebound","Stack+1"],"picked":"Undo+1","floor":21.0},{"not_picked":["Genetic Algorithm","Amplify"],"picked":"Sweeping Beam","floor":24.0},{"not_picked":["Gash","Beam Cell"],"picked":"Hologram","floor":27.0},{"not_picked":["Hello World","Steam"],"picked":"Compile Driver","floor":31},{"not_picked":["Streamline","Conserve Battery"],"picked":"Glacier","floor":35},{"not_picked":["Chill+1","Beam Cell+1"],"picked":"Tempest+1","floor":36},{"not_picked":["FTL","Blizzard+1","Gash+1"],"picked":"SKIP","floor":38},{"not_picked":["Doom and Gloom+1","Blizzard","Steam"],"picked":"SKIP","floor":39},{"not_picked":["Doom and Gloom+1","Blizzard","Steam"],"picked":"SKIP","floor":39},{"not_picked":["Beam Cell+1","Melter","Scrape"],"picked":"Singing Bowl","floor":40},{"not_picked":["Darkness","Gash"],"picked":"Go for the Eyes+1","floor":41},{"not_picked":["Go for the Eyes","Doom and Gloom","Recycle"],"picked":"Singing Bowl","floor":42},{"not_picked":["Gash+1","Rebound","Chaos"],"picked":"Singing Bowl","floor":45},{"not_picked":["Stack","Leap","BootSequence"],"picked":"Singing Bowl","floor":46},{"not_picked":["Mind Blast","Finesse","Enlightenment"],"picked":"Singing Bowl","floor":47},{"not_picked":["Blizzard+1","Multi-Cast","Consume"],"picked":"Singing Bowl","floor":48}],"player_experience":510436,"relics_obtained":[{"floor":6.0,"key":"Pear"},{"floor":8.0,"key":"Bag of Marbles"},{"floor":9.0,"key":"Matryoshka"},{"floor":13.0,"key":"Meat on the Bone"},{"floor":24.0,"key":"Regal Pillow"},{"floor":26.0,"key":"Potion Belt"},{"floor":26.0,"key":"Cables"},{"floor":31,"key":"Happy Flower"},{"floor":40,"key":"Singing Bowl"},{"floor":42,"key":"Anchor"},{"floor":43,"key":"Tiny Chest"},{"floor":43,"key":"MawBank"},{"floor":48,"key":"Calipers"}],"event_choices":[{"damage_healed":0.0,"max_hp_gain":0.0,"max_hp_loss":0.0,"gold_gain":0.0,"event_name":"Liars Game","player_choice":"Ignored","floor":3.0,"gold_loss":0.0,"damage_taken":0.0},{"damage_healed":0.0,"max_hp_gain":0.0,"max_hp_loss":0.0,"gold_gain":75.0,"event_name":"World of Goop","player_choice":"Gather Gold","floor":4.0,"gold_loss":0.0,"damage_taken":11.0},{"damage_healed":18.0,"max_hp_gain":0.0,"max_hp_loss":0.0,"gold_gain":0.0,"event_name":"The Cleric","player_choice":"Healed","floor":5.0,"gold_loss":35.0,"damage_taken":0.0},{"damage_healed":0.0,"max_hp_gain":0.0,"max_hp_loss":0.0,"gold_gain":0.0,"event_name":"Designer","player_choice":"Upgraded Two","floor":19.0,"gold_loss":40.0,"damage_taken":0.0,"cards_upgraded":["Strike_B","Defend_B"]},{"damage_healed":0,"gold_gain":0,"player_choice":"Ignored","damage_taken":0,"max_hp_gain":0,"max_hp_loss":0,"event_name":"Cursed Tome","floor":29,"gold_loss":0},{"damage_healed":0,"gold_gain":0,"player_choice":"Memory 1","damage_taken":0,"max_hp_gain":0,"max_hp_loss":0,"event_name":"SensoryStone","floor":47,"gold_loss":0}],"is_beta":true,"boss_relics":[{"not_picked":["Tiny House","FrozenCore"],"picked":"Velvet Choker"},{"not_picked":["Calling Bell","Snecko Eye"],"picked":"Philosopher\u0027s Stone"}],"items_purged_floors":[22],"is_endless":false,"potions_floor_spawned":[2,6,10,12,18,20,24,36,39,46],"ascension_level":13}