{"gold_per_floor":[111,124,21,21,21,94,94,125,148,181,181,181,214,228,228,317,317,338,338,356,371,387,387,421,441,441,455,455,30,61,82,82,172,172,187,14,29,53,53,91,91,126,151,151,26,51,51,76,76,76,76,76,76,1,1],"floor_reached":55,"playtime":2515,"items_purged":["Defend_B","Decay","Regret"],"score":2016,"play_id":"1223f18b-7b6a-4c44-ac1d-276ed3b835b8","local_time":"20190308145033","is_ascension_mode":true,"campfire_choices":[{"data":"Zap","floor":7.0,"key":"SMITH"},{"data":"Streamline","floor":12.0,"key":"SMITH"},{"data":"Reboot","floor":15.0,"key":"SMITH"},{"data":"Sunder","floor":23.0,"key":"SMITH"},{"data":"Defragment","floor":28.0,"key":"SMITH"},{"data":"Loop","floor":32.0,"key":"SMITH"},{"floor":47,"key":"RECALL"},{"data":"Capacitor","floor":49,"key":"SMITH"},{"data":"Biased Cognition","floor":53,"key":"SMITH"}],"neow_cost":"NONE","seed_source_timestamp":82059171828700,"circlet_count":0,"master_deck":["AscendersBane","Strike_B","Strike_B","Strike_B","Strike_B","Defend_B","Defend_B","Defend_B","Zap+1","Dualcast","Glacier","Gash","Cold Snap","BootSequence","Streamline+1","Reboot+1","Conserve Battery","Biased Cognition+1","Sunder+1","Defragment+1","Self Repair","Core Surge","Leap+1","Loop+1","Hologram+1","Echo Form","Defragment+1","Discovery+1","Capacitor+1","Coolheaded+1","Parasite","Sweeping Beam+1","Stack+1","Glacier+1"],"special_seed":0,"relics":["Cracked Core","NeowsBlessing","Golden Idol","Tiny Chest","Bag of Preparation","Blood Vial","Odd Mushroom","Mercury Hourglass","Thread and Needle","Runic Dome","Toxic Egg 2","ClockworkSouvenir","Strawberry","Cursed Key","Bronze Scales","DataDisk","FossilizedHelix","Bag of Marbles"],"potions_floor_usage":[40,40,50],"damage_taken":[{"damage":0.0,"enemies":"2 Louse","floor":1.0,"turns":1.0},{"damage":0.0,"enemies":"Small Slimes","floor":2.0,"turns":1.0},{"damage":0.0,"enemies":"3 Sentries","floor":6.0,"turns":1.0},{"damage":9.0,"enemies":"Lagavulin","floor":8.0,"turns":9.0},{"damage":3.0,"enemies":"The Mushroom Lair","floor":10.0,"turns":3.0},{"damage":13.0,"enemies":"Gremlin Nob","floor":13.0,"turns":4.0},{"damage":0.0,"enemies":"Cultist","floor":14.0,"turns":2.0},{"damage":0.0,"enemies":"The Guardian","floor":16.0,"turns":8.0},{"damage":0.0,"enemies":"3 Byrds","floor":18.0,"turns":4.0},{"damage":6.0,"enemies":"Shell Parasite","floor":20.0,"turns":5.0},{"damage":0.0,"enemies":"Cultist and Chosen","floor":21.0,"turns":5.0},{"damage":0.0,"enemies":"Snake Plant","floor":22.0,"turns":3.0},{"damage":34.0,"enemies":"Gremlin Leader","floor":24.0,"turns":7.0},{"damage":0.0,"enemies":"Snecko","floor":25.0,"turns":4.0},{"damage":3.0,"enemies":"Shelled Parasite and Fungi","floor":27.0,"turns":5.0},{"damage":7.0,"enemies":"Book of Stabbing","floor":30.0,"turns":6.0},{"damage":23.0,"enemies":"Snake Plant","floor":31.0,"turns":4.0},{"damage":7.0,"enemies":"Collector","floor":33.0,"turns":11.0},{"damage":0.0,"enemies":"Orb Walker","floor":35.0,"turns":5.0},{"damage":20.0,"enemies":"3 Darklings","floor":37.0,"turns":5.0},{"damage":9,"enemies":"Reptomancer","floor":40,"turns":9},{"damage":22,"enemies":"Nemesis","floor":42,"turns":9},{"damage":0,"enemies":"Maw","floor":46,"turns":6},{"damage":0,"enemies":"Transient","floor":48,"turns":6},{"damage":65,"enemies":"Awakened One","floor":50,"turns":17},{"damage":3,"enemies":"Donu and Deca","floor":51,"turns":11},{"damage":42,"enemies":"Shield and Spear","floor":55,"turns":3}],"seed_played":"-1498676546325111995","potions_obtained":[{"floor":1.0,"key":"SpeedPotion"},{"floor":14.0,"key":"PowerPotion"},{"floor":16.0,"key":"PowerPotion"},{"floor":33.0,"key":"FocusPotion"},{"floor":37.0,"key":"AttackPotion"},{"floor":48,"key":"Block Potion"}],"is_trial":false,"path_per_floor":["M","M","$","?","?","E","R","E","T","?","T","R","E","M","R","B",null,"M","?","M","M","M","R","E","M","T","M","R","$","E","M","R","B",null,"M","$","M","T","?","E","$","E","T","?","$","M","R","M","R","B","B",null,"R","$","E"],"character_chosen":"DEFECT","items_purchased":["Cold Snap","ClockworkSouvenir","Explosive Potion","Leap+1","Discovery+1","Capacitor","Glacier+1"],"campfire_rested":0,"item_purchase_floors":[3,29,29,29,36,36,54],"current_hp_per_floor":[64,64,64,64,40,40,40,31,31,30,30,30,19,21,21,23,59,61,61,57,59,61,61,36,45,45,51,51,51,60,46,46,48,71,78,78,72,72,72,78,78,63,63,63,63,72,72,78,78,27,40,69,69,69,29],"gold":1,"neow_bonus":"THREE_ENEMY_KILL","is_prod":false,"is_daily":false,"chose_seed":false,"campfire_upgraded":8,"win_rate":0,"timestamp":1552024233,"path_taken":["M","M","$","?","?","E","R","E","T","?","?","R","E","?","R","BOSS","M","?","M","?","M","R","E","?","T","M","R","?","E","M","R","BOSS","M","$","M","?","?","E","$","E","T","?","$","M","R","M","R","BOSS","BOSS","R","$","E"],"build_version":"2019-01-23","purchased_purges":3,"victory":false,"max_hp_per_floor":[71,71,71,71,71,71,71,71,71,71,71,71,71,71,71,71,71,71,71,71,71,71,71,71,71,71,71,71,71,78,78,78,78,78,78,78,78,78,78,78,78,78,78,78,78,78,78,78,78,78,78,78,78,78,78],"card_choices":[{"not_picked":["Loop","Steam"],"picked":"Glacier","floor":1.0},{"not_picked":["Streamline","Scrape"],"picked":"Gash","floor":2.0},{"not_picked":["Meteor Strike","Aggregate"],"picked":"BootSequence","floor":6.0},{"not_picked":["Beam Cell","Compile Driver"],"picked":"Doom and Gloom","floor":8.0},{"not_picked":["Compile Driver","Melter"],"picked":"Streamline","floor":10.0},{"not_picked":["All For One","Cold Snap"],"picked":"Reboot","floor":13.0},{"not_picked":["Ball Lightning","Beam Cell"],"picked":"Conserve Battery","floor":14.0},{"not_picked":["Seek","Hyperbeam"],"picked":"Biased Cognition","floor":16.0},{"not_picked":["Beam Cell","Rebound","Auto Shields"],"picked":"SKIP","floor":18.0},{"not_picked":["Conserve Battery","Reprogram"],"picked":"Sunder","floor":20.0},{"not_picked":["Streamline","Steam Power"],"picked":"Defragment","floor":21.0},{"not_picked":["Doom and Gloom","Go for the Eyes"],"picked":"Self Repair","floor":22.0},{"not_picked":["Conserve Battery","Redo"],"picked":"Core Surge","floor":24.0},{"not_picked":["Streamline","Barrage","Hello World"],"picked":"SKIP","floor":25.0},{"not_picked":["Sunder","Darkness+1","Ball Lightning"],"picked":"SKIP","floor":27.0},{"not_picked":["Cold Snap","Coolheaded+1"],"picked":"Loop","floor":30.0},{"not_picked":["Melter","Go for the Eyes"],"picked":"Hologram+1","floor":31.0},{"not_picked":["Rainbow+1","All For One"],"picked":"Echo Form","floor":33.0},{"not_picked":["Conserve Battery+1","Stack+1"],"picked":"Defragment+1","floor":35.0},{"not_picked":["Steam Power+1","Ball Lightning"],"picked":"Coolheaded+1","floor":37.0},{"not_picked":["BootSequence+1","Scrape+1"],"picked":"Sweeping Beam+1","floor":40},{"not_picked":["All For One","Ball Lightning","Storm"],"picked":"SKIP","floor":42},{"not_picked":["Steam+1","Self Repair"],"picked":"Stack+1","floor":46},{"not_picked":["Sweeping Beam","Lockon","Barrage+1"],"picked":"SKIP","floor":48}],"player_experience":2072869,"relics_obtained":[{"floor":6.0,"key":"Tiny Chest"},{"floor":8.0,"key":"Bag of Preparation"},{"floor":9.0,"key":"Blood Vial"},{"floor":10.0,"key":"Odd Mushroom"},{"floor":11.0,"key":"Mercury Hourglass"},{"floor":13.0,"key":"Thread and Needle"},{"floor":24.0,"key":"Toxic Egg 2"},{"floor":30.0,"key":"Strawberry"},{"floor":38.0,"key":"Bronze Scales"},{"floor":40,"key":"DataDisk"},{"floor":42,"key":"FossilizedHelix"},{"floor":43,"key":"Bag of Marbles"}],"event_choices":[{"damage_healed":0.0,"max_hp_gain":0.0,"max_hp_loss":0.0,"gold_gain":0.0,"event_name":"The Cleric","player_choice":"Leave","floor":4.0,"gold_loss":0.0,"damage_taken":0.0},{"damage_healed":0.0,"max_hp_gain":0.0,"max_hp_loss":0.0,"gold_gain":0.0,"event_name":"Golden Idol","player_choice":"Take Damage","floor":5.0,"gold_loss":0.0,"damage_taken":24.0,"relics_obtained":["Golden Idol"]},{"damage_healed":0.0,"max_hp_gain":0.0,"max_hp_loss":0.0,"gold_gain":0.0,"event_name":"Mushrooms","player_choice":"Fought Mushrooms","floor":10.0,"gold_loss":0.0,"damage_taken":0.0},{"damage_healed":0.0,"max_hp_gain":0.0,"max_hp_loss":0.0,"gold_gain":0.0,"event_name":"Wheel of Change","player_choice":"Cursed","floor":19.0,"gold_loss":0.0,"damage_taken":0.0,"cards_obtained":["Decay"]},{"cards_removed":["Doom and Gloom"],"damage_healed":0.0,"max_hp_gain":0.0,"max_hp_loss":0.0,"gold_gain":0.0,"event_name":"Falling","player_choice":"Removed Attack","floor":39.0,"gold_loss":0.0,"damage_taken":0.0},{"damage_healed":0,"gold_gain":0,"player_choice":"Ignored","damage_taken":0,"max_hp_gain":0,"max_hp_loss":0,"event_name":"Mysterious Sphere","floor":44,"gold_loss":0}],"is_beta":false,"boss_relics":[{"not_picked":["Coffee Dripper","Nuclear Battery"],"picked":"Runic Dome"},{"not_picked":["Philosopher\u0027s Stone","Orrery"],"picked":"Cursed Key"}],"items_purged_floors":[3,29,45],"is_endless":false,"potions_floor_spawned":[1,14,16,20,21,24,33,35,37,48],"killed_by":"Shield and Spear","ascension_level":20}