{"gold_per_floor":[109,119,135,150,163,163,174,174,174,11,11,55,74,139,139,235,235,250,268,318,336,251,251,269,269,296,296,317,317,317,332,332,425,425,443,55,55,73,1072,1072],"floor_reached":40,"playtime":2059,"items_purged":["Storm"],"score":830,"play_id":"274eebc0-1c54-4e5d-b0cc-e3c98f1e7021","local_time":"20190217131444","is_ascension_mode":true,"campfire_choices":[{"data":"Streamline","floor":6,"key":"SMITH"},{"data":"Zap","floor":8,"key":"SMITH"},{"floor":15,"key":"REST"},{"data":"Creative AI","floor":23,"key":"SMITH"},{"data":"Seek","floor":25,"key":"SMITH"},{"floor":27,"key":"REST"},{"floor":29,"key":"REST"},{"data":"Turbo","floor":32,"key":"SMITH"}],"neow_cost":"NONE","seed_source_timestamp":269699550643100,"circlet_count":0,"master_deck":["AscendersBane","Zap+1","Dualcast","Gash","Glacier","Streamline+1","Echo Form","Ball Lightning","Coolheaded","Rip and Tear","Reboot","Seek+1","Reprogram","Rebound","Compile Driver","Steam","Chaos","Creative AI+1","Conserve Battery","Coolheaded+1","Turbo+1","Auto Shields","Steam+1","Bite","Bite","Bite","Bite","Bite","Core Surge","Steam","Reboot","Self Repair","Leap+1","Parasite"],"relics":["Cracked Core","NeowsBlessing","Mercury Hourglass","Golden Idol","Bottled Lightning","Sundial","Pandora\u0027s Box","Dodecahedron","Omamori","Eternal Feather"],"potions_floor_usage":[12,14,14,16,19,21,33,35,40],"damage_taken":[{"damage":0,"enemies":"Cultist","floor":1,"turns":1},{"damage":0,"enemies":"Jaw Worm","floor":2,"turns":1},{"damage":0,"enemies":"Small Slimes","floor":3,"turns":1},{"damage":0,"enemies":"Looter","floor":4,"turns":4},{"damage":8,"enemies":"2 Fungi Beasts","floor":5,"turns":4},{"damage":11,"enemies":"3 Louse","floor":7,"turns":4},{"damage":16,"enemies":"Lagavulin","floor":12,"turns":7},{"damage":3,"enemies":"Red Slaver","floor":13,"turns":3},{"damage":28,"enemies":"Lagavulin Event","floor":14,"turns":5},{"damage":21,"enemies":"Slime Boss","floor":16,"turns":8},{"damage":8,"enemies":"Shell Parasite","floor":18,"turns":5},{"damage":5,"enemies":"Chosen","floor":19,"turns":5},{"damage":3,"enemies":"Centurion and Healer","floor":21,"turns":4},{"damage":11,"enemies":"Snake Plant","floor":24,"turns":5},{"damage":40,"enemies":"Snecko","floor":28,"turns":7},{"damage":21,"enemies":"Cultist and Chosen","floor":31,"turns":5},{"damage":7,"enemies":"Champ","floor":33,"turns":13},{"damage":48,"enemies":"3 Darklings","floor":35,"turns":7},{"damage":6,"enemies":"3 Shapes","floor":38,"turns":9},{"damage":14,"enemies":"Writhing Mass","floor":40,"turns":5}],"seed_played":"2506932521760003882","potions_obtained":[{"floor":2,"key":"GamblersBrew"},{"floor":7,"key":"SteroidPotion"},{"floor":12,"key":"FearPotion"},{"floor":14,"key":"SteroidPotion"},{"floor":16,"key":"Block Potion"},{"floor":18,"key":"Explosive Potion"},{"floor":24,"key":"PowerPotion"},{"floor":31,"key":"Block Potion"}],"is_trial":false,"path_per_floor":["M","M","M","M","M","R","M","R","T","$","?","E","M","?","R","B",null,"M","M","?","M","?","R","M","R","T","R","M","R","?","M","R","B",null,"M","$","?","M","?","M"],"character_chosen":"DEFECT","items_purchased":["Blood Vial","Reboot","Self Repair","PowerPotion"],"campfire_rested":3,"item_purchase_floors":[10,36,36,36],"current_hp_per_floor":[64,64,64,64,56,56,45,45,45,45,45,31,30,4,23,4,49,43,40,40,39,39,39,30,30,30,49,11,30,30,17,17,30,56,20,20,20,33,33,27],"gold":1072,"neow_bonus":"THREE_ENEMY_KILL","is_prod":false,"is_daily":false,"chose_seed":false,"campfire_upgraded":5,"win_rate":0,"timestamp":1550376884,"path_taken":["M","M","?","M","M","R","?","R","T","$","?","E","M","?","R","BOSS","M","M","?","M","?","R","M","R","T","R","M","R","?","M","R","BOSS","M","$","?","?","?","M"],"build_version":"2019-01-23","purchased_purges":1,"victory":false,"max_hp_per_floor":[71,71,71,71,71,71,71,71,71,71,64,64,64,64,64,64,64,64,64,64,64,64,64,64,64,64,64,64,64,64,64,64,64,64,64,64,64,64,64,64],"card_choices":[{"not_picked":["Barrage","Compile Driver","Static Discharge"],"picked":"SKIP","floor":1},{"not_picked":["Fusion","Compile Driver"],"picked":"Gash","floor":2},{"not_picked":["Redo","Loop"],"picked":"Glacier","floor":3},{"not_picked":["Conserve Battery","Reprogram","Stack"],"picked":"SKIP","floor":4},{"not_picked":["Rebound","Turbo"],"picked":"Streamline","floor":5},{"not_picked":["Rebound","Sweeping Beam"],"picked":"Echo Form","floor":7},{"not_picked":["Doom and Gloom","Go for the Eyes"],"picked":"Ball Lightning","floor":12},{"not_picked":["Barrage","Force Field"],"picked":"Coolheaded","floor":13},{"not_picked":["Barrage","Lockon"],"picked":"Rip and Tear","floor":14},{"not_picked":["Echo Form","Rainbow"],"picked":"Reboot","floor":16},{"not_picked":["Darkness","Steam"],"picked":"Conserve Battery","floor":18},{"not_picked":["Redo","Force Field+1"],"picked":"Coolheaded+1","floor":19},{"not_picked":["Sweeping Beam","Beam Cell"],"picked":"Turbo","floor":21},{"not_picked":["Leap","Stack"],"picked":"Auto Shields","floor":24},{"not_picked":["Ball Lightning+1","Darkness"],"picked":"Steam+1","floor":28},{"not_picked":["Compile Driver","Rebound","Hologram"],"picked":"SKIP","floor":31},{"not_picked":["Biased Cognition","All For One"],"picked":"Core Surge","floor":33},{"not_picked":["Redo","Barrage+1"],"picked":"Steam","floor":35},{"not_picked":["Steam","Auto Shields+1"],"picked":"Leap+1","floor":38}],"player_experience":1607746,"relics_obtained":[{"floor":9,"key":"Mercury Hourglass"},{"floor":12,"key":"Bottled Lightning"},{"floor":14,"key":"Sundial"},{"floor":26,"key":"Omamori"}],"event_choices":[{"damage_healed":0,"gold_gain":0,"player_choice":"Lose Max HP","damage_taken":0,"relics_obtained":["Golden Idol"],"max_hp_gain":0,"max_hp_loss":7,"event_name":"Golden Idol","floor":11,"gold_loss":0},{"damage_healed":0,"gold_gain":30,"player_choice":"Searched \u00273\u0027 times","damage_taken":0,"max_hp_gain":0,"max_hp_loss":0,"event_name":"Dead Adventurer","floor":14,"gold_loss":0},{"damage_healed":0,"gold_gain":50,"player_choice":"Stole From Cult","damage_taken":0,"max_hp_gain":0,"max_hp_loss":0,"event_name":"Nest","floor":20,"gold_loss":0},{"damage_healed":0,"gold_gain":0,"player_choice":"Obtained Relic","damage_taken":0,"relics_obtained":["Dodecahedron"],"max_hp_gain":0,"max_hp_loss":0,"event_name":"Addict","floor":22,"gold_loss":85},{"damage_healed":0,"gold_gain":0,"player_choice":"Became a vampire (Vial)","damage_taken":0,"max_hp_gain":0,"max_hp_loss":0,"event_name":"Vampires","floor":30,"relics_lost":["Blood Vial"],"gold_loss":0,"cards_obtained":["Bite","Bite","Bite","Bite","Bite"]},{"damage_healed":0,"gold_gain":0,"player_choice":"Ignored","damage_taken":0,"max_hp_gain":0,"max_hp_loss":0,"event_name":"SecretPortal","floor":37,"gold_loss":0},{"damage_healed":0,"gold_gain":999,"player_choice":"Gold","damage_taken":0,"max_hp_gain":0,"max_hp_loss":0,"event_name":"MindBloom","floor":39,"gold_loss":0,"cards_obtained":["Normality","Normality"]}],"is_beta":false,"boss_relics":[{"not_picked":["Ectoplasm","Inserter"],"picked":"Pandora\u0027s Box"},{"not_picked":["Black Star","Velvet Choker"],"picked":"Eternal Feather"}],"items_purged_floors":[36],"is_endless":false,"potions_floor_spawned":[2,7,12,14,16,18,24,31],"killed_by":"Writhing Mass","ascension_level":20}