{"gold_per_floor":[111,111,386,403,7,7,18,73,155,168,168,179,179,5,5,81,81,97,97,97,97,97],"floor_reached":22,"playtime":595,"items_purged":["Regret","Strike_R"],"score":364,"play_id":"874decd8-268a-485a-b3f0-541fd7eb9e28","local_time":"20190409135710","is_ascension_mode":true,"campfire_choices":[{"data":"Discovery","floor":6,"key":"SMITH"},{"data":"True Grit","floor":13,"key":"SMITH"},{"data":"Disarm","floor":15,"key":"SMITH"}],"neow_cost":"NONE","seed_source_timestamp":215754168148800,"circlet_count":0,"master_deck":["AscendersBane","Strike_R","Strike_R","Defend_R","Defend_R","Defend_R","Defend_R","Bash","Brutality","Battle Trance","Shrug It Off","Discovery+1","True Grit+1","Disarm+1","Fiend Fire","Shrug It Off","Necronomicurse"],"special_seed":0,"relics":["Burning Blood","Happy Flower","Tiny Chest","Gremlin Horn","Runic Dome","Necronomicon"],"potions_floor_usage":[8,16,22],"damage_taken":[{"damage":24.0,"enemies":"Cultist","floor":1.0,"turns":6.0},{"damage":15,"enemies":"Jaw Worm","floor":4,"turns":4},{"damage":0,"enemies":"Small Slimes","floor":7,"turns":4},{"damage":20,"enemies":"3 Sentries","floor":8,"turns":7},{"damage":8,"enemies":"Looter","floor":10,"turns":4},{"damage":3,"enemies":"2 Fungi Beasts","floor":12,"turns":4},{"damage":18,"enemies":"Hexaghost","floor":16,"turns":10},{"damage":0,"enemies":"Spheric Guardian","floor":18,"turns":1},{"damage":24,"enemies":"Chosen","floor":22,"turns":4}],"seed_played":"5709654063001171873","potions_obtained":[{"floor":1.0,"key":"Weak Potion"},{"floor":8,"key":"Block Potion"},{"floor":12,"key":"SteroidPotion"}],"is_trial":false,"path_per_floor":["M","?","?","M","$","R","M","E","T","M","$","M","R","$","R","B",null,"M","?","?","?","M"],"character_chosen":"IRONCLAD","items_purchased":["Happy Flower","Discovery","PowerPotion","Disarm"],"campfire_rested":0,"item_purchase_floors":[5,5,5,14],"current_hp_per_floor":[50,43,43,34,34,34,40,26,26,24,24,27,27,27,27,15,60,66,45,24,24,0],"gold":97,"neow_bonus":"ONE_RANDOM_RARE_CARD","is_prod":false,"is_daily":false,"chose_seed":false,"campfire_upgraded":3,"win_rate":0,"timestamp":1554785830,"path_taken":["M","?","?","?","$","R","M","E","T","M","?","M","R","$","R","BOSS","M","?","?","?","M"],"build_version":"2019-01-23","purchased_purges":2,"victory":false,"max_hp_per_floor":[75,75,75,75,75,75,75,75,75,75,75,75,75,75,75,75,75,75,80,80,80,80],"card_choices":[{"not_picked":["Power Through","Anger"],"picked":"Battle Trance","floor":1.0},{"not_picked":["Cleave","Headbutt"],"picked":"Shrug It Off","floor":4},{"not_picked":["Clash","Warcry","Anger"],"picked":"SKIP","floor":7},{"not_picked":["Clash","Pommel Strike"],"picked":"True Grit","floor":8},{"not_picked":["Clothesline","Sever Soul","Havoc"],"picked":"SKIP","floor":10},{"not_picked":["Thunderclap","Cleave","Combust"],"picked":"SKIP","floor":12},{"not_picked":["Demon Form","Reaper"],"picked":"Fiend Fire","floor":16},{"not_picked":["Wild Strike","Flex"],"picked":"Shrug It Off","floor":18}],"player_experience":3005858,"relics_obtained":[{"floor":8,"key":"Tiny Chest"},{"floor":9,"key":"Gremlin Horn"},{"floor":20,"key":"Necronomicon"}],"event_choices":[{"cards_removed":["Strike_R"],"damage_healed":0.0,"max_hp_gain":0.0,"max_hp_loss":0.0,"gold_gain":0.0,"event_name":"Golden Wing","player_choice":"Card Removal","floor":2.0,"gold_loss":0.0,"damage_taken":7.0},{"damage_healed":0,"gold_gain":275,"player_choice":"Desecrate","damage_taken":0,"max_hp_gain":0,"max_hp_loss":0,"event_name":"Golden Shrine","floor":3,"gold_loss":0,"cards_obtained":["Regret"]},{"damage_healed":0,"gold_gain":0,"player_choice":"Shed Blood","damage_taken":26,"max_hp_gain":5,"max_hp_loss":0,"event_name":"Forgotten Altar","floor":19,"gold_loss":0},{"damage_healed":0,"gold_gain":0,"player_choice":"Obtained Book","damage_taken":21,"max_hp_gain":0,"max_hp_loss":0,"event_name":"Cursed Tome","floor":20,"gold_loss":0},{"cards_removed":["Strike_R"],"damage_healed":0,"gold_gain":0,"player_choice":"Elegance","damage_taken":0,"max_hp_gain":0,"max_hp_loss":0,"event_name":"Back to Basics","floor":21,"gold_loss":0}],"is_beta":false,"boss_relics":[{"not_picked":["Eternal Feather","Pandora\u0027s Box"],"picked":"Runic Dome"}],"items_purged_floors":[5,14],"is_endless":false,"potions_floor_spawned":[1,8,12],"killed_by":"Chosen","ascension_level":20}