{"gold_per_floor":[116,134,134,58,68,68,103,120,193,193,211,223,223,252,252,326,326,346,346,361,137,137,150,150],"floor_reached":24,"playtime":578,"items_purged":["Strike_R"],"score":466,"play_id":"b2812dd4-ba30-47fd-9633-5b362d1038cd","local_time":"20190414132441","is_ascension_mode":true,"campfire_choices":[{"data":"Bash","floor":6,"key":"SMITH"},{"data":"Whirlwind","floor":10,"key":"SMITH"},{"data":"Carnage","floor":13,"key":"SMITH"},{"data":"Rampage","floor":15,"key":"SMITH"}],"neow_cost":"NONE","seed_source_timestamp":179191764547100,"circlet_count":0,"master_deck":["AscendersBane","Strike_R","Strike_R","Defend_R","Defend_R","Defend_R","Defend_R","Bash+1","Seeing Red","Rampage+1","Whirlwind+1","Carnage+1","Flame Barrier","Feel No Pain","Reaper","Whirlwind","Entrench","Finesse","Shrug It Off","Burning Pact"],"relics":["Burning Blood","Red Skull","Thread and Needle","Matryoshka","Potion Belt","Runic Dome"],"potions_floor_usage":[7,14,16,18,23,24],"damage_taken":[{"damage":7,"enemies":"2 Louse","floor":1,"turns":4},{"damage":6,"enemies":"Cultist","floor":2,"turns":3},{"damage":15,"enemies":"Small Slimes","floor":5,"turns":3},{"damage":8,"enemies":"Gremlin Nob","floor":7,"turns":3},{"damage":5,"enemies":"Looter","floor":8,"turns":3},{"damage":0,"enemies":"3 Louse","floor":11,"turns":1},{"damage":5,"enemies":"Red Slaver","floor":12,"turns":2},{"damage":0,"enemies":"3 Sentries","floor":14,"turns":2},{"damage":32,"enemies":"The Guardian","floor":16,"turns":12},{"damage":7,"enemies":"2 Thieves","floor":18,"turns":2},{"damage":2,"enemies":"3 Byrds","floor":20,"turns":3},{"damage":34,"enemies":"Shelled Parasite and Fungi","floor":23,"turns":7},{"damage":79,"enemies":"Gremlin Leader","floor":24,"turns":5}],"seed_played":"-6217040591812348192","potions_obtained":[{"floor":2,"key":"Fire Potion"},{"floor":5,"key":"Swift Potion"},{"floor":7,"key":"SteroidPotion"},{"floor":16,"key":"AttackPotion"},{"floor":18,"key":"Weak Potion"},{"floor":23,"key":"BloodPotion"}],"is_trial":false,"path_per_floor":["M","M","?","$","M","R","E","M","T","R","M","M","R","E","R","B",null,"M","?","M","$","?","M","E"],"character_chosen":"IRONCLAD","items_purchased":["Rampage","Finesse","Shrug It Off"],"campfire_rested":0,"item_purchase_floors":[4,21,21],"current_hp_per_floor":[67,67,67,67,58,58,56,57,57,57,63,64,64,70,70,44,67,66,66,75,75,75,47,0],"gold":150,"neow_bonus":"RANDOM_COMMON_RELIC","is_prod":false,"is_daily":false,"chose_seed":false,"campfire_upgraded":4,"win_rate":0,"timestamp":1555215881,"path_taken":["M","M","?","$","M","R","E","?","T","R","M","M","R","E","R","BOSS","M","?","M","$","?","M","E"],"build_version":"2019-01-23","purchased_purges":1,"victory":false,"max_hp_per_floor":[75,75,75,75,75,75,75,75,75,75,75,75,75,75,75,75,75,75,75,75,75,75,75,75],"card_choices":[{"not_picked":["Twin Strike","Thunderclap","Perfected Strike"],"picked":"SKIP","floor":1},{"not_picked":["Twin Strike","Dropkick"],"picked":"Seeing Red","floor":2},{"not_picked":["Burning Pact","Body Slam","Sword Boomerang"],"picked":"SKIP","floor":5},{"not_picked":["Reckless Charge","Sentinel"],"picked":"Whirlwind","floor":7},{"not_picked":["Evolve","Sword Boomerang"],"picked":"Carnage","floor":8},{"not_picked":["Sword Boomerang","Fire Breathing"],"picked":"Flame Barrier","floor":11},{"not_picked":["Intimidate","Pommel Strike"],"picked":"Feel No Pain","floor":12},{"not_picked":["Warcry","Hemokinesis","Rampage"],"picked":"SKIP","floor":14},{"not_picked":["Brutality","Limit Break"],"picked":"Reaper","floor":16},{"not_picked":["Anger","Intimidate"],"picked":"Whirlwind","floor":18},{"not_picked":["Thunderclap","Rampage+1"],"picked":"Entrench","floor":20},{"not_picked":["Clothesline","Blood for Blood"],"picked":"Burning Pact","floor":23}],"player_experience":3122072,"relics_obtained":[{"floor":7,"key":"Thread and Needle"},{"floor":9,"key":"Matryoshka"},{"floor":14,"key":"Potion Belt"}],"event_choices":[{"cards_removed":["Strike_R"],"damage_healed":0,"gold_gain":0,"player_choice":"Offered Basic","damage_taken":0,"max_hp_gain":0,"max_hp_loss":0,"event_name":"Bonfire Elementals","floor":3,"gold_loss":0},{"cards_removed":["Strike_R"],"damage_healed":0,"gold_gain":0,"player_choice":"Elegance","damage_taken":0,"max_hp_gain":0,"max_hp_loss":0,"event_name":"Back to Basics","floor":19,"gold_loss":0},{"damage_healed":0,"gold_gain":0,"player_choice":"Ignored","damage_taken":0,"max_hp_gain":0,"max_hp_loss":0,"event_name":"The Mausoleum","floor":22,"gold_loss":0}],"is_beta":false,"boss_relics":[{"not_picked":["Runic Pyramid","Sozu"],"picked":"Runic Dome"}],"items_purged_floors":[21],"is_endless":false,"potions_floor_spawned":[2,5,7,11,16,18,23],"killed_by":"Gremlin Leader","ascension_level":20}