{"gold_per_floor":[111,111,128,11,27,27,56,56,101,116,133,168,93,106,106,183,183,202,202,213,128,128,128],"floor_reached":23,"playtime":686,"items_purged":["Strike_R"],"score":552,"play_id":"fcbe5ff7-5107-4ad5-a064-2032544a1f77","local_time":"20190406185839","is_ascension_mode":true,"campfire_choices":[{"data":"Fiend Fire","floor":6,"key":"SMITH"},{"data":"Armaments","floor":8,"key":"SMITH"},{"data":"Bash","floor":15,"key":"SMITH"}],"neow_cost":"TEN_PERCENT_HP_LOSS","seed_source_timestamp":719306359209400,"circlet_count":0,"master_deck":["AscendersBane","Strike_R","Defend_R","Defend_R","Defend_R","Defend_R","Bash+1","Fiend Fire+1","Dropkick","Armaments+1","Evolve","Dual Wield","Inflame","Combust","Carnage","Dark Embrace","Armaments+1","Flame Barrier","Shrug It Off"],"relics":["Burning Blood","FaceOfCleric","Smiling Mask","Red Skull","Lantern","Mark of Pain","Kunai"],"potions_floor_usage":[7,23],"damage_taken":[{"damage":7,"enemies":"Jaw Worm","floor":1,"turns":3},{"damage":1,"enemies":"Cultist","floor":3,"turns":3},{"damage":8,"enemies":"2 Louse","floor":5,"turns":2},{"damage":0,"enemies":"Lagavulin","floor":7,"turns":4},{"damage":11,"enemies":"Looter","floor":10,"turns":2},{"damage":3,"enemies":"Large Slime","floor":11,"turns":6},{"damage":35,"enemies":"Gremlin Nob","floor":12,"turns":4},{"damage":22,"enemies":"Gremlin Gang","floor":14,"turns":3},{"damage":0,"enemies":"Slime Boss","floor":16,"turns":5},{"damage":8,"enemies":"Shell Parasite","floor":18,"turns":2},{"damage":42,"enemies":"2 Thieves","floor":20,"turns":4},{"damage":34,"enemies":"Book of Stabbing","floor":23,"turns":5}],"seed_played":"5415680428778900930","potions_obtained":[{"floor":1,"key":"SteroidPotion"},{"floor":3,"key":"Swift Potion"},{"floor":16,"key":"Explosive Potion"},{"floor":18,"key":"PowerPotion"}],"is_trial":false,"path_per_floor":["M","?","M","$","M","R","E","R","T","M","M","E","?","M","R","B",null,"M","?","M","?","?","E"],"character_chosen":"IRONCLAD","items_purchased":["Evolve"],"campfire_rested":0,"item_purchase_floors":[4],"current_hp_per_floor":[67,67,69,69,68,68,71,71,71,67,71,43,43,28,28,35,66,65,65,30,30,30,0],"gold":128,"neow_bonus":"THREE_RARE_CARDS","is_prod":false,"is_daily":false,"chose_seed":false,"campfire_upgraded":3,"win_rate":0,"timestamp":1554544719,"path_taken":["M","?","?","$","M","R","E","R","T","M","M","E","?","M","R","BOSS","M","?","M","?","?","E"],"build_version":"2019-01-23","purchased_purges":1,"victory":false,"max_hp_per_floor":[68,68,69,69,70,70,71,71,71,72,73,74,74,75,75,76,76,77,77,78,78,78,78],"card_choices":[{"not_picked":["Brutality","Bludgeon"],"picked":"Fiend Fire","floor":0},{"not_picked":["Power Through","Anger"],"picked":"Dropkick","floor":1},{"not_picked":["Cleave","Rupture"],"picked":"Armaments","floor":3},{"not_picked":["Uppercut","Rage"],"picked":"Dual Wield","floor":5},{"not_picked":["Bludgeon","Warcry","Clash"],"picked":"SKIP","floor":7},{"not_picked":["Perfected Strike","Shrug It Off"],"picked":"Inflame","floor":10},{"not_picked":["Twin Strike","Clothesline"],"picked":"Combust","floor":11},{"not_picked":["Armaments","Twin Strike","Pommel Strike"],"picked":"SKIP","floor":12},{"not_picked":["Flame Barrier","Inflame"],"picked":"Carnage","floor":14},{"not_picked":["Bludgeon","Demon Form"],"picked":"Dark Embrace","floor":16},{"not_picked":["Seeing Red","Clothesline"],"picked":"Armaments+1","floor":18},{"not_picked":["Rage","Blood for Blood"],"picked":"Shrug It Off","floor":20}],"player_experience":2919608,"relics_obtained":[{"floor":7,"key":"Smiling Mask"},{"floor":9,"key":"Red Skull"},{"floor":12,"key":"Lantern"}],"event_choices":[{"damage_healed":0,"gold_gain":0,"player_choice":"Trade","damage_taken":0,"relics_obtained":["FaceOfCleric"],"max_hp_gain":0,"max_hp_loss":0,"event_name":"FaceTrader","floor":2,"gold_loss":0},{"cards_removed":["Strike_R"],"damage_healed":0,"gold_gain":0,"player_choice":"Card Removal","damage_taken":0,"max_hp_gain":0,"max_hp_loss":0,"event_name":"The Cleric","floor":13,"gold_loss":75},{"damage_healed":0,"gold_gain":0,"cards_transformed":["Strike_R","Strike_R"],"player_choice":"Became Test Subject","damage_taken":0,"max_hp_gain":0,"max_hp_loss":0,"event_name":"Drug Dealer","floor":19,"gold_loss":0,"cards_obtained":["Flame Barrier","Armaments"]},{"damage_healed":0,"gold_gain":0,"player_choice":"Obtained Relic","damage_taken":0,"relics_obtained":["Kunai"],"max_hp_gain":0,"max_hp_loss":0,"event_name":"Addict","floor":21,"gold_loss":85},{"cards_removed":["Armaments"],"damage_healed":0,"gold_gain":0,"player_choice":"Purged","damage_taken":0,"max_hp_gain":0,"max_hp_loss":0,"event_name":"Purifier","floor":22,"gold_loss":0}],"is_beta":false,"boss_relics":[{"not_picked":["Sozu","Cursed Key"],"picked":"Mark of Pain"}],"items_purged_floors":[4],"is_endless":false,"potions_floor_spawned":[1,3,5,16,18],"killed_by":"Book of Stabbing","ascension_level":20}