{"gold_per_floor":[116,11,23,38,38,68,68,97,97,97,97,423,423,423,423,496,496,515,199,179,197,197],"floor_reached":22,"playtime":1002,"items_purged":[],"score":380,"play_id":"c2244946-8df7-45d4-9297-b8d37ba3fd9d","local_time":"20190411174344","is_ascension_mode":true,"campfire_choices":[{"data":"Static Discharge","floor":7,"key":"SMITH"},{"floor":10,"key":"REST"},{"data":"Loop","floor":15,"key":"SMITH"}],"neow_cost":"NONE","seed_source_timestamp":250140686561,"circlet_count":0,"master_deck":["AscendersBane","Strike_B","Strike_B","Strike_B","Strike_B","Defend_B","Defend_B","Defend_B","Defend_B","Zap","Dualcast","Self Repair","Loop","Cold Snap","Loop+1","Static Discharge+1","Static Discharge+1","Compile Driver","Rainbow","Parasite","Rainbow","Compile Driver","Capacitor","Ball Lightning","Heatsinks"],"special_seed":0,"relics":["Cracked Core","Gremlin Horn","Pen Nib","Meat on the Bone","Old Coin","Nuclear Battery","Omamori"],"potions_floor_usage":[6,6,8,21,22],"damage_taken":[{"damage":8,"enemies":"Small Slimes","floor":1,"turns":4},{"damage":0,"enemies":"2 Louse","floor":3,"turns":2},{"damage":2,"enemies":"Cultist","floor":4,"turns":4},{"damage":6,"enemies":"Gremlin Nob","floor":6,"turns":3},{"damage":20,"enemies":"3 Sentries","floor":8,"turns":6},{"damage":23,"enemies":"Lagavulin","floor":12,"turns":6},{"damage":39,"enemies":"Hexaghost","floor":16,"turns":7},{"damage":21,"enemies":"Shell Parasite","floor":18,"turns":3},{"damage":24,"enemies":"2 Thieves","floor":21,"turns":4},{"damage":55,"enemies":"Shelled Parasite and Fungi","floor":22,"turns":4}],"seed_played":"1208634381925283929","potions_obtained":[{"floor":0.0,"key":"AttackPotion"},{"floor":0.0,"key":"Explosive Potion"},{"floor":6,"key":"Block Potion"},{"floor":20,"key":"Energy Potion"}],"is_trial":false,"path_per_floor":["M","$","M","M","?","E","R","E","T","R","$","E","?","?","R","B",null,"M","$","?","M","M"],"character_chosen":"DEFECT","items_purchased":["Loop","Cold Snap","Capacitor","AttackPotion","Ball Lightning","Omamori"],"campfire_rested":1,"item_purchase_floors":[2,2,19,19,19,19],"current_hp_per_floor":[56,56,63,68,68,69,69,56,56,71,71,55,71,76,76,56,71,57,57,57,52,0],"gold":197,"neow_bonus":"THREE_SMALL_POTIONS","is_prod":false,"is_daily":false,"chose_seed":false,"campfire_upgraded":2,"win_rate":0,"timestamp":1554993824,"path_taken":["M","$","M","M","?","E","R","E","T","R","$","E","?","?","R","BOSS","M","$","?","M","M"],"build_version":"2019-01-23","purchased_purges":0,"victory":false,"max_hp_per_floor":[71,71,71,71,71,71,71,71,71,71,71,71,71,76,76,76,76,76,76,76,76,76],"card_choices":[{"not_picked":["Steam","Conserve Battery"],"picked":"Self Repair","floor":1},{"not_picked":["Self Repair","Rebound"],"picked":"Loop","floor":3},{"not_picked":["Rebound","Undo"],"picked":"Static Discharge","floor":4},{"not_picked":["Blizzard","BootSequence"],"picked":"Static Discharge","floor":6},{"not_picked":["Hyperbeam","Recycle"],"picked":"Compile Driver","floor":8},{"not_picked":["Undo","Leap"],"picked":"Rainbow","floor":12},{"not_picked":["Thunder Strike","Reboot"],"picked":"Rainbow","floor":16},{"not_picked":["Go for the Eyes","Scrape"],"picked":"Compile Driver","floor":18},{"not_picked":["Streamline","Darkness"],"picked":"Heatsinks","floor":21}],"player_experience":1184920,"relics_obtained":[{"floor":6,"key":"Gremlin Horn"},{"floor":8,"key":"Pen Nib"},{"floor":9,"key":"Meat on the Bone"},{"floor":12,"key":"Old Coin"}],"event_choices":[{"damage_healed":0,"gold_gain":0,"player_choice":"Grow","damage_taken":0,"max_hp_gain":0,"max_hp_loss":0,"event_name":"Living Wall","floor":5,"gold_loss":0,"cards_upgraded":["Static Discharge"]},{"damage_healed":17,"gold_gain":0,"player_choice":"Healed and dodged fight","damage_taken":0,"max_hp_gain":0,"max_hp_loss":0,"event_name":"Mushrooms","floor":13,"gold_loss":0,"cards_obtained":["Parasite"]},{"damage_healed":0,"gold_gain":0,"player_choice":"Donut","damage_taken":0,"max_hp_gain":5,"max_hp_loss":0,"event_name":"Big Fish","floor":14,"gold_loss":0},{"damage_healed":0,"gold_gain":0,"player_choice":"Bought 1 Potion","damage_taken":0,"max_hp_gain":0,"max_hp_loss":0,"event_name":"The Woman in Blue","floor":20,"gold_loss":0}],"is_beta":false,"boss_relics":[{"not_picked":["FrozenCore","Lizard Tail"],"picked":"Nuclear Battery"}],"items_purged_floors":[],"is_endless":false,"potions_floor_spawned":[1,6],"killed_by":"Shelled Parasite and Fungi","ascension_level":18}