{"gold_per_floor":[114,39,64,76,147,180,180,207,261,261,280,45,45,45,45,124,124,134,134],"floor_reached":19,"playtime":357,"items_purged":["Strike_R"],"score":396,"play_id":"d9c2c18e-b2cf-4fb4-8c03-18f91cc05a05","local_time":"20190312220735","is_ascension_mode":true,"campfire_choices":[{"data":"1","floor":7,"key":"LIFT"},{"data":"2","floor":10,"key":"LIFT"},{"data":"3","floor":15,"key":"LIFT"}],"neow_cost":"NONE","seed_source_timestamp":302048465224000,"circlet_count":0,"master_deck":["AscendersBane","Strike_R+1","Strike_R","Strike_R","Defend_R","Defend_R","Defend_R","Defend_R","Bash","Rampage+1","Shockwave","Disarm","Limit Break"],"relics":["Burning Blood","NeowsBlessing","Regal Pillow","Blue Candle","Girya","Bronze Scales","PreservedInsect","Juzu Bracelet","Philosopher\u0027s Stone"],"potions_floor_usage":[8,16,16],"damage_taken":[{"damage":0,"enemies":"Small Slimes","floor":1,"turns":1},{"damage":0,"enemies":"Jaw Worm","floor":4,"turns":1},{"damage":1,"enemies":"3 Sentries","floor":6,"turns":1},{"damage":19,"enemies":"Gremlin Nob","floor":8,"turns":4},{"damage":4,"enemies":"2 Louse","floor":11,"turns":3},{"damage":18,"enemies":"Slime Boss","floor":16,"turns":7},{"damage":26,"enemies":"3 Byrds","floor":18,"turns":3},{"damage":17,"enemies":"Shell Parasite","floor":19,"turns":2}],"seed_played":"-5930412886796057632","potions_obtained":[{"floor":1,"key":"AttackPotion"},{"floor":8,"key":"AttackPotion"},{"floor":11,"key":"Poison Potion"},{"floor":16,"key":"Strength Potion"}],"is_trial":false,"path_per_floor":["M","?","T","M","T","E","R","E","T","R","M","$","?","?","R","B",null,"M","M"],"character_chosen":"IRONCLAD","items_purchased":["Juzu Bracelet"],"campfire_rested":0,"item_purchase_floors":[12],"current_hp_per_floor":[74,74,74,75,75,75,75,62,62,62,64,64,41,41,41,29,64,44,27],"gold":134,"neow_bonus":"THREE_ENEMY_KILL","is_prod":false,"is_daily":false,"chose_seed":false,"campfire_upgraded":0,"win_rate":0,"timestamp":1552396055,"path_taken":["M","?","?","M","?","E","R","E","T","R","M","?","?","?","R","BOSS","M","M"],"build_version":"2019-01-23","purchased_purges":1,"victory":false,"max_hp_per_floor":[75,75,75,75,75,75,75,75,75,75,75,75,75,75,75,75,75,75,75],"card_choices":[{"not_picked":["True Grit","Clash"],"picked":"Rampage","floor":1},{"not_picked":["Searing Blow","Rage"],"picked":"Shockwave","floor":4},{"not_picked":["Uppercut","True Grit"],"picked":"Disarm","floor":6},{"not_picked":["Carnage","Twin Strike","Headbutt"],"picked":"SKIP","floor":8},{"not_picked":["Metallicize","Cleave","Body Slam"],"picked":"SKIP","floor":11},{"not_picked":["Impervious","Berserk"],"picked":"Limit Break","floor":16},{"not_picked":["Iron Wave","Twin Strike+1","Anger"],"picked":"SKIP","floor":18}],"player_experience":2214843,"relics_obtained":[{"floor":3,"key":"Regal Pillow"},{"floor":5,"key":"Blue Candle"},{"floor":6,"key":"Girya"},{"floor":8,"key":"Bronze Scales"},{"floor":9,"key":"PreservedInsect"}],"event_choices":[{"cards_removed":["Strike_R"],"damage_healed":0,"gold_gain":0,"player_choice":"Card Removal","damage_taken":0,"max_hp_gain":0,"max_hp_loss":0,"event_name":"The Cleric","floor":2,"gold_loss":75},{"damage_healed":0,"gold_gain":0,"player_choice":"Entered Light","damage_taken":23,"max_hp_gain":0,"max_hp_loss":0,"event_name":"Shining Light","floor":13,"gold_loss":0,"cards_upgraded":["Strike_R","Rampage"]},{"damage_healed":0,"gold_gain":0,"player_choice":"Ignored","damage_taken":0,"max_hp_gain":0,"max_hp_loss":0,"event_name":"Liars Game","floor":14,"gold_loss":0}],"is_beta":false,"boss_relics":[{"not_picked":["Tiny House","Snecko Eye"],"picked":"Philosopher\u0027s Stone"}],"items_purged_floors":[12],"is_endless":false,"potions_floor_spawned":[1,8,11,16],"killed_by":"Shell Parasite","ascension_level":20}