{"gold_per_floor":[114,114,133,145,12,47,47,47,47,64,64,64,95,107,107,185,185,201,220,270,8,8,8,8],"floor_reached":24,"playtime":747,"items_purged":[],"score":408,"play_id":"e3a51a82-210a-4bf8-8df1-292a0f8285d2","local_time":"20190313180302","is_ascension_mode":true,"campfire_choices":[{"data":"Body Slam","floor":8,"key":"SMITH"},{"floor":11,"key":"REST"},{"data":"Disarm","floor":15,"key":"SMITH"},{"data":"Disarm","floor":23,"key":"SMITH"}],"neow_cost":"NONE","seed_source_timestamp":373386812948600,"circlet_count":0,"master_deck":["AscendersBane","Strike_R","Strike_R","Strike_R","Strike_R","Strike_R","Defend_R","Defend_R","Defend_R","Defend_R","Bash","Second Wind","Evolve","Disarm+1","Feel No Pain","Body Slam+1","Impervious","Disarm+1","Shrug It Off","Double Tap","Feel No Pain"],"relics":["Burning Blood","NeowsBlessing","WarpedTongs","Bird Faced Urn","StoneCalendar","Du-Vu Doll","Cursed Key","Meat on the Bone"],"potions_floor_usage":[6,24],"damage_taken":[{"damage":0,"enemies":"Small Slimes","floor":1,"turns":1},{"damage":1,"enemies":"Cultist","floor":3,"turns":1},{"damage":0,"enemies":"Jaw Worm","floor":4,"turns":1},{"damage":51,"enemies":"Gremlin Nob","floor":6,"turns":6},{"damage":26,"enemies":"Exordium Thugs","floor":10,"turns":7},{"damage":8,"enemies":"Lagavulin","floor":13,"turns":7},{"damage":16,"enemies":"Large Slime","floor":14,"turns":4},{"damage":20,"enemies":"The Guardian","floor":16,"turns":14},{"damage":26,"enemies":"Shell Parasite","floor":18,"turns":7},{"damage":23,"enemies":"3 Byrds","floor":19,"turns":7},{"damage":38,"enemies":"Slavers","floor":24,"turns":4}],"seed_played":"-2375313085781393442","potions_obtained":[{"floor":4,"key":"Dexterity Potion"},{"floor":10,"key":"EssenceOfSteel"}],"is_trial":false,"path_per_floor":["M","?","M","M","$","E","?","R","T","M","R","$","E","M","R","B",null,"M","M","?","$","?","R","E"],"character_chosen":"IRONCLAD","items_purchased":["Feel No Pain","Block Potion","Meat on the Bone"],"campfire_rested":1,"item_purchase_floors":[5,5,21],"current_hp_per_floor":[74,74,75,75,75,30,30,30,30,14,36,36,38,32,32,22,62,46,33,33,33,33,33,0],"gold":8,"neow_bonus":"THREE_ENEMY_KILL","is_prod":false,"is_daily":false,"chose_seed":false,"campfire_upgraded":3,"win_rate":0,"timestamp":1552467782,"path_taken":["M","?","?","M","?","E","?","R","T","M","R","$","E","M","R","BOSS","M","M","?","$","?","R","E"],"build_version":"2019-01-23","purchased_purges":0,"victory":false,"max_hp_per_floor":[75,75,75,75,75,75,75,75,75,75,75,75,75,75,75,75,75,75,75,75,75,75,75,75],"card_choices":[{"not_picked":["Headbutt","Clash"],"picked":"Second Wind","floor":1},{"not_picked":["Intimidate","Power Through"],"picked":"Evolve","floor":3},{"not_picked":["Clothesline","Twin Strike"],"picked":"Disarm","floor":4},{"not_picked":["Blood for Blood","Sword Boomerang"],"picked":"Body Slam","floor":6},{"not_picked":["Clash","Anger"],"picked":"Impervious","floor":10},{"not_picked":["Reaper","Shrug It Off"],"picked":"Disarm","floor":13},{"not_picked":["Sword Boomerang","Warcry"],"picked":"Shrug It Off","floor":14},{"not_picked":["Bludgeon","Dark Embrace"],"picked":"Double Tap","floor":16},{"not_picked":["Flex","Clothesline","Warcry"],"picked":"SKIP","floor":18},{"not_picked":["Clothesline","Second Wind"],"picked":"Feel No Pain","floor":19}],"player_experience":2239417,"relics_obtained":[{"floor":6,"key":"Bird Faced Urn"},{"floor":9,"key":"StoneCalendar"},{"floor":13,"key":"Du-Vu Doll"}],"event_choices":[{"damage_healed":0,"gold_gain":0,"player_choice":"Rummage","damage_taken":0,"relics_obtained":["WarpedTongs"],"max_hp_gain":0,"max_hp_loss":0,"event_name":"Accursed Blacksmith","floor":2,"gold_loss":0,"cards_obtained":["Pain"]},{"cards_removed":["Pain"],"damage_healed":0,"gold_gain":0,"player_choice":"Forget","damage_taken":0,"max_hp_gain":0,"max_hp_loss":0,"event_name":"Living Wall","floor":7,"gold_loss":0},{"damage_healed":0,"gold_gain":50,"player_choice":"Stole From Cult","damage_taken":0,"max_hp_gain":0,"max_hp_loss":0,"event_name":"Nest","floor":20,"gold_loss":0},{"damage_healed":0,"gold_gain":0,"player_choice":"Ignored","damage_taken":0,"max_hp_gain":0,"max_hp_loss":0,"event_name":"The Mausoleum","floor":22,"gold_loss":0}],"is_beta":false,"boss_relics":[{"not_picked":["Coffee Dripper","Calling Bell"],"picked":"Cursed Key"}],"items_purged_floors":[],"is_endless":false,"potions_floor_spawned":[4,10,13,16],"killed_by":"Slavers","ascension_level":20}