{"path_per_floor":["M","?","?","M","M","E","R","M","T","M","R","E","M","M","R","B",null,"M","M"],"character_chosen":"THE_SILENT","items_purchased":[],"gold_per_floor":[110,110,60,73,84,110,110,125,152,165,165,190,208,228,228,333,333,346,358],"floor_reached":20,"campfire_rested":0,"playtime":2028,"current_hp_per_floor":[68,68,68,68,64,42,42,42,42,42,42,37,36,34,34,25,70,39,26],"items_purged":[],"gold":358,"play_id":"bbc7ef52-6e16-4181-8476-5b10039862fb","is_prod":false,"is_daily":false,"is_ascension_mode":false,"campfire_upgraded":3,"path_taken":["M","?","?","M","M","E","R","M","T","M","R","E","M","M","R","BOSS","M","M","M"],"build_version":"2018-01-25-PROD3","purchased_purges":0,"victory":false,"master_deck":["Defend_G","Defend_G","Defend_G","Defend_G","Defend_G","Strike_G+1","Strike_G","Strike_G","Strike_G+1","Survivor","Neutralize","Prepared+1","PiercingWail+1","Backstab","Caltrops+1","Dagger Throw","Infinite Blades+1","Predator","Adrenaline+1","Dagger Spray","Tools of the Trade","Deadly Poison+1","Quick Slash+1"],"max_hp_per_floor":[70,70,70,70,70,70,70,70,70,70,70,70,70,70,70,70,70,70,70],"relics":["Ring of the Snake","Whetstone","Happy Flower","Toxic Egg","Pen Nib","Question Card"],"card_choices":[{"not_picked":["Caltrops","Bane"],"picked":"Prepared"},{"not_picked":["Eviscerate","Outmaneuver"],"picked":"PiercingWail"},{"not_picked":["Poisoned Stab","Dodge and Roll"],"picked":"Backstab"},{"not_picked":["Slice","Deflect"],"picked":"Caltrops"},{"not_picked":["Endless Agony","Blur"],"picked":"Dagger Throw"},{"not_picked":["Catalyst","Deadly Poison"],"picked":"Infinite Blades"},{"not_picked":["Well Laid Plans","Footwork"],"picked":"Predator"},{"not_picked":["Footwork","Deadly Poison"],"picked":"Adrenaline"},{"not_picked":["Deadly Poison","PiercingWail"],"picked":"Dagger Spray"},{"not_picked":["Doppelganger","Venomology"],"picked":"Tools of the Trade"},{"not_picked":["Slice","Sucker Punch","Backflip"],"picked":"Deadly Poison"},{"not_picked":["Backflip","Blur","Well Laid Plans"],"picked":"Quick Slash"}],"player_experience":15599,"potions_floor_usage":[12,12,16,18],"damage_taken":[{"damage":2,"enemies":"2 Louse","floor":1,"turns":2},{"damage":0,"enemies":"Small Slimes","floor":4,"turns":3},{"damage":4,"enemies":"Cultist","floor":5,"turns":5},{"damage":22,"enemies":"3 Sentries","floor":6,"turns":10},{"damage":0,"enemies":"Exordium Thugs","floor":8,"turns":5},{"damage":0,"enemies":"3 Louse","floor":10,"turns":2},{"damage":11,"enemies":"Gremlin Nob","floor":12,"turns":4},{"damage":1,"enemies":"2 Fungi Beasts","floor":13,"turns":3},{"damage":2,"enemies":"Looter","floor":14,"turns":2},{"damage":9,"enemies":"Slime Boss","floor":16,"turns":8},{"damage":31,"enemies":"Chosen","floor":18,"turns":5},{"damage":13,"enemies":"Shell Parasite","floor":19,"turns":5},{"damage":28,"enemies":"Snake Plant","floor":20,"turns":2}],"event_choices":[{"event_name":"Living Wall","player_choice":"Grow","floor":2,"damage_taken":0},{"event_name":"The Cleric","player_choice":"Card Removal","floor":3,"damage_taken":0}],"boss_relics":[{"not_picked":["Velvet Choker","Runic Dome"],"picked":"Question Card"}],"potions_floor_spawned":[1,8,12,14],"seed_played":"-3483332308189821832","killed_by":"Snake Plant","ascension_level":0,"is_trial":false}