{"gold_per_floor":[110,121,121,121,141,174,174,233,233,233,260,277,296,321,321,392,392,406,51,66,266,277,277],"floor_reached":23,"playtime":868,"items_purged":[],"score":492,"play_id":"8e2cf0c7-4e24-435d-adde-5802ac3cfbf1","local_time":"20190415141007","is_ascension_mode":true,"campfire_choices":[{"data":"Buffer","floor":7,"key":"SMITH"},{"floor":10,"key":"REST"},{"data":"Redo","floor":15,"key":"SMITH"}],"neow_cost":"NONE","seed_source_timestamp":268028834474699,"circlet_count":0,"master_deck":["AscendersBane","Strike_B","Strike_B","Strike_B","Defend_B","Defend_B","Defend_B","Defend_B","Zap","Dualcast","All For One","Turbo","Gash","Buffer+1","Coolheaded","Beam Cell","Fission","Tempest","Redo+1","Biased Cognition","Gash","Core Surge","Defragment","Self Repair+1"],"relics":["Cracked Core","Vajra","The Courier","Tiny Chest","Ancient Tea Set","PreservedInsect","Pantograph","Runic Dome","Meat on the Bone"],"potions_floor_usage":[6,20,20,23],"damage_taken":[{"damage":1,"enemies":"2 Louse","floor":1,"turns":2},{"damage":4,"enemies":"Jaw Worm","floor":2,"turns":4},{"damage":0,"enemies":"Cultist","floor":5,"turns":2},{"damage":10,"enemies":"Gremlin Nob","floor":6,"turns":4},{"damage":18,"enemies":"Lagavulin","floor":8,"turns":8},{"damage":4,"enemies":"3 Sentries","floor":11,"turns":7},{"damage":1,"enemies":"2 Fungi Beasts","floor":12,"turns":3},{"damage":0,"enemies":"Gremlin Gang","floor":13,"turns":5},{"damage":0,"enemies":"Lagavulin","floor":14,"turns":6},{"damage":5,"enemies":"Slime Boss","floor":16,"turns":8},{"damage":0,"enemies":"Spheric Guardian","floor":18,"turns":3},{"damage":5,"enemies":"2 Thieves","floor":20,"turns":4},{"damage":58,"enemies":"3 Cultists","floor":22,"turns":5},{"damage":20,"enemies":"Book of Stabbing","floor":23,"turns":2}],"seed_played":"-3622321287507897391","potions_obtained":[{"floor":2,"key":"GamblersBrew"},{"floor":6,"key":"Block Potion"},{"floor":13,"key":"AttackPotion"},{"floor":22,"key":"FearPotion"}],"is_trial":false,"path_per_floor":["M","M","?","?","M","E","R","E","T","R","E","M","M","E","R","B",null,"M","$","M","?","M","E"],"character_chosen":"DEFECT","items_purchased":["Core Surge","Meat on the Bone"],"campfire_rested":1,"item_purchase_floors":[19,19],"current_hp_per_floor":[63,59,54,54,54,44,44,26,26,47,43,42,42,42,42,62,69,69,69,64,64,18,0],"gold":277,"neow_bonus":"ONE_RANDOM_RARE_CARD","is_prod":false,"is_daily":false,"chose_seed":false,"campfire_upgraded":2,"win_rate":0,"timestamp":1555305007,"path_taken":["M","M","?","?","?","E","R","E","T","R","E","M","?","E","R","BOSS","M","$","M","?","M","E"],"build_version":"2019-01-23","purchased_purges":0,"victory":false,"max_hp_per_floor":[71,71,71,71,71,71,71,71,71,71,71,71,71,71,71,71,71,71,71,71,71,71,71],"card_choices":[{"not_picked":["Go for the Eyes","Steam"],"picked":"Turbo","floor":1},{"not_picked":["Stack","Rebound"],"picked":"Gash","floor":2},{"not_picked":["Beam Cell","Aggregate"],"picked":"Buffer","floor":5},{"not_picked":["Loop","Streamline"],"picked":"Coolheaded","floor":6},{"not_picked":["Reinforced Body","Conserve Battery"],"picked":"Beam Cell","floor":8},{"not_picked":["Steam","Rebound"],"picked":"Fission","floor":11},{"not_picked":["Cold Snap","Hello World"],"picked":"Tempest","floor":12},{"not_picked":["Ball Lightning","Beam Cell","Conserve Battery"],"picked":"SKIP","floor":13},{"not_picked":["Reprogram","Cold Snap"],"picked":"Redo","floor":14},{"not_picked":["All For One","Hyperbeam"],"picked":"Biased Cognition","floor":16},{"not_picked":["Steam Power","Ball Lightning"],"picked":"Gash","floor":18},{"not_picked":["Auto Shields","Heatsinks"],"picked":"Defragment","floor":20},{"not_picked":["Aggregate","Sweeping Beam"],"picked":"Self Repair+1","floor":22}],"player_experience":3154948,"relics_obtained":[{"floor":6,"key":"The Courier"},{"floor":8,"key":"Tiny Chest"},{"floor":9,"key":"Ancient Tea Set"},{"floor":11,"key":"PreservedInsect"},{"floor":14,"key":"Pantograph"}],"event_choices":[{"damage_healed":0,"gold_gain":0,"player_choice":"Success","damage_taken":5,"relics_obtained":["Vajra"],"max_hp_gain":0,"max_hp_loss":0,"event_name":"Scrap Ooze","floor":3,"gold_loss":0},{"cards_removed":["Strike_B"],"damage_healed":0,"gold_gain":0,"player_choice":"Forget","damage_taken":0,"max_hp_gain":0,"max_hp_loss":0,"event_name":"Living Wall","floor":4,"gold_loss":0},{"damage_healed":0,"gold_gain":200,"player_choice":"Gold","damage_taken":0,"max_hp_gain":0,"max_hp_loss":0,"event_name":"Wheel of Change","floor":21,"gold_loss":0}],"is_beta":false,"boss_relics":[{"not_picked":["Tiny House","Coffee Dripper"],"picked":"Runic Dome"}],"items_purged_floors":[],"is_endless":false,"potions_floor_spawned":[2,6,13,14,16,22],"killed_by":"Book of Stabbing","ascension_level":20}