{"gold_per_floor":[113,113,127,52,52,52,80,80,80,115,85,96,115,135,135,135],"floor_reached":16,"playtime":299,"items_purged":["Strike_R"],"score":270,"play_id":"cc9d9e99-1711-4729-bd6e-1e24a95b49db","local_time":"20190412130956","is_ascension_mode":true,"campfire_choices":[{"data":"Bash","floor":6,"key":"SMITH"},{"data":"Rampage","floor":8,"key":"SMITH"},{"floor":15,"key":"REST"}],"neow_cost":"NONE","seed_source_timestamp":5786764447700,"circlet_count":0,"master_deck":["AscendersBane","Strike_R","Strike_R","Strike_R","Strike_R","Defend_R","Defend_R","Defend_R","Defend_R","Bash+1","Rampage+1","Demon Form","Seeing Red"],"relics":["Burning Blood","NeowsBlessing","PreservedInsect","Singing Bowl","Lantern","Bag of Marbles"],"potions_floor_usage":[12,14,14],"damage_taken":[{"damage":0,"enemies":"Jaw Worm","floor":1,"turns":1},{"damage":0,"enemies":"Cultist","floor":3,"turns":1},{"damage":0,"enemies":"3 Sentries","floor":7,"turns":2},{"damage":51,"enemies":"Lagavulin","floor":10,"turns":8},{"damage":10,"enemies":"Small Slimes","floor":12,"turns":3},{"damage":1,"enemies":"2 Fungi Beasts","floor":13,"turns":3},{"damage":13,"enemies":"Gremlin Gang","floor":14,"turns":4},{"damage":43,"enemies":"The Guardian","floor":16,"turns":10}],"seed_played":"7534952773116705671","potions_obtained":[{"floor":10,"key":"GamblersBrew"},{"floor":11,"key":"SteroidPotion"},{"floor":12,"key":"Block Potion"}],"is_trial":false,"path_per_floor":["M","?","M","$","?","R","E","R","T","E","?","M","M","M","R","B"],"character_chosen":"IRONCLAD","items_purchased":[],"campfire_rested":1,"item_purchase_floors":[],"current_hp_per_floor":[74,74,75,75,75,75,75,75,75,30,30,28,33,28,51,8],"gold":135,"neow_bonus":"THREE_ENEMY_KILL","is_prod":false,"is_daily":false,"chose_seed":false,"campfire_upgraded":2,"win_rate":0,"timestamp":1555042196,"path_taken":["M","?","?","$","?","R","E","R","T","E","?","M","M","?","R","BOSS"],"build_version":"2019-01-23","purchased_purges":1,"victory":false,"max_hp_per_floor":[75,75,75,75,75,75,75,75,75,75,75,77,77,79,79,79],"card_choices":[{"not_picked":["Twin Strike","Anger"],"picked":"Evolve","floor":1},{"not_picked":["Clash","Thunderclap","Havoc"],"picked":"SKIP","floor":3},{"not_picked":["Sword Boomerang","Corruption"],"picked":"Rampage","floor":7},{"not_picked":["Pummel","Heavy Blade"],"picked":"Demon Form","floor":10},{"not_picked":["Clash","Headbutt","Pommel Strike"],"picked":"Singing Bowl","floor":12},{"not_picked":["True Grit","Rage"],"picked":"Seeing Red","floor":13},{"not_picked":["Body Slam","Cleave","Metallicize"],"picked":"Singing Bowl","floor":14}],"player_experience":3073562,"relics_obtained":[{"floor":7,"key":"Singing Bowl"},{"floor":9,"key":"Lantern"},{"floor":10,"key":"Bag of Marbles"}],"event_choices":[{"cards_removed":["Evolve"],"damage_healed":0,"gold_gain":0,"player_choice":"Gave Card","damage_taken":0,"relics_obtained":["PreservedInsect"],"max_hp_gain":0,"max_hp_loss":0,"event_name":"WeMeetAgain","floor":2,"gold_loss":0},{"damage_healed":0,"gold_gain":0,"player_choice":"Ignored","damage_taken":0,"max_hp_gain":0,"max_hp_loss":0,"event_name":"Liars Game","floor":5,"gold_loss":0},{"damage_healed":0,"gold_gain":0,"player_choice":"Bought 2 Potions","damage_taken":0,"max_hp_gain":0,"max_hp_loss":0,"event_name":"The Woman in Blue","floor":11,"gold_loss":0}],"is_beta":false,"boss_relics":[],"items_purged_floors":[4],"is_endless":false,"potions_floor_spawned":[10,12],"killed_by":"The Guardian","ascension_level":20}