{"gold_per_floor":[109,121,168,182,143,177,177,129,184,184,195,224,234,65,65,141,141,158,158,171,187,31,31,31,31,31,41,41,51,51,83,83,160,160,179,196,96,106,117,117,117],"floor_reached":41,"playtime":2194,"items_purged":["Fire Breathing","Metallicize"],"score":1000,"play_id":"4908201e-c5ba-4b87-b1ee-f6ca1fa34f42","local_time":"20190311182437","is_ascension_mode":true,"campfire_choices":[{"data":"Feed","floor":7.0,"key":"SMITH"},{"data":"Bash","floor":10.0,"key":"SMITH"},{"floor":15.0,"key":"REST"},{"data":"Fiend Fire","floor":23.0,"key":"SMITH"},{"data":"Entrench","floor":28.0,"key":"SMITH"},{"data":"Armaments","floor":30.0,"key":"SMITH"},{"floor":32.0,"key":"DIG"},{"data":"Offering","floor":40.0,"key":"SMITH"}],"neow_cost":"PERCENT_DAMAGE","seed_source_timestamp":0,"circlet_count":0,"master_deck":["AscendersBane","Bash+1","Feed+1","Shrug It Off","True Grit+1","Evolve","Spot Weakness","Offering+1","Entrench+1","Body Slam","Fiend Fire+1","Rage","Body Slam","Shrug It Off","Impervious","Shockwave","Armaments+1","Immolate","Offering","Intimidate+1"],"special_seed":0,"relics":["Burning Blood","Omamori","Gremlin Horn","War Paint","Pen Nib","Oddly Smooth Stone","Pandora\u0027s Box","Shovel","Sundial","Cursed Key"],"potions_floor_usage":[],"damage_taken":[{"damage":12.0,"enemies":"Cultist","floor":1.0,"turns":4.0},{"damage":4.0,"enemies":"Small Slimes","floor":2.0,"turns":4.0},{"damage":0.0,"enemies":"2 Louse","floor":4.0,"turns":3.0},{"damage":10.0,"enemies":"3 Sentries","floor":6.0,"turns":13.0},{"damage":37.0,"enemies":"Exordium Thugs","floor":8.0,"turns":8.0},{"damage":0.0,"enemies":"2 Fungi Beasts","floor":11.0,"turns":5.0},{"damage":38.0,"enemies":"Lagavulin","floor":12.0,"turns":10.0},{"damage":1.0,"enemies":"Lots of Slimes","floor":13.0,"turns":5.0},{"damage":43.0,"enemies":"The Guardian","floor":16.0,"turns":19.0},{"damage":31.0,"enemies":"2 Thieves","floor":18.0,"turns":4.0},{"damage":29.0,"enemies":"Shell Parasite","floor":20.0,"turns":3.0},{"damage":26.0,"enemies":"Cultist and Chosen","floor":21.0,"turns":5.0},{"damage":12.0,"enemies":"Snake Plant","floor":27.0,"turns":4.0},{"damage":18.0,"enemies":"3 Cultists","floor":29.0,"turns":8.0},{"damage":6.0,"enemies":"Gremlin Leader","floor":31.0,"turns":3.0},{"damage":31.0,"enemies":"Collector","floor":33.0,"turns":8.0},{"damage":22.0,"enemies":"Orb Walker","floor":35.0,"turns":2.0},{"damage":23.0,"enemies":"3 Shapes","floor":36.0,"turns":2.0},{"damage":21.0,"enemies":"Spire Growth","floor":38.0,"turns":3.0},{"damage":14.0,"enemies":"Maw","floor":39.0,"turns":7.0},{"damage":0,"enemies":"3 Darklings","floor":41,"turns":1}],"seed_played":"-8891012695940646992","potions_obtained":[{"floor":2.0,"key":"SkillPotion"},{"floor":4.0,"key":"Fire Potion"},{"floor":13.0,"key":"SteroidPotion"},{"floor":16.0,"key":"Strength Potion"},{"floor":18.0,"key":"Regen Potion"},{"floor":21.0,"key":"Regen Potion"},{"floor":31.0,"key":"Swift Potion"},{"floor":35.0,"key":"Explosive Potion"},{"floor":39.0,"key":"Energy Potion"}],"is_trial":false,"path_per_floor":["M","M","T","M","$","E","R","M","T","R","M","E","M","$","R","B",null,"M","?","M","M","$","R","?","?","T","M","R","M","R","E","R","B",null,"M","M","$","M","M","R","M"],"character_chosen":"IRONCLAD","items_purchased":["Evolve","Oddly Smooth Stone","Impervious"],"campfire_rested":1,"item_purchase_floors":[5,14,22],"current_hp_per_floor":[47,52,52,61,61,60,60,33,33,33,43,11,20,20,49,12,77,52,52,38,22,22,22,22,107,107,105,105,108,108,108,108,83,104,88,71,71,56,48,48,48],"gold":117,"neow_bonus":"TRANSFORM_TWO_CARDS","is_prod":false,"is_daily":false,"chose_seed":false,"campfire_upgraded":6,"win_rate":0,"timestamp":1552296277,"path_taken":["M","?","?","M","$","E","R","?","T","R","M","E","M","$","R","BOSS","M","?","M","?","$","R","?","?","T","M","R","?","R","E","R","BOSS","M","M","$","M","M","R","M"],"build_version":"2019-01-23","purchased_purges":2,"victory":false,"max_hp_per_floor":[78,81,81,84,84,87,87,91,91,91,95,95,99,99,99,99,99,99,99,103,107,107,107,107,107,107,111,111,111,111,111,111,111,111,111,111,111,111,111,111,111],"card_choices":[{"not_picked":["Shrug It Off","Flex"],"picked":"True Grit","floor":1.0},{"not_picked":["Infernal Blade","Clash"],"picked":"Metallicize","floor":2.0},{"not_picked":["Clash","Havoc","Thunderclap"],"picked":"SKIP","floor":4.0},{"not_picked":["Sword Boomerang","Anger","Infernal Blade"],"picked":"SKIP","floor":6.0},{"not_picked":["True Grit","Thunderclap","Dark Embrace"],"picked":"SKIP","floor":8.0},{"not_picked":["Body Slam","Sword Boomerang"],"picked":"Spot Weakness","floor":11.0},{"not_picked":["Sever Soul","Clothesline","True Grit"],"picked":"SKIP","floor":12.0},{"not_picked":["Searing Blow","Flex","Armaments"],"picked":"SKIP","floor":13.0},{"not_picked":["Bludgeon","Juggernaut"],"picked":"Offering","floor":16.0},{"not_picked":["Heavy Blade","Clothesline","Warcry"],"picked":"SKIP","floor":18.0},{"not_picked":["Warcry","Twin Strike+1"],"picked":"Shrug It Off","floor":20.0},{"not_picked":["Warcry","Evolve","Sword Boomerang"],"picked":"SKIP","floor":21.0},{"not_picked":["Anger","Twin Strike"],"picked":"Shockwave","floor":27.0},{"not_picked":["Armaments","Thunderclap","Reckless Charge"],"picked":"SKIP","floor":29.0},{"not_picked":["Thunderclap","Reckless Charge"],"picked":"Armaments","floor":29.0},{"not_picked":["Pummel","Sword Boomerang+1"],"picked":"Immolate","floor":31.0},{"not_picked":["Reaper","Feed"],"picked":"Offering","floor":33.0},{"not_picked":["Perfected Strike","Wild Strike+1","Twin Strike"],"picked":"SKIP","floor":35.0},{"not_picked":["Clothesline","Thunderclap+1","Twin Strike"],"picked":"SKIP","floor":36.0},{"not_picked":["Twin Strike","Armaments"],"picked":"Intimidate+1","floor":38.0},{"not_picked":["Sword Boomerang","Uppercut+1","Fire Breathing"],"picked":"SKIP","floor":39.0}],"player_experience":2186446,"relics_obtained":[{"floor":3.0,"key":"Omamori"},{"floor":6.0,"key":"Gremlin Horn"},{"floor":9.0,"key":"War Paint"},{"floor":12.0,"key":"Pen Nib"},{"floor":31.0,"key":"Shovel"},{"floor":32.0,"key":"Sundial"}],"event_choices":[{"damage_healed":0.0,"max_hp_gain":0.0,"max_hp_loss":0.0,"gold_gain":0.0,"event_name":"N\u0027loth","player_choice":"Ignored","floor":19.0,"gold_loss":0.0,"damage_taken":0.0},{"damage_healed":0.0,"max_hp_gain":0.0,"max_hp_loss":0.0,"gold_gain":0.0,"event_name":"Vampires","player_choice":"Ignored","floor":24.0,"gold_loss":0.0,"damage_taken":0.0},{"cards_removed":["Rupture"],"damage_healed":85.0,"max_hp_gain":0.0,"max_hp_loss":0.0,"gold_gain":0.0,"event_name":"Bonfire Elementals","player_choice":"Offered Uncommon","floor":25.0,"gold_loss":0.0,"damage_taken":0.0}],"is_beta":false,"boss_relics":[{"not_picked":["Snecko Eye","Mark of Pain"],"picked":"Pandora\u0027s Box"},{"not_picked":["Black Blood","Busted Crown"],"picked":"Cursed Key"}],"items_purged_floors":[22,37],"is_endless":false,"potions_floor_spawned":[2,4,13,16,18,21,31,35,39],"killed_by":"3 Darklings","ascension_level":20}