{"gold_per_floor":[15,15,15,67,79,79,79,108,178,191,191,10,25,39,39,116,116,133,133,83,100,112,112,446,65,65,82,92,110,73,123,123,197,197,217,229,240,252,252,279,279,279,305,305,322,322,422,128,128,128,128,128,128,128,157,157],"floor_reached":57,"playtime":2502,"items_purged":["Strike_R","Bash+1","Uppercut+1"],"score":3279,"play_id":"2d7c8f47-1f60-4158-9fa4-81cd52c5fc73","local_time":"20190409185350","is_ascension_mode":true,"campfire_choices":[{"data":"Bash","floor":6,"key":"SMITH"},{"data":"Disarm","floor":11,"key":"SMITH"},{"data":"Pommel Strike","floor":15,"key":"SMITH"},{"data":"Evolve","floor":23,"key":"SMITH"},{"floor":32,"key":"REST"},{"data":"Impatience","floor":41,"key":"SMITH"},{"floor":44,"key":"RECALL"},{"data":"Shrug It Off","floor":49,"key":"SMITH"},{"data":"Inflame","floor":53,"key":"SMITH"}],"neow_cost":"NO_GOLD","seed_source_timestamp":0,"circlet_count":0,"master_deck":["AscendersBane","Defend_R","Defend_R","Defend_R","Defend_R","Disarm+1","Impatience+1","Pommel Strike+1","Offering","Limit Break+1","Evolve+1","Second Wind","Inflame+1","Impervious","Shrug It Off+1","Panacea","Barricade"],"relics":["Burning Blood","Ice Cream","Anchor","Self Forming Clay","Sundial","Astrolabe","Old Coin","TheAbacus","Runic Dome","Bag of Preparation","Art of War","StoneCalendar","Lantern","Bag of Marbles"],"potions_floor_usage":[16,16,24,56,56],"damage_taken":[{"damage":7,"enemies":"Small Slimes","floor":1,"turns":5},{"damage":4,"enemies":"Jaw Worm","floor":5,"turns":4},{"damage":21,"enemies":"Lagavulin","floor":8,"turns":8},{"damage":0,"enemies":"2 Louse","floor":10,"turns":3},{"damage":0,"enemies":"Blue Slaver","floor":13,"turns":4},{"damage":0,"enemies":"2 Fungi Beasts","floor":14,"turns":4},{"damage":10,"enemies":"The Guardian","floor":16,"turns":12},{"damage":18,"enemies":"2 Thieves","floor":18,"turns":4},{"damage":8,"enemies":"Chosen","floor":21,"turns":5},{"damage":21,"enemies":"Snecko","floor":22,"turns":3},{"damage":25,"enemies":"Book of Stabbing","floor":24,"turns":7},{"damage":0,"enemies":"Snake Plant","floor":27,"turns":6},{"damage":6,"enemies":"Sentry and Sphere","floor":28,"turns":3},{"damage":6,"enemies":"Snecko","floor":29,"turns":4},{"damage":6,"enemies":"Champ","floor":33,"turns":7},{"damage":6,"enemies":"3 Shapes","floor":35,"turns":4},{"damage":6,"enemies":"Orb Walker","floor":36,"turns":3},{"damage":6,"enemies":"3 Darklings","floor":37,"turns":3},{"damage":6,"enemies":"Maw","floor":38,"turns":3},{"damage":6,"enemies":"Giant Head","floor":40,"turns":4},{"damage":6,"enemies":"Spire Growth","floor":45,"turns":3},{"damage":6,"enemies":"Mind Bloom Boss Battle","floor":47,"turns":3},{"damage":6,"enemies":"Donu and Deca","floor":50,"turns":2},{"damage":6,"enemies":"Time Eater","floor":51,"turns":4},{"damage":6,"enemies":"Shield and Spear","floor":55,"turns":2},{"damage":6,"enemies":"The Heart","floor":56,"turns":5}],"seed_played":"7810164478413461014","potions_obtained":[{"floor":8,"key":"Weak Potion"},{"floor":13,"key":"SkillPotion"},{"floor":18,"key":"PowerPotion"},{"floor":22,"key":"GamblersBrew"}],"is_trial":false,"path_per_floor":["M","?","?","T","M","R","?","E","T","M","R","$","M","M","R","B",null,"M","?","?","M","M","R","E","$","T","M","M","M","$","?","R","B",null,"M","M","M","M","?","E","R","?","T","R","M","?","?","$","R","B","B",null,"R","$","E","B",null],"character_chosen":"IRONCLAD","items_purchased":["Impatience","TheAbacus","PowerPotion","Inflame","Lantern"],"campfire_rested":1,"item_purchase_floors":[12,25,25,30,48],"current_hp_per_floor":[67,67,60,60,62,62,62,47,47,53,53,53,59,65,65,61,72,60,60,60,58,43,43,24,24,24,30,30,30,30,23,45,45,68,68,68,68,68,68,68,68,58,58,58,58,58,58,58,58,58,58,68,68,68,68,68],"gold":157,"neow_bonus":"ONE_RARE_RELIC","is_prod":false,"is_daily":false,"chose_seed":true,"campfire_upgraded":7,"win_rate":0,"timestamp":1554803630,"path_taken":["M","?","?","?","M","R","?","E","T","?","R","$","M","M","R","BOSS","M","?","?","?","M","R","E","$","T","M","M","M","?","?","R","BOSS","M","M","M","M","?","E","R","?","T","R","M","?","?","$","R","BOSS","BOSS","R","$","E","BOSS"],"build_version":"2019-01-23","purchased_purges":3,"victory":true,"max_hp_per_floor":[75,75,75,75,75,75,75,75,75,75,75,75,75,75,75,75,75,75,75,75,75,75,75,75,75,75,75,75,75,75,75,75,75,75,75,75,75,75,71,71,71,71,71,71,71,71,71,71,71,71,71,71,71,71,71,71],"card_choices":[{"not_picked":["Warcry","Intimidate","Reckless Charge"],"picked":"SKIP","floor":1},{"not_picked":["Heavy Blade","True Grit"],"picked":"Iron Wave","floor":5},{"not_picked":["Sever Soul","Perfected Strike","Headbutt"],"picked":"SKIP","floor":8},{"not_picked":["Sever Soul","Combust"],"picked":"Disarm","floor":10},{"not_picked":["Reckless Charge","Infernal Blade","Cleave"],"picked":"SKIP","floor":13},{"not_picked":["Body Slam","Armaments"],"picked":"Pommel Strike","floor":14},{"not_picked":["Double Tap","Impervious"],"picked":"Offering","floor":16},{"not_picked":["Clothesline","Twin Strike","Anger"],"picked":"SKIP","floor":18},{"not_picked":["Anger","Flex","Wild Strike"],"picked":"SKIP","floor":21},{"not_picked":["Disarm+1","Flex"],"picked":"Evolve","floor":22},{"not_picked":["Body Slam","Demon Form","Twin Strike"],"picked":"SKIP","floor":24},{"not_picked":["Headbutt","Clothesline","Perfected Strike"],"picked":"SKIP","floor":27},{"not_picked":["Bloodletting","Cleave"],"picked":"Second Wind","floor":28},{"not_picked":["Sever Soul","Havoc","Sword Boomerang"],"picked":"SKIP","floor":29},{"not_picked":["Bludgeon","Limit Break"],"picked":"Impervious","floor":33},{"not_picked":["Entrench","Warcry"],"picked":"Shrug It Off","floor":35},{"not_picked":["Rupture","Headbutt+1","Cleave"],"picked":"SKIP","floor":36},{"not_picked":["Perfected Strike+1","Body Slam","Sword Boomerang"],"picked":"SKIP","floor":37},{"not_picked":["Anger","Spot Weakness","Havoc"],"picked":"SKIP","floor":38},{"not_picked":["Sword Boomerang","Entrench+1","Hemokinesis"],"picked":"SKIP","floor":40},{"not_picked":["Sadistic Nature","Flash of Steel"],"picked":"Panacea","floor":42},{"not_picked":["Second Wind","Armaments","Pommel Strike"],"picked":"SKIP","floor":45},{"not_picked":["Havoc+1","Thunderclap"],"picked":"Barricade","floor":55}],"player_experience":3009286,"relics_obtained":[{"floor":4,"key":"Anchor"},{"floor":8,"key":"Self Forming Clay"},{"floor":9,"key":"Sundial"},{"floor":24,"key":"Old Coin"},{"floor":40,"key":"Bag of Preparation"},{"floor":43,"key":"Art of War"},{"floor":47,"key":"StoneCalendar"},{"floor":55,"key":"Bag of Marbles"}],"event_choices":[{"cards_removed":["Strike_R"],"damage_healed":0,"gold_gain":0,"player_choice":"Forget","damage_taken":0,"max_hp_gain":0,"max_hp_loss":0,"event_name":"Living Wall","floor":2,"gold_loss":0},{"cards_removed":["Strike_R"],"damage_healed":0,"gold_gain":0,"player_choice":"Card Removal","damage_taken":7,"max_hp_gain":0,"max_hp_loss":0,"event_name":"Golden Wing","floor":3,"gold_loss":0},{"damage_healed":0,"gold_gain":0,"player_choice":"Ignored","damage_taken":0,"max_hp_gain":0,"max_hp_loss":0,"event_name":"Liars Game","floor":7,"gold_loss":0},{"cards_removed":["Clash"],"damage_healed":0,"gold_gain":0,"player_choice":"Elegance","damage_taken":0,"max_hp_gain":0,"max_hp_loss":0,"event_name":"Back to Basics","floor":19,"gold_loss":0},{"damage_healed":0,"gold_gain":0,"player_choice":"Bet on Murderer","damage_taken":0,"max_hp_gain":0,"max_hp_loss":0,"event_name":"The Joust","floor":20,"gold_loss":50},{"damage_healed":0,"gold_gain":50,"player_choice":"Touch","damage_taken":7,"max_hp_gain":0,"max_hp_loss":0,"event_name":"FaceTrader","floor":31,"gold_loss":0},{"damage_healed":0,"gold_gain":0,"player_choice":"Max HP","damage_taken":0,"max_hp_gain":0,"max_hp_loss":4,"event_name":"Winding Halls","floor":39,"gold_loss":0},{"damage_healed":0,"gold_gain":0,"player_choice":"Memory 3","damage_taken":10,"max_hp_gain":0,"max_hp_loss":0,"event_name":"SensoryStone","floor":42,"gold_loss":0},{"damage_healed":0,"gold_gain":0,"player_choice":"Ignored","damage_taken":0,"max_hp_gain":0,"max_hp_loss":0,"event_name":"Mysterious Sphere","floor":46,"gold_loss":0},{"damage_healed":0,"gold_gain":0,"player_choice":"Fight","damage_taken":0,"max_hp_gain":0,"max_hp_loss":0,"event_name":"MindBloom","floor":47,"gold_loss":0}],"is_beta":false,"boss_relics":[{"not_picked":["Lizard Tail","Runic Cube"],"picked":"Astrolabe"},{"not_picked":["Black Blood","Busted Crown"],"picked":"Runic Dome"}],"items_purged_floors":[12,25,48],"is_endless":false,"potions_floor_spawned":[8,13,14,18,22,27,28,36,37,47,55],"ascension_level":20}