{"gold_per_floor":[116,116,116,133,133,167,167,182,207,132,142,168,168,184,184,259,259,269,369,369,369,385,385,385,385,385,413,328,344,362,377,377,456,456,476,34,34,47,66,66,79,114,139,139,154,184,184,219,219,219,219,219,219,30,57,57],"floor_reached":57,"playtime":2380,"items_purged":["Strike_R","Strike_R+1"],"score":3140,"play_id":"1af0fbce-e970-4602-8ac7-7e2996478b86","local_time":"20190401145658","is_ascension_mode":true,"campfire_choices":[{"data":"Fiend Fire","floor":7,"key":"SMITH"},{"data":"Whirlwind","floor":13,"key":"SMITH"},{"data":"Bash","floor":15,"key":"SMITH"},{"data":"Juggernaut","floor":23,"key":"SMITH"},{"data":"Second Wind","floor":25,"key":"SMITH"},{"data":"Armaments","floor":32,"key":"SMITH"},{"data":"Entrench","floor":40,"key":"SMITH"},{"floor":47,"key":"RECALL"},{"data":"Shrug It Off","floor":49,"key":"SMITH"},{"data":"Ghostly","floor":53,"key":"SMITH"}],"neow_cost":"NONE","seed_source_timestamp":271102542574200,"circlet_count":0,"master_deck":["AscendersBane","Strike_R+1","Strike_R+1","Strike_R+1","Defend_R+1","Defend_R+1","Defend_R+1","Defend_R+1","Bash+1","Entrench+1","Fiend Fire+1","Whirlwind+1","Battle Trance","Juggernaut+1","Second Wind+1","Ghostly+1","Ghostly","Ghostly","Shrug It Off+1","Armaments+1","Impervious+1","Entrench+1","Rampage","Impatience"],"relics":["Burning Blood","NeowsBlessing","Happy Flower","Bronze Scales","Bag of Marbles","Bag of Preparation","Runic Pyramid","Bird Faced Urn","Blue Candle","The Courier","Ancient Tea Set","Singing Bowl","Busted Crown","Calipers","Gremlin Horn","Kunai","Meat on the Bone","Bottled Lightning"],"potions_floor_usage":[16,16,33,33,50,56,56],"damage_taken":[{"damage":0,"enemies":"Jaw Worm","floor":1,"turns":1},{"damage":0,"enemies":"2 Louse","floor":4,"turns":2},{"damage":0,"enemies":"Gremlin Nob","floor":6,"turns":1},{"damage":0,"enemies":"Cultist","floor":8,"turns":3},{"damage":7,"enemies":"Large Slime","floor":11,"turns":4},{"damage":50,"enemies":"Lagavulin","floor":12,"turns":8},{"damage":0,"enemies":"Looter","floor":14,"turns":2},{"damage":24,"enemies":"Hexaghost","floor":16,"turns":5},{"damage":0,"enemies":"Shell Parasite","floor":18,"turns":1},{"damage":13,"enemies":"Colosseum Slavers","floor":19,"turns":1},{"damage":9,"enemies":"Colosseum Nobs","floor":19,"turns":5},{"damage":0,"enemies":"Spheric Guardian","floor":22,"turns":2},{"damage":3,"enemies":"Gremlin Leader","floor":27,"turns":4},{"damage":2,"enemies":"Cultist and Chosen","floor":29,"turns":5},{"damage":3,"enemies":"Shelled Parasite and Fungi","floor":30,"turns":3},{"damage":0,"enemies":"Centurion and Healer","floor":31,"turns":3},{"damage":36,"enemies":"Automaton","floor":33,"turns":15},{"damage":0,"enemies":"3 Darklings","floor":35,"turns":6},{"damage":0,"enemies":"3 Shapes","floor":38,"turns":5},{"damage":1,"enemies":"Writhing Mass","floor":39,"turns":6},{"damage":0,"enemies":"Sphere and 2 Shapes","floor":41,"turns":6},{"damage":0,"enemies":"Reptomancer","floor":42,"turns":5},{"damage":0,"enemies":"4 Shapes","floor":45,"turns":4},{"damage":0,"enemies":"Giant Head","floor":46,"turns":16},{"damage":0,"enemies":"Reptomancer","floor":48,"turns":4},{"damage":0,"enemies":"Awakened One","floor":50,"turns":16},{"damage":0,"enemies":"Donu and Deca","floor":51,"turns":17},{"damage":0,"enemies":"Shield and Spear","floor":55,"turns":12},{"damage":4,"enemies":"The Heart","floor":56,"turns":10}],"seed_played":"4743018491766868331","potions_obtained":[{"floor":1,"key":"Weak Potion"},{"floor":4,"key":"SkillPotion"},{"floor":19,"key":"GamblersBrew"},{"floor":22,"key":"EssenceOfSteel"},{"floor":33,"key":"EssenceOfSteel"},{"floor":35,"key":"SteroidPotion"}],"is_trial":false,"path_per_floor":["M","?","?","M","?","E","R","M","T","$","M","E","R","M","R","B",null,"M","?","?","?","M","R","?","R","T","E","?","M","M","M","R","B",null,"M","$","?","M","M","R","M","E","T","?","M","E","R","E","R","B","B",null,"R","$","E","B",null],"character_chosen":"IRONCLAD","items_purchased":["Calipers","Entrench","PowerPotion","Rampage","Impatience","Energy Potion"],"campfire_rested":0,"item_purchase_floors":[36,36,36,54,54,54],"current_hp_per_floor":[74,69,46,52,52,58,58,64,64,64,63,19,19,25,25,7,58,64,54,33,33,39,39,39,39,39,40,40,40,40,42,42,12,35,43,43,43,46,48,48,50,52,52,52,54,56,56,58,58,58,58,58,58,58,60,60],"gold":57,"neow_bonus":"THREE_ENEMY_KILL","is_prod":false,"is_daily":false,"chose_seed":false,"campfire_upgraded":9,"win_rate":0,"timestamp":1554098218,"path_taken":["M","?","?","M","?","E","R","M","T","$","M","E","R","?","R","BOSS","M","?","?","?","?","R","?","R","T","E","?","M","M","M","R","BOSS","M","$","?","M","?","R","?","E","T","?","M","E","R","E","R","BOSS","BOSS","R","$","E","BOSS"],"build_version":"2019-01-23","purchased_purges":2,"victory":true,"max_hp_per_floor":[75,75,75,75,75,75,75,75,75,75,75,75,75,75,75,75,75,75,75,80,80,80,80,40,40,40,40,40,40,40,42,42,42,42,44,44,44,46,48,48,50,52,52,52,54,56,56,58,58,58,58,58,58,58,60,60],"card_choices":[{"not_picked":["Reckless Charge","Spot Weakness"],"picked":"Entrench","floor":1},{"not_picked":["Havoc","Wild Strike","Clothesline"],"picked":"SKIP","floor":4},{"not_picked":["Battle Trance","Iron Wave"],"picked":"Fiend Fire","floor":6},{"not_picked":["Thunderclap","Sword Boomerang","Clothesline"],"picked":"SKIP","floor":8},{"not_picked":["Twin Strike","Havoc"],"picked":"Whirlwind","floor":11},{"not_picked":["Perfected Strike","Blood for Blood","Rupture"],"picked":"SKIP","floor":12},{"not_picked":["Entrench","Warcry"],"picked":"Battle Trance","floor":14},{"not_picked":["Dark Embrace","Exhume"],"picked":"Juggernaut","floor":16},{"not_picked":["Searing Blow","Perfected Strike+1","Havoc"],"picked":"SKIP","floor":18},{"not_picked":["Corruption","Havoc"],"picked":"Second Wind","floor":19},{"not_picked":["Iron Wave","Rage","Headbutt"],"picked":"SKIP","floor":22},{"not_picked":["Cleave","Headbutt","Anger"],"picked":"SKIP","floor":27},{"not_picked":["Combust","Iron Wave"],"picked":"Shrug It Off","floor":29},{"not_picked":["Iron Wave","Inflame"],"picked":"Armaments","floor":30},{"not_picked":["Clothesline+1","Burning Pact","Warcry"],"picked":"Singing Bowl","floor":31},{"not_picked":["Double Tap","Demon Form"],"picked":"Impervious","floor":33},{"not_picked":["Clothesline+1"],"picked":"Singing Bowl","floor":35},{"not_picked":["Anger"],"picked":"Singing Bowl","floor":38},{"not_picked":["Shrug It Off"],"picked":"Singing Bowl","floor":39},{"not_picked":["Headbutt+1"],"picked":"Singing Bowl","floor":41},{"not_picked":["Carnage"],"picked":"Singing Bowl","floor":42},{"not_picked":["Thunderclap"],"picked":"Singing Bowl","floor":45},{"not_picked":["Uppercut"],"picked":"Singing Bowl","floor":46},{"not_picked":["Dual Wield+1"],"picked":"Singing Bowl","floor":48},{"not_picked":["Limit Break"],"picked":"Singing Bowl","floor":55}],"player_experience":2801143,"relics_obtained":[{"floor":6,"key":"Bronze Scales"},{"floor":9,"key":"Bag of Marbles"},{"floor":12,"key":"Bag of Preparation"},{"floor":19,"key":"Bird Faced Urn"},{"floor":19,"key":"Blue Candle"},{"floor":26,"key":"The Courier"},{"floor":27,"key":"Ancient Tea Set"},{"floor":42,"key":"Gremlin Horn"},{"floor":46,"key":"Kunai"},{"floor":48,"key":"Meat on the Bone"},{"floor":55,"key":"Bottled Lightning"}],"event_choices":[{"damage_healed":0,"gold_gain":0,"player_choice":"Success","damage_taken":5,"relics_obtained":["Happy Flower"],"max_hp_gain":0,"max_hp_loss":0,"event_name":"Scrap Ooze","floor":2,"gold_loss":0},{"damage_healed":0,"gold_gain":0,"player_choice":"Entered Light","damage_taken":23,"max_hp_gain":0,"max_hp_loss":0,"event_name":"Shining Light","floor":3,"gold_loss":0,"cards_upgraded":["Defend_R","Strike_R"]},{"damage_healed":0,"gold_gain":0,"player_choice":"Upgraded","damage_taken":0,"max_hp_gain":0,"max_hp_loss":0,"event_name":"Upgrade Shrine","floor":5,"gold_loss":0,"cards_upgraded":["Entrench"]},{"damage_healed":0,"gold_gain":0,"player_choice":"Fight","damage_taken":0,"max_hp_gain":0,"max_hp_loss":0,"event_name":"Colosseum","floor":19,"gold_loss":0},{"damage_healed":0,"gold_gain":0,"player_choice":"Fought Nobs","damage_taken":0,"max_hp_gain":0,"max_hp_loss":0,"event_name":"Colosseum","floor":19,"gold_loss":0},{"damage_healed":0,"gold_gain":0,"player_choice":"Shed Blood","damage_taken":26,"max_hp_gain":5,"max_hp_loss":0,"event_name":"Forgotten Altar","floor":20,"gold_loss":0},{"damage_healed":0,"gold_gain":0,"player_choice":"Simplicity","damage_taken":0,"max_hp_gain":0,"max_hp_loss":0,"event_name":"Back to Basics","floor":21,"gold_loss":0,"cards_upgraded":["Strike_R","Strike_R","Strike_R","Defend_R","Defend_R","Defend_R"]},{"damage_healed":0,"gold_gain":0,"player_choice":"Became a Ghost","damage_taken":0,"max_hp_gain":0,"max_hp_loss":40,"event_name":"Ghosts","floor":24,"gold_loss":0,"cards_obtained":["Ghostly","Ghostly","Ghostly"]},{"damage_healed":0,"gold_gain":0,"player_choice":"Obtained Relic","damage_taken":0,"relics_obtained":["Singing Bowl"],"max_hp_gain":0,"max_hp_loss":0,"event_name":"Addict","floor":28,"gold_loss":85},{"damage_healed":0,"gold_gain":0,"player_choice":"0 cards matched","damage_taken":0,"max_hp_gain":0,"max_hp_loss":0,"event_name":"Match and Keep!","floor":37,"gold_loss":0,"cards_obtained":[]},{"damage_healed":0,"gold_gain":0,"player_choice":"Forge","damage_taken":0,"max_hp_gain":0,"max_hp_loss":0,"event_name":"Accursed Blacksmith","floor":44,"gold_loss":0,"cards_upgraded":["Impervious"]}],"is_beta":false,"boss_relics":[{"not_picked":["Mark of Pain","Runic Cube"],"picked":"Runic Pyramid"},{"not_picked":["Empty Cage","Snecko Eye"],"picked":"Busted Crown"}],"items_purged_floors":[10,36],"is_endless":false,"potions_floor_spawned":[1,4,6,14,19,22,31,33,35,38,39,48],"ascension_level":20}