{"gold_per_floor":[113,128,145,14,14,14,40,40,40,54,0,57,76,96,96,173,173,188,188,206,206],"floor_reached":21,"playtime":977,"items_purged":[],"score":353,"play_id":"19a2dcc9-36c4-4c8a-9210-0c91b644d078","local_time":"20190416183156","is_ascension_mode":true,"campfire_choices":[{"floor":6.0,"key":"REST"},{"floor":8.0,"key":"REST"},{"floor":15.0,"key":"REST"}],"neow_cost":"NONE","seed_source_timestamp":0,"circlet_count":0,"master_deck":["AscendersBane","Strike_B","Strike_B","Strike_B","Defend_B","Defend_B","Defend_B","Defend_B","Zap","Dualcast","Cold Snap","Redo","Streamline","Hello World","Ball Lightning","Amplify","Ball Lightning","Steam","Cold Snap","Self Repair","Rainbow","Self Repair","Cold Snap"],"special_seed":0,"relics":["Cracked Core","Art of War","Du-Vu Doll","Turnip","Gremlin Horn","Nuclear Battery"],"potions_floor_usage":[18,18],"damage_taken":[{"damage":4.0,"enemies":"2 Louse","floor":1.0,"turns":2.0},{"damage":0.0,"enemies":"Cultist","floor":2.0,"turns":3.0},{"damage":10.0,"enemies":"Small Slimes","floor":3.0,"turns":3.0},{"damage":22.0,"enemies":"3 Sentries","floor":7.0,"turns":6.0},{"damage":0.0,"enemies":"3 Louse","floor":10.0,"turns":1.0},{"damage":35.0,"enemies":"Lagavulin Event","floor":12.0,"turns":5.0},{"damage":7.0,"enemies":"Lots of Slimes","floor":13.0,"turns":2.0},{"damage":7.0,"enemies":"Red Slaver","floor":14.0,"turns":3.0},{"damage":29.0,"enemies":"Hexaghost","floor":16.0,"turns":12.0},{"damage":17,"enemies":"3 Byrds","floor":18,"turns":5},{"damage":29,"enemies":"2 Thieves","floor":20,"turns":4},{"damage":34,"enemies":"Shelled Parasite and Fungi","floor":21,"turns":2}],"seed_played":"-7292401805585357733","potions_obtained":[{"floor":1.0,"key":"FocusPotion"},{"floor":7.0,"key":"Explosive Potion"},{"floor":12.0,"key":"FearPotion"},{"floor":14.0,"key":"AttackPotion"},{"floor":20,"key":"GamblersBrew"}],"is_trial":false,"path_per_floor":["M","M","M","$","?","R","E","R","T","M","$","?","M","M","R","B",null,"M","?","M","M"],"character_chosen":"DEFECT","items_purchased":["Hello World","Ball Lightning","Ball Lightning"],"campfire_rested":3,"item_purchase_floors":[4,4,11],"current_hp_per_floor":[60,60,50,50,50,71,49,70,70,70,70,35,28,21,42,20,58,48,48,33,0],"gold":206,"neow_bonus":"RANDOM_COMMON_RELIC","is_prod":false,"is_daily":false,"chose_seed":false,"campfire_upgraded":0,"win_rate":0,"timestamp":1555428716,"path_taken":["M","M","M","$","?","R","E","R","T","?","$","?","M","M","R","BOSS","M","?","M","M"],"build_version":"2019-01-23","purchased_purges":0,"victory":false,"max_hp_per_floor":[71,71,71,71,71,71,71,71,71,71,71,71,71,71,71,71,71,71,71,71,71],"card_choices":[{"not_picked":["Glacier","Go for the Eyes"],"picked":"Cold Snap","floor":1.0},{"not_picked":["Rip and Tear","Auto Shields"],"picked":"Redo","floor":2.0},{"not_picked":["Steam","Compile Driver"],"picked":"Streamline","floor":3.0},{"not_picked":["Conserve Battery","Skim"],"picked":"Amplify","floor":7.0},{"not_picked":["Rebound","Rip and Tear","Go for the Eyes"],"picked":"SKIP","floor":10.0},{"not_picked":["Beam Cell","Genetic Algorithm"],"picked":"Steam","floor":12.0},{"not_picked":["Turbo","Melter"],"picked":"Cold Snap","floor":13.0},{"not_picked":["Coolheaded","Heatsinks"],"picked":"Self Repair","floor":14.0},{"not_picked":["Amplify","Seek"],"picked":"Rainbow","floor":16.0},{"not_picked":["Sweeping Beam","Genetic Algorithm","Turbo"],"picked":"SKIP","floor":18},{"not_picked":["Leap+1","Stack"],"picked":"Cold Snap","floor":20}],"player_experience":1199993,"relics_obtained":[{"floor":7.0,"key":"Du-Vu Doll"},{"floor":9.0,"key":"Turnip"},{"floor":12.0,"key":"Gremlin Horn"}],"event_choices":[{"cards_removed":["Strike_B"],"damage_healed":0.0,"max_hp_gain":0.0,"max_hp_loss":0.0,"gold_gain":0.0,"event_name":"Bonfire Elementals","player_choice":"Offered Basic","floor":5.0,"gold_loss":0.0,"damage_taken":0.0},{"damage_healed":0.0,"max_hp_gain":0.0,"max_hp_loss":0.0,"gold_gain":30.0,"event_name":"Dead Adventurer","player_choice":"Searched \u00272\u0027 times","floor":12.0,"gold_loss":0.0,"damage_taken":0.0},{"damage_healed":0,"gold_gain":0,"player_choice":"Copied","damage_taken":0,"max_hp_gain":0,"max_hp_loss":0,"event_name":"Duplicator","floor":19,"gold_loss":0,"cards_obtained":["Self Repair"]}],"is_beta":false,"boss_relics":[{"not_picked":["FrozenCore","Sozu"],"picked":"Nuclear Battery"}],"items_purged_floors":[],"is_endless":false,"potions_floor_spawned":[1,7,12,14,20],"killed_by":"Shelled Parasite and Fungi","ascension_level":19}