{"gold_per_floor":[131,142,142,142,176,206,206,262,262,262,292,292,4,4],"floor_reached":14,"playtime":410,"items_purged":[],"score":212,"play_id":"e930382d-68d3-4198-8630-71d714e3e4b4","local_time":"20190210144458","is_ascension_mode":true,"campfire_choices":[{"data":"HandOfGreed","floor":7,"key":"SMITH"},{"data":"Zap","floor":10,"key":"SMITH"},{"data":"Capacitor","floor":12,"key":"SMITH"}],"neow_cost":"CURSE","seed_source_timestamp":419664328375900,"circlet_count":0,"master_deck":["AscendersBane","Strike_B","Strike_B","Strike_B","Defend_B","Defend_B","Defend_B","Defend_B","Zap+1","Dualcast","Dramatic Entrance","HandOfGreed+1","Gash","Steam Power","Capacitor+1","Chill","Chill","Apotheosis","Coolheaded","Gash"],"relics":["Cracked Core","Meat on the Bone","Dream Catcher","Bottled Lightning","Bag of Marbles"],"potions_floor_usage":[6,8,14],"damage_taken":[{"damage":0,"enemies":"Small Slimes","floor":1,"turns":2},{"damage":3,"enemies":"2 Louse","floor":2,"turns":2},{"damage":0,"enemies":"Cultist","floor":5,"turns":3},{"damage":13,"enemies":"Lagavulin","floor":6,"turns":7},{"damage":6,"enemies":"Gremlin Nob","floor":8,"turns":3},{"damage":16,"enemies":"Lagavulin","floor":11,"turns":7},{"damage":29,"enemies":"Gremlin Nob","floor":14,"turns":4}],"seed_played":"366192677899237276","potions_obtained":[{"floor":1,"key":"Block Potion"},{"floor":6,"key":"AttackPotion"},{"floor":11,"key":"SpeedPotion"}],"is_trial":false,"path_per_floor":["M","M","?","?","M","E","R","E","T","R","E","R","$","E"],"character_chosen":"DEFECT","items_purchased":["Apotheosis","Coolheaded","Gash"],"campfire_rested":0,"item_purchase_floors":[13,13,13],"current_hp_per_floor":[64,61,54,54,54,41,41,35,35,35,31,31,31,2],"gold":4,"neow_bonus":"RANDOM_COLORLESS_2","is_prod":false,"is_daily":false,"chose_seed":false,"campfire_upgraded":3,"win_rate":0,"timestamp":1549777498,"path_taken":["M","M","?","?","M","E","R","E","T","R","E","R","$","E"],"build_version":"2019-01-23","purchased_purges":0,"victory":false,"max_hp_per_floor":[71,71,68,68,68,68,68,68,68,68,68,68,68,68],"card_choices":[{"not_picked":["Conserve Battery","Streamline"],"picked":"Gash","floor":1},{"not_picked":["Steam","Redo","Turbo"],"picked":"SKIP","floor":2},{"not_picked":["Darkness","Lockon"],"picked":"Capacitor","floor":5},{"not_picked":["Turbo","Steam"],"picked":"Chill","floor":6},{"not_picked":["Go for the Eyes","Sweeping Beam","Blizzard"],"picked":"SKIP","floor":8},{"not_picked":["Compile Driver","Hello World"],"picked":"Chill","floor":11}],"player_experience":1492816,"relics_obtained":[{"floor":6,"key":"Meat on the Bone"},{"floor":8,"key":"Dream Catcher"},{"floor":9,"key":"Bottled Lightning"},{"floor":11,"key":"Bag of Marbles"}],"event_choices":[{"cards_removed":["Parasite"],"damage_healed":0,"gold_gain":0,"player_choice":"Card Removal","damage_taken":7,"max_hp_gain":0,"max_hp_loss":0,"event_name":"Golden Wing","floor":3,"gold_loss":0},{"damage_healed":0,"gold_gain":0,"cards_transformed":["Strike_B"],"player_choice":"Transformed","damage_taken":0,"max_hp_gain":0,"max_hp_loss":0,"event_name":"Transmorgrifier","floor":4,"gold_loss":0,"cards_obtained":["Steam Power"]}],"is_beta":false,"boss_relics":[],"items_purged_floors":[],"is_endless":false,"potions_floor_spawned":[1,6,11],"killed_by":"Gremlin Nob","ascension_level":20}