{"gold_per_floor":[117,117,42,56,66,96,96,131,131,131,143,143,143,161,161,238,238,253,67,67,67,67,67,67,117,117,117,135,166,166,186,186,264,264,284,284,284,296,221,221,221,221,221,221,255,272,320,334,334,334,334,334,334,83,83],"floor_reached":55,"playtime":1567,"items_purged":["Regret"],"score":1813,"play_id":"4b14a753-c509-4a2d-9418-51f52135f274","local_time":"20190328211315","is_ascension_mode":true,"campfire_choices":[{"floor":7.0,"key":"REST"},{"data":"Armaments","floor":10.0,"key":"SMITH"},{"floor":12.0,"key":"REST"},{"data":"Barricade","floor":15.0,"key":"SMITH"},{"floor":23.0,"key":"REST"},{"floor":27.0,"key":"RECALL"},{"floor":30.0,"key":"REST"},{"floor":32.0,"key":"REST"},{"floor":40.0,"key":"REST"},{"floor":42.0,"key":"REST"},{"floor":49.0,"key":"REST"},{"floor":53,"key":"REST"}],"neow_cost":"TEN_PERCENT_HP_LOSS","seed_source_timestamp":7213107137200,"circlet_count":0,"master_deck":["AscendersBane","Strike_R","Strike_R","Strike_R","Strike_R","Defend_R","Defend_R","Defend_R","Defend_R","Bash","Body Slam","Spot Weakness","Sword Boomerang","Armaments+1","Shrug It Off","Barricade+1","Offering","Seeing Red","Shrug It Off","True Grit","Body Slam+1","Sentinel","Shrug It Off","Demon Form+1","Second Wind+1","Battle Trance+1","Seeing Red+1"],"special_seed":0,"relics":["Burning Blood","Magic Flower","Pantograph","Turnip","Ornamental Fan","WingedGreaves","Fusion Hammer","Potion Belt","Self Forming Clay","Anchor","Molten Egg 2","Frozen Egg 2","Busted Crown","WarpedTongs","Mercury Hourglass","Omamori","Bag of Preparation"],"potions_floor_usage":[51,51],"damage_taken":[{"damage":17.0,"enemies":"2 Louse","floor":1.0,"turns":3.0},{"damage":7.0,"enemies":"Small Slimes","floor":4.0,"turns":3.0},{"damage":11.0,"enemies":"Jaw Worm","floor":5.0,"turns":4.0},{"damage":50.0,"enemies":"3 Sentries","floor":6.0,"turns":12.0},{"damage":25.0,"enemies":"Lagavulin","floor":8.0,"turns":7.0},{"damage":22.0,"enemies":"Lots of Slimes","floor":11.0,"turns":5.0},{"damage":5.0,"enemies":"Looter","floor":14.0,"turns":4.0},{"damage":40.0,"enemies":"Slime Boss","floor":16.0,"turns":13.0},{"damage":14.0,"enemies":"Shell Parasite","floor":18.0,"turns":4.0},{"damage":32.0,"enemies":"Chosen","floor":28.0,"turns":4.0},{"damage":19.0,"enemies":"Book of Stabbing","floor":29.0,"turns":5.0},{"damage":12.0,"enemies":"Snake Plant","floor":31.0,"turns":5.0},{"damage":27.0,"enemies":"Collector","floor":33.0,"turns":9.0},{"damage":40.0,"enemies":"3 Darklings","floor":35.0,"turns":5.0},{"damage":4.0,"enemies":"3 Shapes","floor":38.0,"turns":9.0},{"damage":42.0,"enemies":"Giant Head","floor":45.0,"turns":8.0},{"damage":6.0,"enemies":"Maw","floor":46.0,"turns":6.0},{"damage":6.0,"enemies":"Sphere and 2 Shapes","floor":48.0,"turns":4.0},{"damage":45.0,"enemies":"Awakened One","floor":50.0,"turns":11.0},{"damage":84,"enemies":"Donu and Deca","floor":51,"turns":13},{"damage":71,"enemies":"Shield and Spear","floor":55,"turns":3}],"seed_played":"3271718707408636396","potions_obtained":[{"floor":1.0,"key":"Weak Potion"},{"floor":4.0,"key":"SpeedPotion"},{"floor":8.0,"key":"SpeedPotion"},{"floor":18.0,"key":"Dexterity Potion"},{"floor":33.0,"key":"Regen Potion"},{"floor":38.0,"key":"Regen Potion"},{"floor":45.0,"key":"SkillPotion"}],"is_trial":false,"path_per_floor":["M","?","$","M","M","E","R","E","T","R","M","R","?","M","R","B",null,"M","$","?","$","?","R","?","T","T","R","M","E","R","M","R","B",null,"M","?","?","M","?","R","$","R","T","$","E","M","T","M","R","B","B",null,"R","$","E"],"character_chosen":"IRONCLAD","items_purchased":["Potion Belt","Shrug It Off","Bag of Preparation","LiquidBronze"],"campfire_rested":9,"item_purchase_floors":[19,19,54,54],"current_hp_per_floor":[60,60,60,62,60,19,39,23,23,23,10,30,23,27,27,34,60,55,55,55,55,55,68,68,68,68,68,45,35,55,52,68,50,64,33,33,33,38,38,58,58,68,68,68,35,38,38,41,61,32,68,68,68,68,0],"gold":83,"neow_bonus":"ONE_RARE_RELIC","is_prod":false,"is_daily":false,"chose_seed":false,"campfire_upgraded":2,"win_rate":0,"timestamp":1553775195,"path_taken":["M","?","$","M","M","E","R","E","T","R","M","R","?","?","R","BOSS","M","?","?","$","?","R","?","?","T","R","M","E","R","?","R","BOSS","M","?","?","?","?","R","$","R","T","$","E","?","?","M","R","BOSS","BOSS","R","$","E"],"build_version":"2019-01-23","purchased_purges":1,"victory":false,"max_hp_per_floor":[68,68,68,68,68,68,68,68,68,68,68,68,68,68,68,68,68,68,68,68,68,68,68,68,68,68,68,68,68,68,68,68,68,68,68,68,68,68,68,68,68,68,68,68,68,68,68,68,68,68,68,68,68,68,68],"card_choices":[{"not_picked":["Infernal Blade","Armaments"],"picked":"Body Slam","floor":1.0},{"not_picked":["Sword Boomerang","Havoc"],"picked":"Spot Weakness","floor":4.0},{"not_picked":["Perfected Strike","Infernal Blade","Rage"],"picked":"SKIP","floor":5.0},{"not_picked":["Warcry","Brutality"],"picked":"Sword Boomerang","floor":6.0},{"not_picked":["Thunderclap","Body Slam"],"picked":"Armaments","floor":8.0},{"not_picked":["Flex","Pommel Strike"],"picked":"Shrug It Off","floor":11.0},{"not_picked":["Perfected Strike","Anger"],"picked":"Barricade","floor":14.0},{"not_picked":["Juggernaut","Barricade"],"picked":"Offering","floor":16.0},{"not_picked":["Anger","Uppercut"],"picked":"Seeing Red","floor":18.0},{"not_picked":["Metallicize","Pummel+1"],"picked":"Body Slam+1","floor":28.0},{"not_picked":["Thunderclap+1","Intimidate"],"picked":"Sentinel","floor":29.0},{"not_picked":["Clash+1","Twin Strike+1"],"picked":"Shrug It Off","floor":31.0},{"not_picked":["Juggernaut+1","Berserk+1"],"picked":"Demon Form+1","floor":33.0},{"not_picked":[],"picked":"Second Wind+1","floor":35.0},{"not_picked":[],"picked":"Battle Trance+1","floor":38.0},{"not_picked":[],"picked":"Seeing Red+1","floor":45.0},{"not_picked":["Rupture+1"],"picked":"SKIP","floor":46.0},{"not_picked":["Perfected Strike+1"],"picked":"SKIP","floor":48.0}],"player_experience":2688054,"relics_obtained":[{"floor":6.0,"key":"Turnip"},{"floor":8.0,"key":"Ornamental Fan"},{"floor":9.0,"key":"WingedGreaves"},{"floor":25.0,"key":"Anchor"},{"floor":26.0,"key":"Molten Egg 2"},{"floor":29.0,"key":"Frozen Egg 2"},{"floor":45.0,"key":"Mercury Hourglass"},{"floor":47.0,"key":"Omamori"}],"event_choices":[{"damage_healed":0.0,"max_hp_gain":0.0,"max_hp_loss":0.0,"gold_gain":0.0,"event_name":"Big Fish","player_choice":"Box","floor":2.0,"gold_loss":0.0,"damage_taken":0.0,"relics_obtained":["Pantograph"],"cards_obtained":["Regret"]},{"cards_removed":["Strike_R"],"damage_healed":0.0,"max_hp_gain":0.0,"max_hp_loss":0.0,"gold_gain":0.0,"event_name":"Golden Wing","player_choice":"Card Removal","floor":13.0,"gold_loss":0.0,"damage_taken":7.0},{"damage_healed":0.0,"max_hp_gain":0.0,"max_hp_loss":0.0,"gold_gain":0.0,"event_name":"Addict","player_choice":"Stole Relic","floor":20.0,"gold_loss":0.0,"damage_taken":0.0,"relics_obtained":["Self Forming Clay"],"cards_obtained":["Shame"]},{"cards_removed":["Shame"],"damage_healed":0.0,"max_hp_gain":0.0,"max_hp_loss":0.0,"gold_gain":0.0,"event_name":"Back to Basics","player_choice":"Elegance","floor":22.0,"gold_loss":0.0,"damage_taken":0.0},{"damage_healed":0.0,"max_hp_gain":0.0,"max_hp_loss":0.0,"gold_gain":0.0,"event_name":"The Library","player_choice":"Read","floor":24.0,"gold_loss":0.0,"damage_taken":0.0,"cards_obtained":["True Grit"]},{"damage_healed":0.0,"max_hp_gain":0.0,"max_hp_loss":0.0,"gold_gain":0.0,"event_name":"Mysterious Sphere","player_choice":"Ignored","floor":36.0,"gold_loss":0.0,"damage_taken":0.0},{"damage_healed":0.0,"max_hp_gain":0.0,"max_hp_loss":0.0,"gold_gain":0.0,"event_name":"Accursed Blacksmith","player_choice":"Rummage","floor":37.0,"gold_loss":0.0,"damage_taken":0.0,"relics_obtained":["WarpedTongs"],"cards_obtained":["Pain"]},{"cards_removed":["Pain"],"damage_healed":0.0,"max_hp_gain":0.0,"max_hp_loss":0.0,"gold_gain":0.0,"event_name":"Designer","player_choice":"Single Remove","floor":39.0,"gold_loss":75.0,"damage_taken":0.0}],"is_beta":false,"boss_relics":[{"not_picked":["Orrery","Ectoplasm"],"picked":"Fusion Hammer"},{"not_picked":["Mark of Pain","Eternal Feather"],"picked":"Busted Crown"}],"items_purged_floors":[3],"is_endless":false,"potions_floor_spawned":[1,4,8,18,33,38,45],"killed_by":"Shield and Spear","ascension_level":20}