{"gold_per_floor":[17,92,147,162,162,162,177,177,177,198,255,0,35,48,48,123,123,134,134,145,145,163,196,121,121,145,145,170,170,242,260,260,337,337,347,362,374,62,82,108,108,124,150,150,179,179,196,196,196,196,196,196,196,2,27,27],"floor_reached":57,"playtime":2860,"items_purged":["Defend_B"],"score":2741,"play_id":"afcf30df-72b7-4e5b-b5f7-109c4c49a4a1","local_time":"20190224145402","is_ascension_mode":true,"campfire_choices":[{"data":"Electrodynamics","floor":6,"key":"SMITH"},{"data":"Consume","floor":8,"key":"SMITH"},{"data":"Loop","floor":15,"key":"SMITH"},{"data":"Fission","floor":25,"key":"SMITH"},{"floor":29,"key":"REST"},{"data":"Hologram","floor":32,"key":"SMITH"},{"data":"Amplify","floor":41,"key":"SMITH"},{"data":"Thunder Strike","floor":44,"key":"SMITH"},{"floor":46,"key":"RECALL"},{"data":"Force Field","floor":49,"key":"SMITH"},{"data":"Rainbow","floor":53,"key":"SMITH"}],"neow_cost":"NO_GOLD","seed_source_timestamp":354129193118300,"circlet_count":0,"master_deck":["AscendersBane","Defend_B","Defend_B","Defend_B","Zap","Dualcast","Electrodynamics+1","White Noise","Consume+1","Coolheaded","Loop+1","Ball Lightning","Fission+1","Darkness","Force Field+1","Self Repair","Recycle","Meteor Strike","Thunder Strike+1","Hologram+1","Amplify+1","Doom and Gloom","Tempest+1","All For One","Core Surge","Rainbow+1","Tempest+1","Undo+1","Glacier"],"relics":["Cracked Core","Potion Belt","Meat on the Bone","Odd Mushroom","Tiny Chest","Blood Vial","Prayer Wheel","Snecko Eye","Mercury Hourglass","Centennial Puzzle","Nilry\u0027s Codex","Regal Pillow","Cables","Coffee Dripper","Boot","Molten Egg 2","Orichalcum"],"potions_floor_usage":[11,16,20,23,33,33,50,50,50,55,56,56,56,56],"damage_taken":[{"damage":19,"enemies":"Jaw Worm","floor":1,"turns":4},{"damage":2,"enemies":"2 Louse","floor":4,"turns":2},{"damage":14,"enemies":"Small Slimes","floor":7,"turns":3},{"damage":18,"enemies":"The Mushroom Lair","floor":10,"turns":3},{"damage":8,"enemies":"Gremlin Nob","floor":11,"turns":3},{"damage":15,"enemies":"Lagavulin","floor":13,"turns":6},{"damage":27,"enemies":"3 Louse","floor":14,"turns":3},{"damage":13,"enemies":"Slime Boss","floor":16,"turns":5},{"damage":32,"enemies":"Shell Parasite","floor":18,"turns":5},{"damage":7,"enemies":"Chosen","floor":20,"turns":5},{"damage":10,"enemies":"Centurion and Healer","floor":22,"turns":5},{"damage":32,"enemies":"Slavers","floor":23,"turns":3},{"damage":2,"enemies":"Book of Stabbing","floor":28,"turns":4},{"damage":0,"enemies":"Sentry and Sphere","floor":31,"turns":1},{"damage":4,"enemies":"Collector","floor":33,"turns":5},{"damage":11,"enemies":"Orb Walker","floor":35,"turns":2},{"damage":34,"enemies":"3 Shapes","floor":36,"turns":3},{"damage":27,"enemies":"Maw","floor":37,"turns":5},{"damage":0,"enemies":"Spire Growth","floor":39,"turns":2},{"damage":19,"enemies":"Reptomancer","floor":40,"turns":3},{"damage":0,"enemies":"Transient","floor":42,"turns":6},{"damage":0,"enemies":"Giant Head","floor":45,"turns":5},{"damage":0,"enemies":"Writhing Mass","floor":47,"turns":2},{"damage":39,"enemies":"Awakened One","floor":50,"turns":4},{"damage":31,"enemies":"Donu and Deca","floor":51,"turns":4},{"damage":44,"enemies":"Shield and Spear","floor":55,"turns":3},{"damage":17,"enemies":"The Heart","floor":56,"turns":10}],"seed_played":"4970772970624505077","potions_obtained":[{"floor":7,"key":"Fire Potion"},{"floor":11,"key":"Poison Potion"},{"floor":14,"key":"Regen Potion"},{"floor":16,"key":"Strength Potion"},{"floor":20,"key":"SmokeBomb"},{"floor":22,"key":"SkillPotion"},{"floor":28,"key":"FocusPotion"},{"floor":37,"key":"Regen Potion"},{"floor":42,"key":"Dexterity Potion"},{"floor":47,"key":"Strength Potion"},{"floor":48,"key":"FocusPotion"},{"floor":48,"key":"Fire Potion"},{"floor":55,"key":"Dexterity Potion"}],"is_trial":false,"path_per_floor":["M","?","T","M","?","R","M","R","T","?","E","$","E","M","R","B",null,"M","?","M","?","M","E","?","R","T","?","E","R","T","M","R","B",null,"M","M","M","$","M","E","R","M","T","R","E","R","M","?","R","B","B",null,"R","$","E","B",null],"character_chosen":"DEFECT","items_purchased":["Blood Vial","Loop","All For One","FocusPotion","FocusPotion","PowerPotion","Poison Potion"],"campfire_rested":1,"item_purchase_floors":[12,12,38,38,54,54,54],"current_hp_per_floor":[45,34,34,32,55,55,41,41,41,35,39,39,38,25,25,40,63,45,45,40,40,44,33,33,33,33,12,24,60,60,69,69,71,71,67,47,41,41,43,45,45,54,54,54,56,56,58,58,58,33,16,57,57,57,27,31],"gold":27,"neow_bonus":"THREE_RARE_CARDS","is_prod":false,"is_daily":false,"chose_seed":false,"campfire_upgraded":9,"win_rate":0,"timestamp":1550987642,"path_taken":["M","?","?","M","?","R","M","R","T","?","E","$","E","M","R","BOSS","M","?","M","?","?","E","?","R","T","?","E","R","?","M","R","BOSS","M","M","M","$","M","E","R","M","T","R","E","R","M","?","R","BOSS","BOSS","R","$","E","BOSS"],"build_version":"2019-01-23","purchased_purges":1,"victory":true,"max_hp_per_floor":[71,71,71,71,71,71,71,71,71,71,71,71,71,71,71,71,71,71,71,71,71,71,71,71,71,71,71,71,71,71,71,71,71,71,71,71,71,71,71,71,71,71,71,71,71,71,71,71,71,71,71,71,71,71,71,71],"card_choices":[{"not_picked":["Seek","Buffer"],"picked":"Electrodynamics","floor":0},{"not_picked":["Steam","Leap"],"picked":"White Noise","floor":1},{"not_picked":["Steam","Redo"],"picked":"Consume","floor":4},{"not_picked":["Hologram","Lockon","Double Energy"],"picked":"SKIP","floor":7},{"not_picked":["Auto Shields","Fusion"],"picked":"Coolheaded","floor":11},{"not_picked":["Beam Cell","Scrape","Meteor Strike"],"picked":"SKIP","floor":13},{"not_picked":["Streamline","Leap"],"picked":"Ball Lightning","floor":14},{"not_picked":["Heatsinks","Compile Driver","Go for the Eyes"],"picked":"SKIP","floor":14},{"not_picked":["Multi-Cast","Echo Form"],"picked":"Fission","floor":16},{"not_picked":["Sweeping Beam","Go for the Eyes","Compile Driver"],"picked":"SKIP","floor":18},{"not_picked":["Skim","Beam Cell","Turbo"],"picked":"SKIP","floor":18},{"not_picked":["Biased Cognition","Rebound"],"picked":"Self Repair","floor":20},{"not_picked":["Conserve Battery+1","Genetic Algorithm"],"picked":"Recycle","floor":20},{"not_picked":["Melter","Conserve Battery","Redo"],"picked":"SKIP","floor":22},{"not_picked":["Fusion","Self Repair","Lockon"],"picked":"SKIP","floor":22},{"not_picked":["Consume","Turbo","Static Discharge"],"picked":"SKIP","floor":23},{"not_picked":["Gash","Leap","Barrage"],"picked":"SKIP","floor":28},{"not_picked":["Steam+1","Go for the Eyes"],"picked":"Thunder Strike","floor":31},{"not_picked":["Compile Driver","Hologram","Turbo"],"picked":"SKIP","floor":31},{"not_picked":["Compile Driver","Turbo"],"picked":"Hologram","floor":31},{"not_picked":["Electrodynamics","Biased Cognition"],"picked":"Amplify","floor":33},{"not_picked":["Barrage","Steam"],"picked":"Doom and Gloom","floor":35},{"not_picked":["Go for the Eyes+1","Ball Lightning","Beam Cell"],"picked":"SKIP","floor":35},{"not_picked":["Gash+1","Hello World","Darkness+1"],"picked":"SKIP","floor":36},{"not_picked":["Steam Power","White Noise","Gash"],"picked":"SKIP","floor":36},{"not_picked":["Auto Shields","Cold Snap"],"picked":"Tempest+1","floor":37},{"not_picked":["Compile Driver","Aggregate","Chill"],"picked":"SKIP","floor":37},{"not_picked":["Aggregate+1","Lockon"],"picked":"Core Surge","floor":39},{"not_picked":["Hologram","Ball Lightning+1","Stack"],"picked":"SKIP","floor":39},{"not_picked":["Force Field","Sweeping Beam"],"picked":"Rainbow","floor":40},{"not_picked":["Gash","Rebound"],"picked":"Tempest+1","floor":42},{"not_picked":["Sweeping Beam","Turbo","Compile Driver+1"],"picked":"SKIP","floor":42},{"not_picked":["Hello World","Ball Lightning"],"picked":"Undo+1","floor":45},{"not_picked":["Hologram","Coolheaded","Rebound+1"],"picked":"SKIP","floor":47},{"not_picked":["Leap+1","Conserve Battery","Cold Snap+1"],"picked":"SKIP","floor":47},{"not_picked":["Amplify","Undo"],"picked":"Glacier","floor":55}],"player_experience":1793948,"relics_obtained":[{"floor":3,"key":"Potion Belt"},{"floor":9,"key":"Meat on the Bone"},{"floor":10,"key":"Odd Mushroom"},{"floor":11,"key":"Tiny Chest"},{"floor":13,"key":"Prayer Wheel"},{"floor":23,"key":"Mercury Hourglass"},{"floor":26,"key":"Centennial Puzzle"},{"floor":27,"key":"Nilry\u0027s Codex"},{"floor":28,"key":"Regal Pillow"},{"floor":30,"key":"Cables"},{"floor":40,"key":"Boot"},{"floor":45,"key":"Molten Egg 2"},{"floor":55,"key":"Orichalcum"}],"event_choices":[{"damage_healed":0,"gold_gain":75,"player_choice":"Gather Gold","damage_taken":11,"max_hp_gain":0,"max_hp_loss":0,"event_name":"World of Goop","floor":2,"gold_loss":0},{"damage_healed":23,"gold_gain":0,"player_choice":"Banana","damage_taken":0,"max_hp_gain":0,"max_hp_loss":0,"event_name":"Big Fish","floor":5,"gold_loss":0},{"damage_healed":0,"gold_gain":0,"player_choice":"Fought Mushrooms","damage_taken":0,"max_hp_gain":0,"max_hp_loss":0,"event_name":"Mushrooms","floor":10,"gold_loss":0},{"damage_healed":0,"gold_gain":0,"cards_transformed":["Strike_B","Strike_B"],"player_choice":"Became Test Subject","damage_taken":0,"max_hp_gain":0,"max_hp_loss":0,"event_name":"Drug Dealer","floor":19,"gold_loss":0,"cards_obtained":["Darkness","Force Field"]},{"damage_healed":0,"gold_gain":0,"cards_transformed":["Strike_B"],"player_choice":"Transformed","damage_taken":0,"max_hp_gain":0,"max_hp_loss":0,"event_name":"Transmorgrifier","floor":21,"gold_loss":0,"cards_obtained":["Meteor Strike"]},{"cards_removed":["Strike_B"],"damage_healed":0,"gold_gain":0,"player_choice":"Gave Gold","damage_taken":0,"max_hp_gain":0,"max_hp_loss":0,"event_name":"Beggar","floor":24,"gold_loss":75},{"damage_healed":0,"gold_gain":0,"player_choice":"Obtained Book","damage_taken":21,"max_hp_gain":0,"max_hp_loss":0,"event_name":"Cursed Tome","floor":27,"gold_loss":0},{"damage_healed":0,"gold_gain":0,"player_choice":"Got Potions","damage_taken":0,"max_hp_gain":0,"max_hp_loss":0,"event_name":"Lab","floor":48,"gold_loss":0}],"is_beta":false,"boss_relics":[{"not_picked":["Tiny House","Black Star"],"picked":"Snecko Eye"},{"not_picked":["Astrolabe","Pandora\u0027s Box"],"picked":"Coffee Dripper"}],"items_purged_floors":[38],"is_endless":false,"potions_floor_spawned":[7,11,14,16,20,22,28,37,42,47,55],"ascension_level":20}