{"gold_per_floor":[114,124,199,214,232,232,267,267,267,267,232,260,260,435,435,530,530,546,546,546,91,109,136,136,136,136,136,151,151,168,168,168,168],"floor_reached":33,"playtime":1837,"items_purged":[],"score":298,"play_id":"57d080ff-d6b3-491e-8bf1-642a74bee02e","local_time":"20181222175539","is_ascension_mode":false,"campfire_choices":[{"floor":6.0,"key":"REST"},{"floor":8.0,"key":"REST"},{"floor":13.0,"key":"RECALL"},{"data":"Noxious Fumes","floor":15,"key":"SMITH"},{"floor":25,"key":"REST"},{"floor":27,"key":"REST"},{"data":"Envenom","floor":32,"key":"SMITH"}],"neow_cost":"NONE","seed_source_timestamp":2782436007123,"circlet_count":0,"master_deck":["Defend_G","Defend_G","Defend_G","Defend_G","Defend_G","Strike_G+1","Strike_G","Strike_G+1","Strike_G","Strike_G","Survivor","Neutralize","Poisoned Stab","Noxious Fumes+1","Deadly Poison","Bane","Doubt","Envenom+1","Bane","Bane","Footwork","Poisoned Stab","Deadly Poison","Bandage Up","Backstab+1","Poisoned Stab","Poisoned Stab+1"],"special_seed":0,"relics":["Ring of the Snake","Sundial","Ginger","Mango","Orrery","Ornamental Fan","Ninja Scroll","Calipers"],"potions_floor_usage":[16,18,22,22,23,24],"damage_taken":[{"damage":0.0,"enemies":"Jaw Worm","floor":1.0,"turns":5.0},{"damage":0.0,"enemies":"2 Louse","floor":2.0,"turns":3.0},{"damage":0.0,"enemies":"Small Slimes","floor":4.0,"turns":2.0},{"damage":7.0,"enemies":"Exordium Wildlife","floor":5.0,"turns":5.0},{"damage":30.0,"enemies":"Gremlin Nob","floor":7.0,"turns":5.0},{"damage":13.0,"enemies":"Lagavulin","floor":12.0,"turns":6.0},{"damage":22,"enemies":"The Guardian","floor":16,"turns":9},{"damage":27,"enemies":"3 Byrds","floor":18,"turns":5},{"damage":4,"enemies":"Shell Parasite","floor":22,"turns":6},{"damage":28,"enemies":"Slavers","floor":23,"turns":6},{"damage":0,"enemies":"Snake Plant","floor":24,"turns":1},{"damage":7,"enemies":"Centurion and Healer","floor":28,"turns":6},{"damage":0,"enemies":"Chosen and Byrds","floor":30,"turns":5},{"damage":101,"enemies":"Collector","floor":33,"turns":6}],"seed_played":"-4554684491547635353","potions_obtained":[{"floor":0.0,"key":"Explosive Potion"},{"floor":0.0,"key":"Fire Potion"},{"floor":0.0,"key":"EntropicBrew"},{"floor":7.0,"key":"Regen Potion"},{"floor":12.0,"key":"Dexterity Potion"},{"floor":18,"key":"SmokeBomb"},{"floor":22,"key":"Strength Potion"}],"is_trial":false,"path_per_floor":["M","M","?","M","M","R","E","R","T","?","?","E","R","?","R","B",null,"M","?","?","$","M","E","M","R","T","R","M","$","M","?","R","B"],"character_chosen":"THE_SILENT","items_purchased":["Deadly Poison","Bandage Up","Ornamental Fan","Block Potion"],"campfire_rested":4,"item_purchase_floors":[21,21,21,21],"current_hp_per_floor":[70,70,59,59,52,70,40,61,61,47,64,79,79,79,79,57,84,57,57,57,57,57,33,33,58,58,83,80,80,84,84,84,0],"gold":168,"neow_bonus":"THREE_SMALL_POTIONS","is_prod":false,"is_daily":false,"chose_seed":false,"campfire_upgraded":2,"win_rate":0,"timestamp":1545494139,"path_taken":["M","M","?","M","M","R","E","R","T","?","?","E","R","?","R","BOSS","M","?","?","$","M","E","M","R","T","R","?","$","M","?","R","BOSS"],"build_version":"2018-12-20","purchased_purges":0,"victory":false,"max_hp_per_floor":[70,70,70,70,70,70,70,70,70,70,70,84,84,84,84,84,84,84,84,84,84,84,84,84,84,84,84,84,84,84,84,84,84],"card_choices":[{"not_picked":["Outmaneuver","Flying Knee"],"picked":"Poisoned Stab","floor":1.0},{"not_picked":["Skewer","Masterful Stab","Prepared"],"picked":"SKIP","floor":2.0},{"not_picked":["Dagger Throw","Deflect","Dagger Spray"],"picked":"SKIP","floor":4.0},{"not_picked":["Terror","Quick Slash"],"picked":"Noxious Fumes","floor":5.0},{"not_picked":["Slice","Accuracy"],"picked":"Deadly Poison","floor":7.0},{"not_picked":["Grand Finale","Flying Knee"],"picked":"Bane","floor":12.0},{"not_picked":["Storm of Steel","Doppelganger"],"picked":"Envenom","floor":16},{"not_picked":["Finisher","Sucker Punch"],"picked":"Bane","floor":17},{"not_picked":["Outmaneuver","Deflect"],"picked":"Bane","floor":17},{"not_picked":["Outmaneuver","Skewer"],"picked":"Footwork","floor":17},{"not_picked":["Blade Dance","Dagger Throw"],"picked":"Poisoned Stab","floor":18},{"not_picked":["Reflex","Quick Slash"],"picked":"Backstab+1","floor":22},{"not_picked":["PiercingWail","Endless Agony"],"picked":"Poisoned Stab","floor":23},{"not_picked":["Dagger Spray","Endless Agony"],"picked":"Poisoned Stab+1","floor":28},{"not_picked":["Well Laid Plans","Outmaneuver+1","Unload"],"picked":"SKIP","floor":30}],"player_experience":857700,"relics_obtained":[{"floor":7.0,"key":"Sundial"},{"floor":9.0,"key":"Ginger"},{"floor":12.0,"key":"Mango"},{"floor":23,"key":"Ninja Scroll"}],"event_choices":[{"damage_healed":0.0,"max_hp_gain":0.0,"max_hp_loss":0.0,"gold_gain":75.0,"event_name":"World of Goop","player_choice":"Gather Gold","floor":3.0,"gold_loss":0.0,"damage_taken":11.0},{"damage_healed":0.0,"max_hp_gain":0.0,"max_hp_loss":0.0,"gold_gain":0.0,"event_name":"Shining Light","player_choice":"Entered Light","floor":10.0,"gold_loss":0.0,"damage_taken":14.0,"cards_upgraded":["Strike_G","Strike_G"]},{"damage_healed":17.0,"max_hp_gain":0.0,"max_hp_loss":0.0,"gold_gain":0.0,"event_name":"The Cleric","player_choice":"Healed","floor":11.0,"gold_loss":35.0,"damage_taken":0.0},{"damage_healed":0,"gold_gain":175,"player_choice":"AGREE","damage_taken":0,"max_hp_gain":0,"max_hp_loss":0,"event_name":"Liars Game","floor":14,"gold_loss":0,"cards_obtained":["Doubt"]},{"damage_healed":0,"gold_gain":0,"player_choice":"Ignored","damage_taken":0,"max_hp_gain":0,"max_hp_loss":0,"event_name":"Cursed Tome","floor":19,"gold_loss":0},{"damage_healed":0,"gold_gain":0,"player_choice":"0 cards matched","damage_taken":0,"max_hp_gain":0,"max_hp_loss":0,"event_name":"Match and Keep!","floor":20,"gold_loss":0,"cards_obtained":[]},{"damage_healed":0,"gold_gain":0,"player_choice":"Opened","damage_taken":0,"relics_obtained":["Calipers"],"max_hp_gain":0,"max_hp_loss":0,"event_name":"The Mausoleum","floor":31,"gold_loss":0}],"is_beta":false,"boss_relics":[{"not_picked":["White Beast Statue","Pandora\u0027s Box"],"picked":"Orrery"}],"items_purged_floors":[],"is_endless":false,"potions_floor_spawned":[7,12,18,22],"killed_by":"Collector","ascension_level":0}