{"gold_per_floor":[111,127,200,211,131,131,47,47,101,127,127,171,171,192,192,291,291,305,305,21,21,21,21,54,54,54,78,96,17,17,17,17,17],"floor_reached":33,"playtime":1525,"items_purged":[],"score":515,"play_id":"199866c7-dc1a-4d9e-ac64-fd32d6cf8748","local_time":"20190412174527","is_ascension_mode":true,"campfire_choices":[{"floor":6.0,"key":"REST"},{"floor":8.0,"key":"REST"},{"floor":13.0,"key":"REST"},{"floor":15.0,"key":"REST"},{"floor":23.0,"key":"REST"},{"floor":25.0,"key":"REST"},{"floor":30.0,"key":"REST"},{"floor":32,"key":"REST"}],"neow_cost":"NONE","seed_source_timestamp":86169133575480,"circlet_count":0,"master_deck":["AscendersBane","Strike_B","Strike_B","Strike_B","Strike_B","Defend_B","Defend_B","Defend_B","Defend_B","Zap","Dualcast","Meteor Strike","Darkness","Sunder","Steam","Melter","Loop","Hello World","Injury","Redo","Darkness","Biased Cognition","Compile Driver","Chaos","Metamorphosis","Writhe","Ball Lightning","Barrage","Rainbow","Heatsinks"],"special_seed":0,"relics":["Cracked Core","Orichalcum","Meat on the Bone","Golden Idol","StoneCalendar","Bird Faced Urn","Oddly Smooth Stone","Ornamental Fan"],"potions_floor_usage":[31],"damage_taken":[{"damage":9.0,"enemies":"Jaw Worm","floor":1.0,"turns":4.0},{"damage":2.0,"enemies":"2 Louse","floor":2.0,"turns":2.0},{"damage":14.0,"enemies":"Small Slimes","floor":4.0,"turns":3.0},{"damage":15.0,"enemies":"Lagavulin","floor":10.0,"turns":6.0},{"damage":38.0,"enemies":"Gremlin Nob","floor":12.0,"turns":6.0},{"damage":1.0,"enemies":"2 Fungi Beasts","floor":14.0,"turns":3.0},{"damage":42.0,"enemies":"The Guardian","floor":16.0,"turns":9.0},{"damage":18.0,"enemies":"Spheric Guardian","floor":18.0,"turns":4.0},{"damage":42.0,"enemies":"Gremlin Leader","floor":24.0,"turns":7.0},{"damage":23.0,"enemies":"Shell Parasite","floor":27.0,"turns":5.0},{"damage":28.0,"enemies":"Sentry and Sphere","floor":28.0,"turns":5.0},{"damage":0,"enemies":"Snake Plant","floor":31,"turns":1},{"damage":100,"enemies":"Collector","floor":33,"turns":5}],"seed_played":"4384131060318096672","potions_obtained":[{"floor":4.0,"key":"PowerPotion"},{"floor":12.0,"key":"Swift Potion"},{"floor":14.0,"key":"FocusPotion"},{"floor":16.0,"key":"GamblersBrew"},{"floor":24.0,"key":"Strength Potion"},{"floor":27.0,"key":"Fire Potion"},{"floor":28.0,"key":"SmokeBomb"}],"is_trial":false,"path_per_floor":["M","M","?","M","$","R","$","R","T","E","?","E","R","M","R","B",null,"M","?","$","?","?","R","E","R","T","M","M","$","R","M","R","B"],"character_chosen":"DEFECT","items_purchased":["Melter","Loop","Chaos","Metamorphosis","Heatsinks"],"campfire_rested":8,"item_purchase_floors":[5,7,20,20,29],"current_hp_per_floor":[55,53,53,39,39,60,60,71,71,56,56,30,51,50,71,41,64,46,46,46,46,46,67,43,64,64,47,35,35,56,56,71,0],"gold":17,"neow_bonus":"ONE_RANDOM_RARE_CARD","is_prod":false,"is_daily":false,"chose_seed":false,"campfire_upgraded":0,"win_rate":0,"timestamp":1555080327,"path_taken":["M","M","?","M","$","R","$","R","T","E","?","E","R","?","R","BOSS","M","?","$","?","?","R","E","R","T","M","M","$","R","M","R","BOSS"],"build_version":"2019-01-23","purchased_purges":0,"victory":false,"max_hp_per_floor":[71,71,71,71,71,71,71,71,71,71,71,71,71,71,71,71,71,71,71,71,71,71,71,71,71,71,71,71,71,71,71,71,71],"card_choices":[{"not_picked":["Gash","Lockon"],"picked":"Darkness","floor":1.0},{"not_picked":["Beam Cell","Go for the Eyes"],"picked":"Sunder","floor":2.0},{"not_picked":["Barrage","Steam Power"],"picked":"Steam","floor":4.0},{"not_picked":["Leap","Redo"],"picked":"Hello World","floor":10.0},{"not_picked":["Conserve Battery","Streamline"],"picked":"Redo","floor":12.0},{"not_picked":["Ball Lightning","Stack"],"picked":"Darkness","floor":14.0},{"not_picked":["All For One","Meteor Strike"],"picked":"Biased Cognition","floor":16.0},{"not_picked":["Leap","Turbo+1"],"picked":"Compile Driver","floor":18.0},{"not_picked":["Steam","Go for the Eyes"],"picked":"Ball Lightning","floor":24.0},{"not_picked":["Consume","Doom and Gloom"],"picked":"Barrage","floor":27.0},{"not_picked":["Rebound","Leap"],"picked":"Rainbow","floor":28.0}],"player_experience":1187905,"relics_obtained":[{"floor":9.0,"key":"Orichalcum"},{"floor":10.0,"key":"Meat on the Bone"},{"floor":12.0,"key":"StoneCalendar"},{"floor":24.0,"key":"Oddly Smooth Stone"},{"floor":26.0,"key":"Ornamental Fan"}],"event_choices":[{"damage_healed":0.0,"max_hp_gain":0.0,"max_hp_loss":0.0,"gold_gain":73.0,"event_name":"Golden Wing","player_choice":"Gained Gold","floor":3.0,"gold_loss":0.0,"damage_taken":0.0},{"damage_healed":0.0,"max_hp_gain":0.0,"max_hp_loss":0.0,"gold_gain":0.0,"event_name":"Golden Idol","player_choice":"Take Wound","floor":11.0,"gold_loss":0.0,"damage_taken":0.0,"relics_obtained":["Golden Idol"],"cards_obtained":["Injury"]},{"damage_healed":0.0,"max_hp_gain":0.0,"max_hp_loss":0.0,"gold_gain":0.0,"event_name":"Beggar","player_choice":"Ignored","floor":19.0,"gold_loss":0.0,"damage_taken":0.0},{"damage_healed":0.0,"max_hp_gain":0.0,"max_hp_loss":0.0,"gold_gain":0.0,"event_name":"The Mausoleum","player_choice":"Opened","floor":21.0,"gold_loss":0.0,"damage_taken":0.0,"relics_obtained":["Bird Faced Urn"],"cards_obtained":["Writhe"]},{"damage_healed":0.0,"max_hp_gain":0.0,"max_hp_loss":0.0,"gold_gain":0.0,"event_name":"Vampires","player_choice":"Ignored","floor":22.0,"gold_loss":0.0,"damage_taken":0.0}],"is_beta":false,"boss_relics":[{"not_picked":["Runic Dome","Empty Cage","Velvet Choker"]}],"items_purged_floors":[],"is_endless":false,"potions_floor_spawned":[4,12,14,16,24,27,28],"killed_by":"Collector","ascension_level":18}