{"gold_per_floor":[109,124,46,65,65,96,96,114,140,140,154,79,110,110,110,213,213,227,142,174,174,187,187,206,206,231,231,16,71,85,110,110,209,209,222,88,106,126,126,126,126,126,177,191,191,191,191,225,225,225],"floor_reached":51,"playtime":3172,"items_purged":["Strike_G","Poisoned Stab","Strike_G+1"],"score":1010,"play_id":"cabc8ceb-6091-4cef-b9d8-1bd9afc75f68","local_time":"20190303012657","is_ascension_mode":true,"campfire_choices":[{"floor":7,"key":"REST"},{"floor":10,"key":"REST"},{"floor":15,"key":"REST"},{"data":"Accuracy","floor":23,"key":"SMITH"},{"data":"Footwork","floor":25,"key":"SMITH"},{"data":"Tools of the Trade","floor":27,"key":"SMITH"},{"data":"Burst","floor":32,"key":"SMITH"},{"data":"A Thousand Cuts","floor":40,"key":"SMITH"},{"data":"Noxious Fumes","floor":42,"key":"SMITH"},{"data":"Strike_G+1","floor":45,"key":"PURGE"},{"data":"Strike_G+1","floor":49,"key":"PURGE"}],"neow_cost":"PERCENT_DAMAGE","seed_source_timestamp":0,"circlet_count":0,"master_deck":["Defend_G+1","Defend_G+1","Defend_G+1","Defend_G+1","Defend_G+1","Survivor","Neutralize","Cloak And Dagger","Cloak And Dagger","A Thousand Cuts+1","Infinite Blades","Accuracy+1","Blade Dance","Footwork+1","Adrenaline","Tools of the Trade+1","Blade Dance","Burst+1","Blade Dance","Backstab","Cloak And Dagger+1","Blade Dance","Terror+1","Blur","Adrenaline","Infinite Blades","Finesse","Noxious Fumes+1","Distraction+1","Infinite Blades","Corpse Explosion","Blade Dance+1","Noxious Fumes+1","Blind","Well Laid Plans+1"],"special_seed":0,"relics":["Ring of the Snake","Prayer Wheel","Happy Flower","Bronze Scales","Dream Catcher","Bottled Tornado","Eternal Feather","Peace Pipe","Red Mask","Smiling Mask","Tiny Chest","Vajra","Busted Crown","Darkstone Periapt","Potion Belt","StoneCalendar"],"potions_floor_usage":[16,18,20,29,31,38,44,47,50],"damage_taken":[{"damage":3.0,"enemies":"2 Louse","floor":1.0,"turns":3.0},{"damage":0,"enemies":"Small Slimes","floor":2,"turns":3},{"damage":2,"enemies":"Jaw Worm","floor":4,"turns":4},{"damage":23,"enemies":"Gremlin Nob","floor":6,"turns":4},{"damage":6,"enemies":"Large Slime","floor":8,"turns":6},{"damage":5,"enemies":"Red Slaver","floor":11,"turns":4},{"damage":6,"enemies":"Lagavulin","floor":13,"turns":6},{"damage":1,"enemies":"Hexaghost","floor":16,"turns":8},{"damage":14,"enemies":"Chosen","floor":18,"turns":6},{"damage":12,"enemies":"Masked Bandits","floor":20,"turns":6},{"damage":0,"enemies":"3 Byrds","floor":22,"turns":4},{"damage":10,"enemies":"Snake Plant","floor":24,"turns":3},{"damage":4,"enemies":"Slavers","floor":29,"turns":5},{"damage":1,"enemies":"Centurion and Healer","floor":30,"turns":5},{"damage":20,"enemies":"Gremlin Leader","floor":31,"turns":4},{"damage":46,"enemies":"Automaton","floor":33,"turns":7},{"damage":0,"enemies":"Orb Walker","floor":35,"turns":3},{"damage":0,"enemies":"3 Shapes","floor":37,"turns":2},{"damage":0,"enemies":"Maw","floor":38,"turns":6},{"damage":17,"enemies":"Jaw Worm Horde","floor":44,"turns":5},{"damage":1,"enemies":"Writhing Mass","floor":47,"turns":2},{"damage":0,"enemies":"Nemesis","floor":48,"turns":7},{"damage":30,"enemies":"Donu and Deca","floor":50,"turns":6}],"seed_played":"-6445309432471758027","potions_obtained":[{"floor":1,"key":"Ancient Potion"},{"floor":8,"key":"Ancient Potion"},{"floor":13,"key":"Block Potion"},{"floor":16,"key":"Poison Potion"},{"floor":18,"key":"Fire Potion"},{"floor":20,"key":"PowerPotion"},{"floor":22,"key":"SkillPotion"},{"floor":33,"key":"Block Potion"},{"floor":46,"key":"SmokeBomb"},{"floor":46,"key":"SneckoOil"},{"floor":46,"key":"PowerPotion"},{"floor":48,"key":"FearPotion"}],"is_trial":false,"path_per_floor":["M","M","$","M","?","E","R","M","T","R","M","$","E","?","R","B",null,"M","?","?","?","M","R","M","R","T","R","$","E","M","E","R","B",null,"M","$","M","M","?","R","T","R","T","M","R","?","M","E","R","B",null],"character_chosen":"THE_SILENT","items_purchased":["Infinite Blades","Infinite Blades","Finesse","Noxious Fumes","Energy Potion"],"campfire_rested":3,"item_purchase_floors":[3,28,28,36,36],"current_hp_per_floor":[46,46,46,44,41,18,39,33,33,54,49,49,43,36,57,56,67,53,53,41,41,41,56,46,61,61,70,70,66,65,45,63,17,57,57,57,57,57,57,70,70,70,70,53,70,70,69,69,70,40],"gold":225,"neow_bonus":"ONE_RARE_RELIC","is_prod":false,"is_daily":false,"chose_seed":false,"campfire_upgraded":6,"win_rate":0,"timestamp":1551594417,"path_taken":["M","M","$","M","?","E","R","M","T","R","M","$","E","?","R","BOSS","M","?","?","?","M","R","M","R","T","R","$","E","M","E","R","BOSS","M","$","M","M","?","R","?","R","T","M","R","?","M","E","R","BOSS"],"build_version":"2019-01-23","purchased_purges":3,"victory":true,"max_hp_per_floor":[70,70,70,70,70,70,70,70,70,70,70,70,70,70,70,70,70,70,70,70,70,70,70,70,70,70,70,70,70,70,70,70,70,70,70,70,70,70,70,70,70,70,70,70,70,70,70,70,70,70],"card_choices":[{"not_picked":["Choke","Outmaneuver"],"picked":"Cloak And Dagger","floor":1},{"not_picked":["Deadly Poison","Concentrate"],"picked":"Poisoned Stab","floor":1},{"not_picked":["Blade Dance","Dodge and Roll"],"picked":"Cloak And Dagger","floor":2},{"not_picked":["Outmaneuver","Dagger Throw"],"picked":"A Thousand Cuts","floor":2},{"not_picked":["Eviscerate","Bane"],"picked":"Accuracy","floor":4},{"not_picked":["Underhanded Strike","Setup"],"picked":"Blade Dance","floor":4},{"not_picked":["Cloak And Dagger","Infinite Blades"],"picked":"Footwork","floor":6},{"not_picked":["Prepared","Tactician","Dodge and Roll"],"picked":"SKIP","floor":8},{"not_picked":["Deadly Poison","Outmaneuver","Flying Knee"],"picked":"SKIP","floor":8},{"not_picked":["Bouncing Flask","Cloak And Dagger"],"picked":"Adrenaline","floor":10},{"not_picked":["Sucker Punch","Tactician","Quick Slash"],"picked":"SKIP","floor":11},{"not_picked":["Quick Slash","Dagger Spray","Acrobatics"],"picked":"SKIP","floor":11},{"not_picked":["PiercingWail","Poisoned Stab"],"picked":"Tools of the Trade","floor":13},{"not_picked":["All Out Attack","Distraction"],"picked":"Blade Dance","floor":15},{"not_picked":["Die Die Die","Wraith Form v2"],"picked":"Burst","floor":16},{"not_picked":["Poisoned Stab","Dagger Throw"],"picked":"Blade Dance","floor":18},{"not_picked":["Slice","Unload"],"picked":"Backstab","floor":18},{"not_picked":["Poisoned Stab","Acrobatics"],"picked":"Cloak And Dagger+1","floor":20},{"not_picked":["Eviscerate","Dodge and Roll"],"picked":"Blade Dance","floor":22},{"not_picked":["PiercingWail+1","Masterful Stab"],"picked":"Terror+1","floor":22},{"not_picked":["Outmaneuver","Skewer+1"],"picked":"Blur","floor":24},{"not_picked":["Quick Slash","Bane+1"],"picked":"Adrenaline","floor":24},{"not_picked":["Backstab","Choke+1"],"picked":"Noxious Fumes+1","floor":29},{"not_picked":["Prepared","PiercingWail+1"],"picked":"Distraction+1","floor":30},{"not_picked":["Dagger Spray","Dodge and Roll","Heel Hook+1"],"picked":"SKIP","floor":30},{"not_picked":["PiercingWail+1","Poisoned Stab+1"],"picked":"Infinite Blades","floor":31},{"not_picked":["Night Terror","Unload"],"picked":"Corpse Explosion","floor":33},{"not_picked":[],"picked":"Blade Dance+1","floor":35},{"not_picked":["Skewer"],"picked":"SKIP","floor":35},{"not_picked":["Bane"],"picked":"SKIP","floor":37},{"not_picked":["Outmaneuver+1"],"picked":"SKIP","floor":37},{"not_picked":["Backflip"],"picked":"SKIP","floor":38},{"not_picked":["Choke"],"picked":"SKIP","floor":38},{"not_picked":[],"picked":"Blind","floor":39},{"not_picked":["Backflip"],"picked":"SKIP","floor":44},{"not_picked":["Bouncing Flask+1"],"picked":"SKIP","floor":44},{"not_picked":[],"picked":"Well Laid Plans+1","floor":48}],"player_experience":151410,"relics_obtained":[{"floor":6,"key":"Bronze Scales"},{"floor":9,"key":"Dream Catcher"},{"floor":13,"key":"Bottled Tornado"},{"floor":20,"key":"Red Mask"},{"floor":26,"key":"Smiling Mask"},{"floor":29,"key":"Tiny Chest"},{"floor":31,"key":"Vajra"},{"floor":41,"key":"Darkstone Periapt"},{"floor":43,"key":"Potion Belt"},{"floor":48,"key":"StoneCalendar"}],"event_choices":[{"damage_healed":0,"gold_gain":0,"player_choice":"Success","damage_taken":3,"relics_obtained":["Happy Flower"],"max_hp_gain":0,"max_hp_loss":0,"event_name":"Scrap Ooze","floor":5,"gold_loss":0},{"cards_removed":["Strike_G"],"damage_healed":0,"gold_gain":0,"player_choice":"Card Removal","damage_taken":7,"max_hp_gain":0,"max_hp_loss":0,"event_name":"Golden Wing","floor":14,"gold_loss":0},{"damage_healed":0,"gold_gain":0,"player_choice":"Obtained Relic","damage_taken":0,"relics_obtained":["Peace Pipe"],"max_hp_gain":0,"max_hp_loss":0,"event_name":"Addict","floor":19,"gold_loss":85},{"damage_healed":0,"gold_gain":0,"player_choice":"Fought Bandits","damage_taken":0,"max_hp_gain":0,"max_hp_loss":0,"event_name":"Masked Bandits","floor":20,"gold_loss":0},{"damage_healed":0,"gold_gain":0,"player_choice":"Simplicity","damage_taken":0,"max_hp_gain":0,"max_hp_loss":0,"event_name":"Back to Basics","floor":21,"gold_loss":0,"cards_upgraded":["Defend_G","Defend_G","Defend_G","Defend_G","Defend_G","Strike_G","Strike_G","Strike_G"]},{"damage_healed":0,"gold_gain":0,"player_choice":"Memory 1","damage_taken":0,"max_hp_gain":0,"max_hp_loss":0,"event_name":"SensoryStone","floor":39,"gold_loss":0},{"damage_healed":0,"gold_gain":0,"player_choice":"Got Potions","damage_taken":0,"max_hp_gain":0,"max_hp_loss":0,"event_name":"Lab","floor":46,"gold_loss":0}],"is_beta":false,"boss_relics":[{"not_picked":["Philosopher\u0027s Stone","Empty Cage"],"picked":"Eternal Feather"},{"not_picked":["Velvet Choker","Coffee Dripper"],"picked":"Busted Crown"}],"items_purged_floors":[12,28,36],"is_endless":false,"potions_floor_spawned":[1,8,13,16,18,20,22,33,37,47,48],"ascension_level":5}