{"gold_per_floor":[114,264,264,339,349,377,395,50,50,75,92,92,92,111,111,189,189,208,258,223,235,285,285,335,335,335,28,62,75,175,49,49,126,176,188,238,288,338,388,388,224,74,123,154,154,304,354,368,368,368,368,368,368,7,42,42],"floor_reached":57,"playtime":2585,"items_purged":["Strike_R","Strike_R","Strike_R","Writhe","Strike_R"],"score":2750,"play_id":"4ac421f3-3b51-4114-bdaf-bf910f26d18e","local_time":"20190415220126","is_ascension_mode":true,"campfire_choices":[{"data":"Carnage","floor":13,"key":"SMITH"},{"data":"Bash","floor":15,"key":"SMITH"},{"floor":23,"key":"REST"},{"floor":25,"key":"REST"},{"floor":32,"key":"REST"},{"floor":40,"key":"REST"},{"floor":45,"key":"RECALL"},{"floor":49,"key":"REST"},{"floor":53,"key":"REST"}],"neow_cost":"NONE","seed_source_timestamp":294581598482200,"circlet_count":0,"master_deck":["AscendersBane","Strike_R","Defend_R+1","Defend_R","Defend_R","Defend_R","Bash+1","Second Wind","Battle Trance","Inflame","Shrug It Off","Immolate","Disarm","True Grit+1","Shrug It Off","Dual Wield","Rampage","Dark Embrace+1","Body Slam","Evolve+1","Power Through","Finesse","Feel No Pain+1","Armaments"],"relics":["Burning Blood","NeowsBlessing","Anchor","Juzu Bracelet","Paper Frog","Incense Burner","SsserpentHead","Fusion Hammer","Dodecahedron","Gremlin Horn","Frozen Egg 2","Mummified Hand","Boot","Tiny House","The Courier","Nunchaku","Medical Kit"],"potions_floor_usage":[10,16,16,33,44,50,56],"damage_taken":[{"damage":0,"enemies":"Jaw Worm","floor":1,"turns":1},{"damage":0,"enemies":"Small Slimes","floor":5,"turns":1},{"damage":0,"enemies":"3 Sentries","floor":6,"turns":2},{"damage":2,"enemies":"Cultist","floor":7,"turns":4},{"damage":66,"enemies":"Lagavulin","floor":10,"turns":7},{"damage":3,"enemies":"Large Slime","floor":11,"turns":5},{"damage":0,"enemies":"3 Louse","floor":14,"turns":4},{"damage":18,"enemies":"Slime Boss","floor":16,"turns":9},{"damage":18,"enemies":"Chosen","floor":18,"turns":4},{"damage":16,"enemies":"Spheric Guardian","floor":21,"turns":4},{"damage":25,"enemies":"Slavers","floor":28,"turns":6},{"damage":21,"enemies":"Snake Plant","floor":29,"turns":5},{"damage":37,"enemies":"Champ","floor":33,"turns":14},{"damage":19,"enemies":"3 Darklings","floor":35,"turns":4},{"damage":49,"enemies":"Reptomancer","floor":44,"turns":7},{"damage":0,"enemies":"Mind Bloom Boss Battle","floor":46,"turns":8},{"damage":16,"enemies":"3 Shapes","floor":48,"turns":5},{"damage":8,"enemies":"Awakened One","floor":50,"turns":25},{"damage":14,"enemies":"Donu and Deca","floor":51,"turns":12},{"damage":25,"enemies":"Shield and Spear","floor":55,"turns":5},{"damage":3,"enemies":"The Heart","floor":56,"turns":10}],"seed_played":"-5114695034650054085","potions_obtained":[{"floor":6,"key":"BloodPotion"},{"floor":10,"key":"Block Potion"},{"floor":14,"key":"SteroidPotion"},{"floor":28,"key":"Swift Potion"},{"floor":29,"key":"Explosive Potion"},{"floor":33,"key":"Dexterity Potion"},{"floor":35,"key":"Strength Potion"},{"floor":46,"key":"Regen Potion"}],"is_trial":false,"path_per_floor":["M","?","?","?","M","E","M","$","T","E","M","?","R","M","R","B",null,"M","?","?","M","?","R","?","R","T","$","E","M","?","$","R","B",null,"M","?","?","?","?","R","$","$","T","E","R","?","?","M","R","B","B",null,"R","$","E","B",null],"character_chosen":"IRONCLAD","items_purchased":["Carnage","Juzu Bracelet","AttackPotion","Mummified Hand","Shrug It Off","Rampage","Feel No Pain+1","Medical Kit","Armaments"],"campfire_rested":6,"item_purchase_floors":[8,8,8,27,27,31,41,54,54],"current_hp_per_floor":[74,74,67,56,62,68,72,72,72,19,22,22,22,28,28,16,60,48,48,48,38,38,60,60,75,75,75,56,41,41,41,63,32,69,56,56,56,56,46,70,70,70,70,27,27,33,33,23,47,60,52,73,80,80,61,64],"gold":42,"neow_bonus":"THREE_ENEMY_KILL","is_prod":false,"is_daily":false,"chose_seed":false,"campfire_upgraded":2,"win_rate":0,"timestamp":1555333286,"path_taken":["M","?","?","?","M","E","M","$","T","E","M","?","R","M","R","BOSS","M","?","?","M","?","R","?","R","T","$","E","M","?","?","R","BOSS","M","?","?","?","?","R","?","$","T","E","R","?","?","M","R","BOSS","BOSS","R","$","E","BOSS"],"build_version":"2019-01-23","purchased_purges":5,"victory":true,"max_hp_per_floor":[75,75,75,75,75,75,75,75,75,75,75,75,75,75,75,75,75,75,75,75,75,75,75,75,75,75,75,75,75,75,75,75,75,80,80,80,80,80,80,80,80,80,80,80,80,80,80,80,80,80,80,80,80,80,80,80],"card_choices":[{"not_picked":["Headbutt","Anger"],"picked":"Second Wind","floor":1},{"not_picked":["Blood for Blood","Havoc","Rupture"],"picked":"SKIP","floor":5},{"not_picked":["Rampage","Twin Strike"],"picked":"Battle Trance","floor":6},{"not_picked":["Dual Wield","Twin Strike","Blood for Blood"],"picked":"SKIP","floor":7},{"not_picked":["Clash","Infernal Blade"],"picked":"Inflame","floor":10},{"not_picked":["Rampage","Wild Strike","Pommel Strike"],"picked":"SKIP","floor":11},{"not_picked":["Anger","Power Through"],"picked":"Shrug It Off","floor":14},{"not_picked":["Brutality","Reaper"],"picked":"Immolate","floor":16},{"not_picked":["Clothesline","Battle Trance","Headbutt"],"picked":"SKIP","floor":18},{"not_picked":["Headbutt+1","Cleave"],"picked":"True Grit+1","floor":21},{"not_picked":["Second Wind","Carnage"],"picked":"Dual Wield","floor":28},{"not_picked":["Combust+1","Perfected Strike","Shrug It Off"],"picked":"SKIP","floor":29},{"not_picked":["Reaper","Fiend Fire"],"picked":"Dark Embrace+1","floor":33},{"not_picked":["Pummel","Clothesline"],"picked":"Body Slam","floor":34},{"not_picked":["Sword Boomerang","Thunderclap"],"picked":"Evolve+1","floor":35},{"not_picked":["Deep Breath","Madness"],"picked":"Finesse","floor":39},{"not_picked":["Thunderclap","Metallicize+1","Havoc"],"picked":"SKIP","floor":44},{"not_picked":["Perfected Strike+1","Cleave","Heavy Blade"],"picked":"SKIP","floor":48},{"not_picked":["Dropkick+1","Hemokinesis","Clash"],"picked":"SKIP","floor":55}],"player_experience":3167345,"relics_obtained":[{"floor":6,"key":"Anchor"},{"floor":9,"key":"Paper Frog"},{"floor":10,"key":"Incense Burner"},{"floor":26,"key":"Frozen Egg 2"},{"floor":28,"key":"Boot"},{"floor":44,"key":"The Courier"},{"floor":46,"key":"Nunchaku"}],"event_choices":[{"damage_healed":0,"gold_gain":150,"player_choice":"AGREE","damage_taken":0,"max_hp_gain":0,"max_hp_loss":0,"event_name":"Liars Game","floor":2,"gold_loss":0,"cards_obtained":["Doubt"]},{"cards_removed":["Doubt"],"damage_healed":0,"gold_gain":0,"player_choice":"Card Removal","damage_taken":7,"max_hp_gain":0,"max_hp_loss":0,"event_name":"Golden Wing","floor":3,"gold_loss":0},{"damage_healed":0,"gold_gain":75,"player_choice":"Gather Gold","damage_taken":11,"max_hp_gain":0,"max_hp_loss":0,"event_name":"World of Goop","floor":4,"gold_loss":0},{"damage_healed":0,"gold_gain":0,"player_choice":"Trade","damage_taken":0,"relics_obtained":["SsserpentHead"],"max_hp_gain":0,"max_hp_loss":0,"event_name":"FaceTrader","floor":12,"gold_loss":0},{"damage_healed":0,"gold_gain":0,"player_choice":"Read","damage_taken":0,"max_hp_gain":0,"max_hp_loss":0,"event_name":"The Library","floor":19,"gold_loss":0,"cards_obtained":["Disarm"]},{"damage_healed":0,"gold_gain":0,"player_choice":"Obtained Relic","damage_taken":0,"relics_obtained":["Dodecahedron"],"max_hp_gain":0,"max_hp_loss":0,"event_name":"Addict","floor":20,"gold_loss":85},{"damage_healed":0,"gold_gain":0,"player_choice":"Opened","damage_taken":0,"relics_obtained":["Gremlin Horn"],"max_hp_gain":0,"max_hp_loss":0,"event_name":"The Mausoleum","floor":22,"gold_loss":0,"cards_obtained":["Writhe"]},{"damage_healed":0,"gold_gain":0,"player_choice":"Ignored","damage_taken":0,"max_hp_gain":0,"max_hp_loss":0,"event_name":"Vampires","floor":24,"gold_loss":0},{"damage_healed":0,"gold_gain":50,"player_choice":"Stole From Cult","damage_taken":0,"max_hp_gain":0,"max_hp_loss":0,"event_name":"Nest","floor":30,"gold_loss":0},{"damage_healed":0,"gold_gain":0,"player_choice":"Ignored","damage_taken":0,"max_hp_gain":0,"max_hp_loss":0,"event_name":"Mysterious Sphere","floor":36,"gold_loss":0},{"damage_healed":0,"gold_gain":0,"player_choice":"1 cards matched","damage_taken":0,"max_hp_gain":0,"max_hp_loss":0,"event_name":"Match and Keep!","floor":37,"gold_loss":0,"cards_obtained":["Power Through"]},{"damage_healed":0,"gold_gain":0,"player_choice":"Ignored","damage_taken":0,"max_hp_gain":0,"max_hp_loss":0,"event_name":"Tomb of Lord Red Mask","floor":38,"gold_loss":0},{"damage_healed":0,"gold_gain":0,"player_choice":"Memory 3","damage_taken":10,"max_hp_gain":0,"max_hp_loss":0,"event_name":"SensoryStone","floor":39,"gold_loss":0},{"damage_healed":0,"gold_gain":0,"player_choice":"Fight","damage_taken":0,"max_hp_gain":0,"max_hp_loss":0,"event_name":"MindBloom","floor":46,"gold_loss":0},{"cards_removed":["Carnage"],"damage_healed":0,"gold_gain":0,"player_choice":"Removed Attack","damage_taken":0,"max_hp_gain":0,"max_hp_loss":0,"event_name":"Falling","floor":47,"gold_loss":0}],"is_beta":false,"boss_relics":[{"not_picked":["Runic Cube","Empty Cage"],"picked":"Fusion Hammer"},{"not_picked":["Cursed Key","Black Star"],"picked":"Tiny House"}],"items_purged_floors":[8,31,41,42,54],"is_endless":false,"potions_floor_spawned":[6,10,14,28,29,33,35,46,48],"ascension_level":20}