{"path_per_floor":["M","$","M","M","$","R","E","?","T","R","M","R","$","M","R","B",null,"M","M","?","?","M","R","$"],"character_chosen":"DEFECT","items_purchased":["Hologram","Thinking Ahead"],"gold_per_floor":[118,43,63,81,30,30,63,91,118,118,129,129,129,144,144,248,248,268,279,309,342,359,359,50,50],"floor_reached":25,"campfire_rested":3,"playtime":1719,"item_purchase_floors":[5,24],"current_hp_per_floor":[72,72,75,75,75,75,56,30,30,52,50,72,72,69,69,23,75,65,58,58,30,30,52,52,0],"items_purged":["Normality","Writhe"],"gold":50,"score":241,"play_id":"99f13fa4-d878-4f75-a8ea-a3e2f93597a5","local_time":"20180609123653","is_prod":false,"is_daily":false,"chose_seed":false,"is_ascension_mode":true,"campfire_upgraded":2,"win_rate":0,"timestamp":1528537013,"campfire_choices":[{"data":"Double Energy","floor":6,"key":"SMITH"},{"floor":10,"key":"REST"},{"floor":12,"key":"REST"},{"data":"Genetic Algorithm","floor":15,"key":"SMITH"},{"floor":23,"key":"REST"}],"path_taken":["M","$","M","M","$","R","E","?","T","R","?","R","$","M","R","BOSS","M","M","?","?","M","R","$","E"],"build_version":"2018-06-07v3","seed_source_timestamp":47636157638862,"purchased_purges":2,"victory":false,"master_deck":["Strike_B+1","Strike_B+1","Strike_B","Strike_B","Defend_B","Defend_B","Defend_B","Defend_B","Zap","Dualcast","Double Energy+1","Chill","Hologram","Reprogram","Genetic Algorithm+1","Core Surge","Hologram","FTL","Turbo","Thinking Ahead"],"max_hp_per_floor":[75,75,75,75,75,75,75,75,75,75,75,75,75,75,75,75,75,75,75,75,75,75,75,75,75],"relics":["Cracked Core","Dead Branch","Oddly Smooth Stone","Odd Mushroom","Whetstone","Sozu","Tiny Chest","Red Mask"],"card_choices":[{"not_picked":["Recycle","Chaos"],"picked":"Double Energy","floor":1},{"not_picked":["Aggregate","Cold Snap"],"picked":"Chill","floor":3},{"not_picked":["Go for the Eyes","Gash","FTL"],"picked":"SKIP","floor":4},{"not_picked":["Go for the Eyes","Scrape"],"picked":"Reprogram","floor":7},{"not_picked":["Static Discharge","Fusion"],"picked":"Genetic Algorithm","floor":8},{"not_picked":["Go for the Eyes","Stack","Lockon"],"picked":"SKIP","floor":11},{"not_picked":["Barrage","Conserve Battery","Leap"],"picked":"SKIP","floor":14},{"not_picked":["Amplify","Echo Form"],"picked":"Core Surge","floor":16},{"not_picked":["Ball Lightning","Conserve Battery"],"picked":"Hologram","floor":18},{"not_picked":["Skim","Melter"],"picked":"FTL","floor":19},{"not_picked":["Sunder+1","Barrage"],"picked":"Turbo","floor":21},{"not_picked":["Ball Lightning","Blizzard","Capacitor+1"],"picked":"SKIP","floor":22}],"player_experience":497078,"potions_floor_usage":[14,16,16],"damage_taken":[{"damage":3,"enemies":"2 Louse","floor":1,"turns":3},{"damage":4,"enemies":"Small Slimes","floor":3,"turns":4},{"damage":0,"enemies":"Jaw Worm","floor":4,"turns":2},{"damage":19,"enemies":"3 Sentries","floor":7,"turns":5},{"damage":26,"floor":8,"turns":4},{"damage":2,"enemies":"Red Slaver","floor":11,"turns":3},{"damage":3,"enemies":"Blue Slaver","floor":14,"turns":3},{"damage":46,"enemies":"The Guardian","floor":16,"turns":13},{"damage":10,"enemies":"Chosen","floor":18,"turns":5},{"damage":7,"enemies":"Spheric Guardian","floor":19,"turns":4},{"damage":28,"floor":21,"turns":4},{"damage":0,"enemies":"Snecko","floor":22,"turns":7},{"damage":53,"enemies":"Gremlin Leader","floor":25,"turns":9}],"relics_obtained":[{"floor":7,"key":"Oddly Smooth Stone"},{"floor":8,"key":"Odd Mushroom"},{"floor":9,"key":"Whetstone"},{"floor":21,"key":"Red Mask"}],"event_choices":[{"event_name":"Mushrooms","player_choice":"Fought Mushrooms","floor":8,"damage_taken":0},{"event_name":"The Mausoleum","player_choice":"Yes","floor":20,"damage_taken":0},{"event_name":"Masked Bandits","player_choice":"Fought over 309 gold","floor":21,"damage_taken":0}],"boss_relics":[{"not_picked":["Velvet Choker","Lizard Tail"],"picked":"Sozu"}],"items_purged_floors":[2,24],"potions_floor_spawned":[8,11,14,21,22],"seed_played":"-4593099964998572886","killed_by":"Gremlin Leader","ascension_level":4,"potions_obtained":[{"floor":8,"key":"Energy Potion"},{"floor":11,"key":"Dexterity Potion"},{"floor":14,"key":"Poison Potion"}],"is_trial":false}