{"gold_per_floor":[117,60,80,100,114,114,152,152,152,21,21,42,65,88,88,218,218,233,193,75,93,93,133,12,30,30,55,78,98,119,140,140,271,271,287,303,95,110,0,0,14,14,14,14,39,39,39,60,60,60],"floor_reached":51,"playtime":5288,"items_purged":[],"score":966,"play_id":"27d7fa1c-d29f-4e7c-9eee-99a8b7e227a5","local_time":"20180805172920","is_ascension_mode":true,"campfire_choices":[{"floor":8.0,"key":"REST"},{"floor":15.0,"key":"REST"},{"floor":32,"key":"REST"},{"floor":40,"key":"REST"},{"floor":46,"key":"REST"},{"floor":49,"key":"REST"}],"neow_cost":"NONE","seed_source_timestamp":1198236699332623,"circlet_count":0,"master_deck":["Zap","Dualcast+1","AscendersBane","Fusion","Conserve Battery","Sunder","BootSequence","Gash","Hello World+1","Ball Lightning","Rainbow","Aggregate","Storm+1","Streamline","Capacitor+1","Steam","Scrape","Skim","Static Discharge+1","Self Repair+1","Chaos","Gash","FTL","Hello World+1","Chaos+1","Self Repair+1","Capacitor+1","Coolheaded","BootSequence","Defragment+1","Creative AI+1","Glacier+1","Defragment+1","Turbo+1","Cold Snap","Conserve Battery","Coolheaded+1"],"special_seed":0,"relics":["Cracked Core","Blood Vial","Golden Idol","Frozen Egg 2","War Paint","Pandora\u0027s Box","Strawberry","Kunai","White Beast Statue","DataDisk","Red Mask","Dodecahedron"],"potions_floor_usage":[30,36,38,38,41,45,48],"damage_taken":[{"damage":0.0,"enemies":"2 Louse","floor":1.0,"turns":1.0},{"damage":0.0,"enemies":"Cultist","floor":3.0,"turns":4.0},{"damage":2.0,"enemies":"Small Slimes","floor":4.0,"turns":4.0},{"damage":15.0,"enemies":"3 Louse","floor":5.0,"turns":3.0},{"damage":41.0,"enemies":"Gremlin Nob","floor":7.0,"turns":6.0},{"damage":0.0,"enemies":"Looter","floor":12.0,"turns":3.0},{"damage":0.0,"enemies":"Exordium Wildlife","floor":13.0,"turns":2.0},{"damage":3.0,"enemies":"Exordium Thugs","floor":14.0,"turns":4.0},{"damage":36.0,"enemies":"Slime Boss","floor":16.0,"turns":9.0},{"damage":0.0,"enemies":"Spheric Guardian","floor":18.0,"turns":3.0},{"damage":2.0,"enemies":"Chosen","floor":21.0,"turns":5.0},{"damage":52.0,"enemies":"Gremlin Leader","floor":23.0,"turns":7.0},{"damage":5.0,"enemies":"Snecko","floor":25.0,"turns":4.0},{"damage":7.0,"enemies":"Snake Plant","floor":27.0,"turns":3.0},{"damage":31.0,"enemies":"3 Cultists","floor":28.0,"turns":5.0},{"damage":11,"enemies":"Cultist and Chosen","floor":29,"turns":5},{"damage":18,"enemies":"Centurion and Healer","floor":30,"turns":5},{"damage":15,"enemies":"Slaver and Parasite","floor":31,"turns":7},{"damage":44,"enemies":"Automaton","floor":33,"turns":9},{"damage":29,"enemies":"Orb Walker","floor":35,"turns":4},{"damage":0,"enemies":"Flame Bruiser 1 Orb","floor":36,"turns":6},{"damage":23,"enemies":"3 Darklings","floor":38,"turns":5},{"damage":53,"enemies":"Flame Bruiser 2 Orb","floor":41,"turns":6},{"damage":42,"enemies":"Transient","floor":45,"turns":5},{"damage":0,"enemies":"Maw","floor":48,"turns":6},{"damage":52,"enemies":"Time Eater","floor":50,"turns":13}],"seed_played":"-2980008462213609028","potions_obtained":[{"floor":1.0,"key":"Block Potion"},{"floor":4.0,"key":"Regen Potion"},{"floor":16.0,"key":"SteroidPotion"},{"floor":18.0,"key":"SteroidPotion"},{"floor":19.0,"key":"SkillPotion"},{"floor":19.0,"key":"SkillPotion"},{"floor":23.0,"key":"Block Potion"},{"floor":28.0,"key":"Strength Potion"},{"floor":35,"key":"Block Potion"},{"floor":36,"key":"Explosive Potion"},{"floor":38,"key":"Regen Potion"},{"floor":41,"key":"EssenceOfSteel"},{"floor":45,"key":"Poison Potion"},{"floor":48,"key":"Explosive Potion"}],"is_trial":false,"path_per_floor":["M","?","M","M","M","?","E","R","T","$","?","M","M","M","R","B",null,"M","?","$","M","?","E","$","M","T","M","M","M","M","M","R","B",null,"M","M","$","M","?","R","M","?","T","?","M","R","$","M","R","B"],"character_chosen":"DEFECT","items_purchased":["Hello World+1","Block Potion","Self Repair+1","Chaos","Hello World+1","Explosive Potion","DataDisk","Explosive Potion"],"campfire_rested":6,"item_purchase_floors":[10,10,20,20,24,24,37,37],"current_hp_per_floor":[68,68,70,70,57,57,33,55,55,55,48,50,52,51,73,39,66,68,68,68,75,75,40,40,37,37,42,23,34,38,45,69,47,73,56,68,68,57,57,81,61,61,61,61,21,45,45,67,82,30],"gold":60,"neow_bonus":"THREE_SMALL_POTIONS","is_prod":false,"is_daily":false,"chose_seed":false,"campfire_upgraded":0,"win_rate":0,"timestamp":1533479360,"path_taken":["M","?","M","M","M","?","E","R","T","$","?","M","M","M","R","BOSS","M","?","$","M","?","E","$","M","T","M","M","M","M","M","R","BOSS","M","?","$","M","?","R","M","?","T","?","?","R","?","M","R","BOSS"],"build_version":"2018-08-02","purchased_purges":0,"victory":true,"max_hp_per_floor":[75,75,75,75,75,75,75,75,75,75,75,75,75,75,75,75,75,75,75,75,75,75,82,82,82,82,82,82,82,82,82,82,82,82,82,82,82,82,82,82,82,82,82,82,82,82,82,82,82,82],"card_choices":[{"not_picked":["Doom and Gloom","Sweeping Beam"],"picked":"Fusion","floor":1.0},{"not_picked":["Steam Power","Barrage"],"picked":"Conserve Battery","floor":3.0},{"not_picked":["Static Discharge","Blizzard"],"picked":"Sunder","floor":4.0},{"not_picked":["Beam Cell","Streamline"],"picked":"BootSequence","floor":5.0},{"not_picked":["Coolheaded","Leap"],"picked":"Gash","floor":7.0},{"not_picked":["Steam Power","Compile Driver","Coolheaded"],"picked":"SKIP","floor":12.0},{"not_picked":["Leap","Beam Cell","Turbo"],"picked":"SKIP","floor":13.0},{"not_picked":["Recycle","Streamline"],"picked":"Ball Lightning","floor":14.0},{"not_picked":["Multi-Cast","Meteor Strike"],"picked":"Rainbow","floor":16.0},{"not_picked":["Sweeping Beam","Reinforced Body+1"],"picked":"Static Discharge+1","floor":18.0},{"not_picked":["Barrage+1","Streamline"],"picked":"Gash","floor":21.0},{"not_picked":["Streamline","Conserve Battery"],"picked":"FTL","floor":23.0},{"not_picked":["Heatsinks+1","Cold Snap"],"picked":"Chaos+1","floor":25.0},{"not_picked":["Coolheaded","Hello World+1"],"picked":"Self Repair+1","floor":27.0},{"not_picked":["Core Surge","Turbo"],"picked":"Capacitor+1","floor":28.0},{"not_picked":["Leap","Sweeping Beam"],"picked":"Coolheaded","floor":29},{"not_picked":["Reinforced Body","Auto Shields"],"picked":"BootSequence","floor":30},{"not_picked":["Compile Driver","Force Field"],"picked":"Defragment+1","floor":31},{"not_picked":["Reboot","Hyperbeam"],"picked":"Creative AI+1","floor":33},{"not_picked":["Cold Snap","Stack+1"],"picked":"Glacier+1","floor":35},{"not_picked":["Conserve Battery+1","BootSequence+1"],"picked":"Defragment+1","floor":36},{"not_picked":["Leap+1","Fission"],"picked":"Turbo+1","floor":38},{"not_picked":["Barrage+1","Rebound+1"],"picked":"Cold Snap","floor":41},{"not_picked":["Genetic Algorithm+1","Streamline+1"],"picked":"Conserve Battery","floor":45},{"not_picked":["Compile Driver","Sweeping Beam+1"],"picked":"Coolheaded+1","floor":48}],"player_experience":629472,"relics_obtained":[{"floor":7.0,"key":"Frozen Egg 2"},{"floor":9.0,"key":"War Paint"},{"floor":23.0,"key":"Strawberry"},{"floor":26.0,"key":"Kunai"},{"floor":43,"key":"Dodecahedron"}],"event_choices":[{"event_name":"WeMeetAgain","player_choice":"Gold","floor":2.0,"damage_taken":0.0},{"event_name":"Golden Idol","player_choice":"Take Wound","floor":6.0,"damage_taken":0.0},{"event_name":"Golden Wing","player_choice":"Card Removal","floor":11.0,"damage_taken":0.0},{"event_name":"The Woman in Blue","player_choice":"Bought 3 Potions","floor":19.0,"damage_taken":0.0},{"event_name":"Drug Dealer","player_choice":"Ignored","floor":22.0,"damage_taken":0.0},{"event_name":"Tomb of Lord Red Mask","player_choice":"Paid","floor":39,"damage_taken":0},{"event_name":"SecretPortal","player_choice":"Rejected Portal.","floor":42,"damage_taken":0},{"event_name":"Falling","player_choice":"Removed Skill","floor":44,"damage_taken":0}],"is_beta":false,"boss_relics":[{"not_picked":["Cursed Key","Snecko Eye"],"picked":"Pandora\u0027s Box"},{"not_picked":["Coffee Dripper","Velvet Choker"],"picked":"White Beast Statue"}],"items_purged_floors":[],"is_endless":false,"potions_floor_spawned":[1,4,16,18,23,28,35,36,38,41,45,48],"ascension_level":10}