{"gold_per_floor":[119,9,27,102,102,102,132,35,117,152,152,22,37,57,57,135,135,150,34,34,46,46],"floor_reached":22,"playtime":1032,"items_purged":[],"score":399,"play_id":"2a154dab-e13d-416f-a2aa-a1dbf7baa908","local_time":"20190418173145","is_ascension_mode":true,"campfire_choices":[{"floor":6,"key":"REST"},{"floor":11,"key":"REST"},{"floor":15,"key":"REST"}],"neow_cost":"NONE","seed_source_timestamp":604313031730326,"circlet_count":0,"master_deck":["AscendersBane","Strike_B","Strike_B","Strike_B","Strike_B","Defend_B+1","Defend_B","Defend_B+1","Defend_B","Zap","Dualcast","Force Field","Loop+1","Ball Lightning","Cold Snap","Ball Lightning","Hello World","Ball Lightning","Ball Lightning","Heatsinks","Cold Snap","Creative AI","Chaos","Static Discharge","Ball Lightning","Ball Lightning"],"relics":["Cracked Core","Orichalcum","Ice Cream","Question Card","War Paint","Bronze Scales"],"potions_floor_usage":[7,10,16],"damage_taken":[{"damage":2,"enemies":"Jaw Worm","floor":1,"turns":3},{"damage":4,"enemies":"Small Slimes","floor":3,"turns":2},{"damage":18,"enemies":"Lagavulin","floor":7,"turns":5},{"damage":19,"enemies":"Gremlin Nob","floor":10,"turns":4},{"damage":0,"enemies":"Cultist","floor":13,"turns":2},{"damage":4,"enemies":"Gremlin Gang","floor":14,"turns":4},{"damage":32,"enemies":"Hexaghost","floor":16,"turns":9},{"damage":27,"enemies":"Chosen","floor":18,"turns":6},{"damage":17,"enemies":"Spheric Guardian","floor":21,"turns":4},{"damage":21,"enemies":"Snecko","floor":22,"turns":4}],"seed_played":"-9217296531934307077","potions_obtained":[{"floor":1,"key":"Poison Potion"},{"floor":7,"key":"SneckoOil"}],"is_trial":false,"path_per_floor":["M","$","M","?","?","R","E","$","T","E","R","$","M","M","R","B",null,"M","$","T","M","M"],"character_chosen":"DEFECT","items_purchased":["Loop","Ball Lightning","Hello World","Ball Lightning","PowerPotion","Heatsinks","Static Discharge","Ball Lightning"],"campfire_rested":3,"item_purchase_floors":[2,2,8,8,12,12,19,19],"current_hp_per_floor":[62,62,58,47,47,68,50,50,50,31,52,52,52,48,69,37,63,36,36,36,19,0],"gold":46,"neow_bonus":"RANDOM_COMMON_RELIC","is_prod":false,"is_daily":false,"chose_seed":false,"campfire_upgraded":0,"win_rate":0,"timestamp":1555597905,"path_taken":["M","$","M","?","?","R","E","$","T","E","R","$","M","M","R","BOSS","M","$","?","M","M"],"build_version":"2019-01-23","purchased_purges":0,"victory":false,"max_hp_per_floor":[71,71,71,71,71,71,71,71,71,71,71,71,71,71,71,71,71,71,71,71,71,71],"card_choices":[{"not_picked":["Tempest","Compile Driver"],"picked":"Force Field","floor":1},{"not_picked":["Sweeping Beam","Streamline"],"picked":"Cold Snap","floor":3},{"not_picked":["Beam Cell","Lockon"],"picked":"Ball Lightning","floor":7},{"not_picked":["Darkness","Sweeping Beam","Reboot"],"picked":"Ball Lightning","floor":10},{"not_picked":["Tempest","Steam","Glacier"],"picked":"Cold Snap","floor":13},{"not_picked":["Lockon","Beam Cell","Rip and Tear","Compile Driver"],"picked":"SKIP","floor":14},{"not_picked":["All For One","Seek","Meteor Strike"],"picked":"Creative AI","floor":16},{"not_picked":["Turbo","Rebound","Hologram"],"picked":"Chaos","floor":18},{"not_picked":["Coolheaded","Redo","Beam Cell"],"picked":"Ball Lightning","floor":21}],"player_experience":1207610,"relics_obtained":[{"floor":7,"key":"Ice Cream"},{"floor":9,"key":"Question Card"},{"floor":10,"key":"War Paint"},{"floor":20,"key":"Bronze Scales"}],"event_choices":[{"damage_healed":0,"gold_gain":75,"player_choice":"Gather Gold","damage_taken":11,"max_hp_gain":0,"max_hp_loss":0,"event_name":"World of Goop","floor":4,"gold_loss":0},{"damage_healed":0,"gold_gain":0,"player_choice":"Upgraded","damage_taken":0,"max_hp_gain":0,"max_hp_loss":0,"event_name":"Upgrade Shrine","floor":5,"gold_loss":0,"cards_upgraded":["Loop"]}],"is_beta":false,"boss_relics":[{"not_picked":["Snecko Eye","Philosopher\u0027s Stone","Cursed Key"]}],"items_purged_floors":[],"is_endless":false,"potions_floor_spawned":[1,7],"killed_by":"Snecko","ascension_level":19}