{"gold_per_floor":[113,113,113,123,137,137,168,168,191,59,75,75,85,105,105,184,184,197,23,123,137,137,137,163,163,187,214,239,251,282,294,306,392,404,435,464,476,501,335,361,361,361],"floor_reached":42,"playtime":2025,"items_purged":["Pain","Strike_R","Bash"],"score":921,"play_id":"e6102cb3-d976-47a7-b4d3-fee2a668b006","local_time":"20190228162404","is_ascension_mode":true,"campfire_choices":[{"data":"Armaments","floor":6,"key":"SMITH"},{"data":"Flex","floor":12,"key":"SMITH"},{"data":"Shockwave","floor":15,"key":"SMITH"},{"data":"Disarm","floor":23,"key":"SMITH"},{"data":"Offering","floor":25,"key":"SMITH"},{"data":"Rampage","floor":29,"key":"SMITH"},{"data":"True Grit","floor":32,"key":"SMITH"},{"floor":41,"key":"REST"}],"neow_cost":"NONE","seed_source_timestamp":199351681153700,"circlet_count":0,"master_deck":["AscendersBane","Defend_R","Defend_R","Defend_R","Defend_R","Power Through","Uppercut","Armaments+1","Thunderclap","Flex+1","Shockwave+1","Offering+1","Disarm+1","Battle Trance","Seeing Red","True Grit+1","Rampage+1","Bite","Bite","Bite","Bite","Bite","Body Slam","Battle Trance"],"relics":["Burning Blood","NeowsBlessing","Happy Flower","PreservedInsect","WarpedTongs","Busted Crown","Prayer Wheel","Anchor","MawBank","Eternal Feather","Boot"],"potions_floor_usage":[7,7,11,16,33,40,42,42],"damage_taken":[{"damage":0,"enemies":"Cultist","floor":1,"turns":1},{"damage":0,"enemies":"Jaw Worm","floor":4,"turns":1},{"damage":0,"enemies":"2 Louse","floor":5,"turns":1},{"damage":10,"enemies":"3 Sentries","floor":7,"turns":10},{"damage":16,"enemies":"Exordium Thugs","floor":11,"turns":5},{"damage":0,"enemies":"2 Fungi Beasts","floor":13,"turns":3},{"damage":1,"enemies":"Red Slaver","floor":14,"turns":3},{"damage":61,"enemies":"Slime Boss","floor":16,"turns":11},{"damage":6,"enemies":"3 Byrds","floor":18,"turns":4},{"damage":13,"enemies":"Colosseum Slavers","floor":20,"turns":5},{"damage":7,"enemies":"Colosseum Nobs","floor":20,"turns":4},{"damage":15,"enemies":"2 Thieves","floor":21,"turns":4},{"damage":18,"enemies":"Slavers","floor":24,"turns":5},{"damage":16,"enemies":"Snake Plant","floor":27,"turns":3},{"damage":6,"enemies":"Centurion and Healer","floor":28,"turns":4},{"damage":13,"enemies":"Snecko","floor":30,"turns":6},{"damage":61,"enemies":"Champ","floor":33,"turns":17},{"damage":26,"enemies":"3 Shapes","floor":35,"turns":5},{"damage":6,"enemies":"Orb Walker","floor":36,"turns":4},{"damage":28,"enemies":"Writhing Mass","floor":38,"turns":6},{"damage":78,"enemies":"Giant Head","floor":40,"turns":9},{"damage":54,"enemies":"Reptomancer","floor":42,"turns":6}],"seed_played":"-8081330724469672029","potions_obtained":[{"floor":4,"key":"Strength Potion"},{"floor":5,"key":"Strength Potion"},{"floor":7,"key":"BloodPotion"},{"floor":18,"key":"SpeedPotion"},{"floor":21,"key":"Block Potion"},{"floor":33,"key":"Weak Potion"},{"floor":40,"key":"Explosive Potion"}],"is_trial":false,"path_per_floor":["M","?","?","M","M","R","E","?","T","$","M","R","M","M","R","B",null,"M","$","?","M","?","R","E","R","T","M","M","R","M","?","R","B",null,"M","M","?","M","$","E","R","E"],"character_chosen":"IRONCLAD","items_purchased":["PowerPotion","Battle Trance","PowerPotion"],"campfire_rested":1,"item_purchase_floors":[10,19,39],"current_hp_per_floor":[74,56,56,62,68,68,64,64,64,64,63,63,71,75,75,20,61,63,63,59,52,52,52,42,42,42,34,36,36,31,31,31,36,65,56,67,67,65,65,21,55,28],"gold":361,"neow_bonus":"THREE_ENEMY_KILL","is_prod":false,"is_daily":false,"chose_seed":false,"campfire_upgraded":7,"win_rate":0,"timestamp":1551338644,"path_taken":["M","?","?","M","?","R","E","?","T","$","M","R","M","M","R","BOSS","M","$","?","M","?","R","E","R","T","?","M","R","?","?","R","BOSS","M","M","?","M","$","E","R","E"],"build_version":"2019-01-23","purchased_purges":3,"victory":false,"max_hp_per_floor":[75,75,75,75,75,75,75,75,75,75,75,75,75,75,75,75,75,75,75,75,75,75,75,75,75,75,75,75,75,75,75,75,75,75,75,75,75,75,75,75,75,75],"card_choices":[{"not_picked":["Warcry","Ghostly Armor"],"picked":"Power Through","floor":1},{"not_picked":["Shrug It Off","Infernal Blade"],"picked":"Armaments","floor":4},{"not_picked":["Clash","Anger","Burning Pact"],"picked":"SKIP","floor":5},{"not_picked":["Thunderclap","Heavy Blade","Sentinel"],"picked":"SKIP","floor":7},{"not_picked":["Heavy Blade","Sentinel"],"picked":"Thunderclap","floor":7},{"not_picked":["Blood for Blood","Armaments"],"picked":"Flex","floor":11},{"not_picked":["Flex","Pommel Strike"],"picked":"Shockwave","floor":13},{"not_picked":["Armaments","Sword Boomerang","Pummel"],"picked":"SKIP","floor":14},{"not_picked":["Juggernaut","Bludgeon"],"picked":"Offering","floor":16},{"not_picked":[],"picked":"Disarm","floor":18},{"not_picked":[],"picked":"Seeing Red","floor":20},{"not_picked":[],"picked":"True Grit","floor":21},{"not_picked":["Twin Strike"],"picked":"SKIP","floor":21},{"not_picked":["Clothesline"],"picked":"SKIP","floor":24},{"not_picked":[],"picked":"Rampage","floor":27},{"not_picked":["Reckless Charge"],"picked":"SKIP","floor":27},{"not_picked":["Twin Strike"],"picked":"SKIP","floor":28},{"not_picked":["Armaments"],"picked":"SKIP","floor":28},{"not_picked":[],"picked":"Metallicize+1","floor":30},{"not_picked":["Thunderclap"],"picked":"SKIP","floor":30},{"not_picked":["Wild Strike"],"picked":"SKIP","floor":35},{"not_picked":["Clash"],"picked":"SKIP","floor":35},{"not_picked":[],"picked":"Body Slam","floor":36},{"not_picked":[],"picked":"Battle Trance","floor":36},{"not_picked":["Armaments"],"picked":"SKIP","floor":38},{"not_picked":["Pummel"],"picked":"SKIP","floor":38},{"not_picked":["Iron Wave"],"picked":"SKIP","floor":40}],"player_experience":1887674,"relics_obtained":[{"floor":7,"key":"PreservedInsect"},{"floor":9,"key":"Blood Vial"},{"floor":20,"key":"Prayer Wheel"},{"floor":24,"key":"Anchor"},{"floor":26,"key":"MawBank"},{"floor":40,"key":"Boot"}],"event_choices":[{"damage_healed":0,"gold_gain":0,"player_choice":"Success","damage_taken":18,"relics_obtained":["Happy Flower"],"max_hp_gain":0,"max_hp_loss":0,"event_name":"Scrap Ooze","floor":2,"gold_loss":0},{"damage_healed":0,"gold_gain":0,"cards_transformed":["Strike_R"],"player_choice":"Transformed","damage_taken":0,"max_hp_gain":0,"max_hp_loss":0,"event_name":"Transmorgrifier","floor":3,"gold_loss":0,"cards_obtained":["Uppercut"]},{"damage_healed":0,"gold_gain":0,"player_choice":"Rummage","damage_taken":0,"relics_obtained":["WarpedTongs"],"max_hp_gain":0,"max_hp_loss":0,"event_name":"Accursed Blacksmith","floor":8,"gold_loss":0,"cards_obtained":["Pain"]},{"damage_healed":0,"gold_gain":0,"player_choice":"Fight","damage_taken":0,"max_hp_gain":0,"max_hp_loss":0,"event_name":"Colosseum","floor":20,"gold_loss":0},{"damage_healed":0,"gold_gain":0,"player_choice":"Fought Nobs","damage_taken":0,"max_hp_gain":0,"max_hp_loss":0,"event_name":"Colosseum","floor":20,"gold_loss":0},{"damage_healed":0,"gold_gain":0,"player_choice":"Ignored","damage_taken":0,"max_hp_gain":0,"max_hp_loss":0,"event_name":"N\u0027loth","floor":22,"gold_loss":0},{"damage_healed":0,"gold_gain":0,"player_choice":"Became a vampire (Vial)","damage_taken":0,"max_hp_gain":0,"max_hp_loss":0,"event_name":"Vampires","floor":31,"relics_lost":["Blood Vial"],"gold_loss":0,"cards_obtained":["Bite","Bite","Bite","Bite","Bite"]},{"cards_removed":["Metallicize"],"damage_healed":0,"gold_gain":0,"player_choice":"Removed Power","damage_taken":0,"max_hp_gain":0,"max_hp_loss":0,"event_name":"Falling","floor":37,"gold_loss":0}],"is_beta":false,"boss_relics":[{"not_picked":["Calling Bell","Velvet Choker"],"picked":"Busted Crown"},{"not_picked":["Tiny House","Runic Cube"],"picked":"Eternal Feather"}],"items_purged_floors":[10,19,39],"is_endless":false,"potions_floor_spawned":[4,5,7,18,21,27,33,35,40],"killed_by":"Reptomancer","ascension_level":20}