{"gold_per_floor":[13,13,33,48,48,48,77,77,77,87,87,112,130,158,158,158],"floor_reached":16,"playtime":566,"items_purged":[],"score":240,"play_id":"c29367d7-9f47-4bbf-9065-1efd88dd48e4","local_time":"20190302213703","is_ascension_mode":true,"campfire_choices":[{"data":"Metamorphosis","floor":6,"key":"SMITH"},{"data":"Finesse","floor":8,"key":"SMITH"},{"data":"Bash","floor":15,"key":"SMITH"}],"neow_cost":"NO_GOLD","seed_source_timestamp":0,"circlet_count":0,"master_deck":["AscendersBane","Strike_R","Strike_R","Strike_R","Defend_R","Defend_R","Defend_R","Defend_R","Bash+1","Finesse+1","Metamorphosis+1","True Grit+1","Ghostly Armor","Feed"],"special_seed":0,"relics":["Burning Blood","Bottled Lightning","Kunai","Shovel","Smiling Mask"],"potions_floor_usage":[16],"damage_taken":[{"damage":0.0,"enemies":"2 Louse","floor":1.0,"turns":3.0},{"damage":11,"enemies":"Small Slimes","floor":3,"turns":4},{"damage":6,"enemies":"Cultist","floor":4,"turns":4},{"damage":14,"enemies":"Gremlin Nob","floor":7,"turns":3},{"damage":3,"enemies":"Blue Slaver","floor":10,"turns":6},{"damage":18,"enemies":"Lagavulin","floor":12,"turns":6},{"damage":1,"enemies":"Looter","floor":13,"turns":4},{"damage":25,"enemies":"Gremlin Nob","floor":14,"turns":4},{"damage":31,"enemies":"Hexaghost","floor":16,"turns":9}],"seed_played":"-3226301180284588847","potions_obtained":[{"floor":1,"key":"PowerPotion"},{"floor":12,"key":"AttackPotion"}],"is_trial":false,"path_per_floor":["M","?","M","M","?","R","E","R","T","M","?","E","M","E","R","B"],"character_chosen":"IRONCLAD","items_purchased":[],"campfire_rested":0,"item_purchase_floors":[],"current_hp_per_floor":[74,74,69,69,69,69,61,61,61,64,57,45,50,31,31,0],"gold":158,"neow_bonus":"RANDOM_COLORLESS_2","is_prod":false,"is_daily":false,"chose_seed":false,"campfire_upgraded":3,"win_rate":0,"timestamp":1551530223,"path_taken":["M","?","M","M","?","R","E","R","T","?","?","E","M","E","R","BOSS"],"build_version":"2019-01-23","purchased_purges":0,"victory":false,"max_hp_per_floor":[75,75,75,75,75,75,75,75,75,75,75,75,75,75,75,75],"card_choices":[{"not_picked":["Havoc","Iron Wave","Wild Strike"],"picked":"SKIP","floor":1},{"not_picked":["Dropkick","Sentinel","Armaments"],"picked":"SKIP","floor":3},{"not_picked":["Wild Strike","Clothesline"],"picked":"True Grit","floor":4},{"not_picked":["Warcry","Havoc"],"picked":"Ghostly Armor","floor":7},{"not_picked":["Havoc","Hemokinesis","Uppercut"],"picked":"SKIP","floor":10},{"not_picked":["Searing Blow","Clothesline","Pommel Strike"],"picked":"SKIP","floor":12},{"not_picked":["Entrench","Thunderclap"],"picked":"Feed","floor":13},{"not_picked":["Carnage","Wild Strike","Clash"],"picked":"SKIP","floor":14}],"player_experience":1946236,"relics_obtained":[{"floor":7,"key":"Bottled Lightning"},{"floor":9,"key":"Kunai"},{"floor":12,"key":"Shovel"},{"floor":14,"key":"Smiling Mask"}],"event_choices":[{"cards_removed":["Strike_R"],"damage_healed":0,"gold_gain":0,"player_choice":"Forget","damage_taken":0,"max_hp_gain":0,"max_hp_loss":0,"event_name":"Living Wall","floor":2,"gold_loss":0},{"damage_healed":0,"gold_gain":0,"player_choice":"Upgraded","damage_taken":0,"max_hp_gain":0,"max_hp_loss":0,"event_name":"Upgrade Shrine","floor":5,"gold_loss":0,"cards_upgraded":["True Grit"]},{"cards_removed":["Strike_R"],"damage_healed":0,"gold_gain":0,"player_choice":"Card Removal","damage_taken":7,"max_hp_gain":0,"max_hp_loss":0,"event_name":"Golden Wing","floor":11,"gold_loss":0}],"is_beta":false,"boss_relics":[],"items_purged_floors":[],"is_endless":false,"potions_floor_spawned":[1,12,14],"killed_by":"Hexaghost","ascension_level":20}