{"gold_per_floor":[116,191,191,24,36,36,48,81,105,105,125,125,125,141,141,235,235,135,135],"floor_reached":19,"playtime":887,"items_purged":[],"score":422,"play_id":"dee61115-2828-4087-aa23-6818019e94b8","local_time":"20190417092155","is_ascension_mode":true,"campfire_choices":[{"floor":6.0,"key":"REST"},{"data":"Static Discharge","floor":10.0,"key":"SMITH"},{"floor":15,"key":"REST"}],"neow_cost":"NONE","seed_source_timestamp":488535520677193,"circlet_count":0,"master_deck":["AscendersBane","Strike_B","Strike_B","Strike_B","Strike_B","Defend_B","Defend_B","Defend_B","Defend_B","Zap","Dualcast","Force Field","Compile Driver","Static Discharge+1","Cold Snap","Chaos","Self Repair","Stack","Auto Shields","Injury","Meteor Strike","Buffer","Clumsy","Pain","Writhe","Recycle+1"],"special_seed":0,"relics":["Cracked Core","Juzu Bracelet","Sundial","Smiling Mask","Golden Idol","Dead Branch","Calling Bell","Omamori","Pear","FossilizedHelix"],"potions_floor_usage":[],"damage_taken":[{"damage":9.0,"enemies":"Jaw Worm","floor":1.0,"turns":4.0},{"damage":0.0,"enemies":"Cultist","floor":5.0,"turns":3.0},{"damage":0.0,"enemies":"2 Louse","floor":7.0,"turns":3.0},{"damage":10.0,"enemies":"Gremlin Nob","floor":8.0,"turns":4.0},{"damage":12,"enemies":"Exordium Wildlife","floor":11,"turns":3},{"damage":24,"enemies":"Large Slime","floor":14,"turns":5},{"damage":61,"enemies":"The Guardian","floor":16,"turns":10},{"damage":44,"enemies":"2 Thieves","floor":18,"turns":5},{"damage":23,"enemies":"Shell Parasite","floor":19,"turns":3}],"seed_played":"-4727846708332242492","potions_obtained":[{"floor":1.0,"key":"Poison Potion"},{"floor":5.0,"key":"SkillPotion"},{"floor":11,"key":"SteroidPotion"}],"is_trial":false,"path_per_floor":["M","?","?","$","M","R","M","E","T","R","M","?","?","M","R","B",null,"M","M"],"character_chosen":"DEFECT","items_purchased":["Static Discharge","Cold Snap","Chaos"],"campfire_rested":2,"item_purchase_floors":[4,4,4],"current_hp_per_floor":[55,44,44,44,44,65,71,68,68,68,63,63,58,41,62,8,65,21,0],"gold":135,"neow_bonus":"THREE_CARDS","is_prod":false,"is_daily":false,"chose_seed":false,"campfire_upgraded":1,"win_rate":0,"timestamp":1555482115,"path_taken":["M","?","?","$","M","R","M","E","T","R","M","?","?","M","R","BOSS","M","M"],"build_version":"2019-01-23","purchased_purges":0,"victory":false,"max_hp_per_floor":[71,71,71,71,71,71,71,71,71,71,71,71,71,71,71,71,81,81,81],"card_choices":[{"not_picked":["Conserve Battery","Stack"],"picked":"Force Field","floor":0.0},{"not_picked":["Skim","Reinforced Body"],"picked":"Compile Driver","floor":1.0},{"not_picked":["Steam","Sunder"],"picked":"Self Repair","floor":5.0},{"not_picked":["Gash","Sweeping Beam","Coolheaded"],"picked":"SKIP","floor":7.0},{"not_picked":["Beam Cell","Doom and Gloom"],"picked":"Stack","floor":8.0},{"not_picked":["Steam Power","Hologram"],"picked":"Auto Shields","floor":11},{"not_picked":["Glacier","Ball Lightning"],"picked":"Meteor Strike","floor":14},{"not_picked":["Reboot","Biased Cognition"],"picked":"Buffer","floor":16},{"not_picked":["Conserve Battery","Coolheaded"],"picked":"Recycle+1","floor":18}],"player_experience":1204877,"relics_obtained":[{"floor":8.0,"key":"Sundial"},{"floor":9.0,"key":"Smiling Mask"},{"floor":17,"key":"Omamori"},{"floor":17,"key":"Pear"},{"floor":17,"key":"FossilizedHelix"}],"event_choices":[{"damage_healed":0.0,"max_hp_gain":0.0,"max_hp_loss":0.0,"gold_gain":75.0,"event_name":"World of Goop","player_choice":"Gather Gold","floor":2.0,"gold_loss":0.0,"damage_taken":11.0},{"damage_healed":0.0,"max_hp_gain":0.0,"max_hp_loss":0.0,"gold_gain":0.0,"event_name":"WeMeetAgain","player_choice":"Gave Potion","floor":3.0,"gold_loss":0.0,"damage_taken":0.0,"relics_obtained":["Juzu Bracelet"]},{"damage_healed":0,"gold_gain":0,"player_choice":"Take Wound","damage_taken":0,"relics_obtained":["Golden Idol"],"max_hp_gain":0,"max_hp_loss":0,"event_name":"Golden Idol","floor":12,"gold_loss":0,"cards_obtained":["Injury"]},{"damage_healed":0,"gold_gain":0,"player_choice":"Success","damage_taken":5,"relics_obtained":["Dead Branch"],"max_hp_gain":0,"max_hp_loss":0,"event_name":"Scrap Ooze","floor":13,"gold_loss":0}],"is_beta":false,"boss_relics":[{"not_picked":["Empty Cage","Fusion Hammer"],"picked":"Calling Bell"}],"items_purged_floors":[],"is_endless":false,"potions_floor_spawned":[1,5,11],"killed_by":"Shell Parasite","ascension_level":19}