{"gold_per_floor":[115,115,126,86,10,27,27,54,54,89,102,131,131,131,131,228,228,243,260,280,295,314,314,4,34,57,57,92,104,31,31,31,31],"floor_reached":33,"playtime":1090,"items_purged":[],"score":424,"play_id":"4de97983-205e-472f-a556-13df360334b3","local_time":"20190203145303","is_ascension_mode":true,"campfire_choices":[{"data":"Bash","floor":7.0,"key":"SMITH"},{"floor":15,"key":"REST"},{"data":"1","floor":23,"key":"LIFT"},{"data":"2","floor":27,"key":"LIFT"},{"data":"3","floor":29,"key":"LIFT"},{"data":"Feel No Pain","floor":32,"key":"SMITH"}],"neow_cost":"NONE","seed_source_timestamp":107708563865300,"circlet_count":0,"master_deck":["Strike_R","Strike_R","Strike_R","Strike_R+1","Strike_R","Defend_R","Defend_R","Defend_R","Defend_R","Bash+1","Disarm+1","Pommel Strike+1","Seeing Red","Intimidate","Dropkick","Reaper","Body Slam+1","Perfected Strike+1","Feel No Pain+1","Apotheosis","Impervious","Perfected Strike","Uppercut","Exhume","Whirlwind"],"special_seed":0,"relics":["Burning Blood","NeowsBlessing","Kunai","Prayer Wheel","Bag of Marbles","Girya","Pen Nib","Snecko Eye","Self Forming Clay","Strawberry","MawBank"],"potions_floor_usage":[21,25,33,33,33],"damage_taken":[{"damage":0.0,"enemies":"Small Slimes","floor":1.0,"turns":1.0},{"damage":0.0,"enemies":"Cultist","floor":3.0,"turns":1.0},{"damage":0.0,"enemies":"2 Louse","floor":6.0,"turns":1.0},{"damage":45.0,"enemies":"3 Sentries","floor":8.0,"turns":11.0},{"damage":26.0,"enemies":"Gremlin Nob","floor":10.0,"turns":4.0},{"damage":5.0,"enemies":"Gremlin Gang","floor":11.0,"turns":6.0},{"damage":13.0,"enemies":"Lagavulin","floor":12.0,"turns":7.0},{"damage":15,"enemies":"Hexaghost","floor":16,"turns":9},{"damage":0,"enemies":"3 Byrds","floor":18,"turns":4},{"damage":6,"enemies":"Chosen","floor":19,"turns":3},{"damage":1,"enemies":"Snecko","floor":20,"turns":3},{"damage":24,"enemies":"3 Cultists","floor":21,"turns":5},{"damage":29,"enemies":"Centurion and Healer","floor":22,"turns":5},{"damage":44,"enemies":"Gremlin Leader","floor":25,"turns":5},{"damage":19,"enemies":"Book of Stabbing","floor":28,"turns":5},{"damage":76,"enemies":"Champ","floor":33,"turns":8}],"seed_played":"3333817504645492869","potions_obtained":[{"floor":1.0,"key":"Dexterity Potion"},{"floor":4.0,"key":"Strength Potion"},{"floor":4.0,"key":"Fruit Juice"},{"floor":4.0,"key":"GamblersBrew"},{"floor":8.0,"key":"Weak Potion"},{"floor":10.0,"key":"Block Potion"},{"floor":11.0,"key":"Block Potion"},{"floor":18,"key":"Swift Potion"},{"floor":20,"key":"PowerPotion"},{"floor":25,"key":"BloodPotion"}],"is_trial":false,"path_per_floor":["M","?","M","?","$","M","R","E","T","E","M","E","?","?","R","B",null,"M","M","M","M","M","R","$","E","T","R","E","R","$","?","R","B"],"character_chosen":"IRONCLAD","items_purchased":["Disarm","Apotheosis","Impervious","Perfected Strike","Strength Potion","Whirlwind"],"campfire_rested":1,"item_purchase_floors":[5,24,24,24,30,30],"current_hp_per_floor":[78,78,80,85,85,85,85,46,46,26,27,20,3,3,28,19,69,84,84,85,67,44,44,44,48,55,55,52,52,52,52,52,0],"gold":31,"neow_bonus":"THREE_ENEMY_KILL","is_prod":false,"is_daily":false,"chose_seed":false,"campfire_upgraded":2,"win_rate":0,"timestamp":1549173183,"path_taken":["M","?","?","?","$","M","R","E","T","E","?","E","?","?","R","BOSS","M","M","?","M","M","R","$","E","T","R","E","R","$","?","R","BOSS"],"build_version":"2019-01-23","purchased_purges":0,"victory":false,"max_hp_per_floor":[80,80,80,85,85,85,85,85,85,85,85,85,85,85,85,85,85,85,85,85,85,85,85,85,85,92,92,92,92,92,92,92,92],"card_choices":[{"not_picked":["Sword Boomerang","Flex"],"picked":"Inflame","floor":1.0},{"not_picked":["Cleave","True Grit","Sever Soul"],"picked":"SKIP","floor":3.0},{"not_picked":["Pommel Strike","Cleave","Ghostly Armor"],"picked":"SKIP","floor":6.0},{"not_picked":["Ghostly Armor","True Grit"],"picked":"Pommel Strike","floor":8.0},{"not_picked":["Iron Wave","Warcry"],"picked":"Seeing Red","floor":10.0},{"not_picked":["Brutality","Havoc"],"picked":"Intimidate","floor":11.0},{"not_picked":["Anger","Perfected Strike"],"picked":"Dropkick","floor":11.0},{"not_picked":["Pommel Strike","Heavy Blade","Wild Strike"],"picked":"SKIP","floor":12},{"not_picked":["Demon Form","Exhume"],"picked":"Reaper","floor":16},{"not_picked":["Sentinel","Headbutt"],"picked":"Body Slam+1","floor":18},{"not_picked":["Anger","Combust"],"picked":"Perfected Strike+1","floor":18},{"not_picked":["Armaments","Thunderclap+1"],"picked":"Feel No Pain","floor":19},{"not_picked":["Uppercut+1","Cleave+1","Flame Barrier"],"picked":"SKIP","floor":19},{"not_picked":["Clothesline","Perfected Strike","Dual Wield"],"picked":"SKIP","floor":20},{"not_picked":["Iron Wave+1","Intimidate","Spot Weakness"],"picked":"SKIP","floor":20},{"not_picked":["Clash","Rupture","Sword Boomerang"],"picked":"SKIP","floor":21},{"not_picked":["Heavy Blade","Combust","Iron Wave"],"picked":"SKIP","floor":21},{"not_picked":["Combust","Sword Boomerang","Clash"],"picked":"SKIP","floor":22},{"not_picked":["Clash+1","Twin Strike","Reckless Charge"],"picked":"SKIP","floor":22},{"not_picked":["Rampage","Inflame"],"picked":"Uppercut","floor":25},{"not_picked":["Intimidate+1","Bloodletting"],"picked":"Exhume","floor":28}],"player_experience":19808,"relics_obtained":[{"floor":8.0,"key":"Prayer Wheel"},{"floor":9.0,"key":"Bag of Marbles"},{"floor":10.0,"key":"Girya"},{"floor":12,"key":"Pen Nib"},{"floor":25,"key":"Self Forming Clay"},{"floor":26,"key":"Strawberry"},{"floor":28,"key":"MawBank"}],"event_choices":[{"cards_removed":["Inflame"],"damage_healed":0.0,"max_hp_gain":0.0,"max_hp_loss":0.0,"gold_gain":0.0,"event_name":"WeMeetAgain","player_choice":"Gave Card","floor":2.0,"gold_loss":0.0,"damage_taken":0.0,"relics_obtained":["Kunai"]},{"damage_healed":0.0,"max_hp_gain":0.0,"max_hp_loss":0.0,"gold_gain":0.0,"event_name":"The Woman in Blue","player_choice":"Bought 3 Potions","floor":4.0,"gold_loss":0.0,"damage_taken":0.0},{"damage_healed":0,"gold_gain":0,"player_choice":"Entered Light","damage_taken":17,"max_hp_gain":0,"max_hp_loss":0,"event_name":"Shining Light","floor":13,"gold_loss":0,"cards_upgraded":["Strike_R","Pommel Strike"]},{"damage_healed":0,"gold_gain":0,"player_choice":"Forge","damage_taken":0,"max_hp_gain":0,"max_hp_loss":0,"event_name":"Accursed Blacksmith","floor":14,"gold_loss":0,"cards_upgraded":["Disarm"]},{"damage_healed":0,"gold_gain":0,"player_choice":"0 cards matched","damage_taken":0,"max_hp_gain":0,"max_hp_loss":0,"event_name":"Match and Keep!","floor":31,"gold_loss":0,"cards_obtained":[]}],"is_beta":false,"boss_relics":[{"not_picked":["Calling Bell","Runic Pyramid"],"picked":"Snecko Eye"}],"items_purged_floors":[],"is_endless":false,"potions_floor_spawned":[1,8,10,11,18,20,25],"killed_by":"Champ","ascension_level":8}