{"gold_per_floor":[367,292,6,6,6,6,31,47,47,47,60,60,60,78,78,171,171,194,194,194,244,244,259,259,259],"floor_reached":25,"playtime":592,"items_purged":[],"score":394,"play_id":"97d52287-dc45-4c54-baa9-1bc0a4a8300c","local_time":"20190306134535","is_ascension_mode":true,"campfire_choices":[{"data":"Inflame","floor":6,"key":"SMITH"},{"data":"Limit Break","floor":10,"key":"SMITH"},{"data":"Armaments","floor":13,"key":"SMITH"},{"data":"Flame Barrier","floor":15,"key":"SMITH"},{"data":"Immolate","floor":24,"key":"SMITH"}],"neow_cost":"TEN_PERCENT_HP_LOSS","seed_source_timestamp":130085535838100,"circlet_count":0,"master_deck":["AscendersBane","Strike_R","Strike_R","Strike_R","Defend_R","Defend_R","Defend_R","Defend_R","Bash","Inflame+1","Flame Barrier+1","Limit Break+1","Armaments+1","Immolate+1"],"relics":["Burning Blood","Meat on the Bone","Ice Cream","The Courier","Bloody Idol","Coffee Dripper","Nilry\u0027s Codex"],"potions_floor_usage":[16,25],"damage_taken":[{"damage":14,"enemies":"Jaw Worm","floor":1,"turns":3},{"damage":47,"enemies":"Lagavulin","floor":7,"turns":8},{"damage":6,"enemies":"2 Louse","floor":8,"turns":4},{"damage":10,"enemies":"Small Slimes","floor":11,"turns":4},{"damage":1,"enemies":"Blue Slaver","floor":14,"turns":6},{"damage":27,"enemies":"The Guardian","floor":16,"turns":10},{"damage":12,"enemies":"Chosen","floor":18,"turns":4},{"damage":13,"enemies":"Spheric Guardian","floor":23,"turns":4},{"damage":39,"enemies":"Chosen and Byrds","floor":25,"turns":5}],"seed_played":"3337879288636710127","potions_obtained":[{"floor":1,"key":"EssenceOfSteel"},{"floor":14,"key":"Energy Potion"},{"floor":16,"key":"Ancient Potion"}],"is_trial":false,"path_per_floor":["M","?","$","?","$","R","E","M","T","R","M","?","R","M","R","B",null,"M","?","?","?","?","M","R","M"],"character_chosen":"IRONCLAD","items_purchased":["Meat on the Bone"],"campfire_rested":0,"item_purchase_floors":[3],"current_hp_per_floor":[60,60,60,53,53,53,24,36,36,36,44,21,21,38,38,29,58,52,31,31,36,36,46,46,7],"gold":259,"neow_bonus":"TWO_FIFTY_GOLD","is_prod":false,"is_daily":false,"chose_seed":false,"campfire_upgraded":5,"win_rate":0,"timestamp":1551847535,"path_taken":["M","?","$","?","?","R","E","M","T","R","M","?","R","?","R","BOSS","M","?","?","?","?","M","R","?"],"build_version":"2019-01-23","purchased_purges":0,"victory":false,"max_hp_per_floor":[68,68,68,68,68,68,68,68,68,68,68,68,68,68,68,68,68,68,68,68,68,68,68,68,68],"card_choices":[{"not_picked":["Perfected Strike","True Grit"],"picked":"Inflame","floor":1},{"not_picked":["Cleave","Thunderclap"],"picked":"Flame Barrier","floor":7},{"not_picked":["Thunderclap","Power Through"],"picked":"Limit Break","floor":8},{"not_picked":["Clothesline","Clash"],"picked":"Armaments","floor":11},{"not_picked":["Havoc","Infernal Blade","Cleave"],"picked":"SKIP","floor":14},{"not_picked":["Impervious","Dark Embrace"],"picked":"Immolate","floor":16},{"not_picked":["Spot Weakness","Pommel Strike","Sword Boomerang"],"picked":"SKIP","floor":18},{"not_picked":["Twin Strike","Searing Blow","Anger"],"picked":"SKIP","floor":23}],"player_experience":2030824,"relics_obtained":[{"floor":7,"key":"Ice Cream"},{"floor":9,"key":"The Courier"},{"floor":19,"key":"Nilry\u0027s Codex"}],"event_choices":[{"cards_removed":["Strike_R"],"damage_healed":0,"gold_gain":0,"player_choice":"Card Removal","damage_taken":0,"max_hp_gain":0,"max_hp_loss":0,"event_name":"The Cleric","floor":2,"gold_loss":75},{"cards_removed":["Strike_R"],"damage_healed":0,"gold_gain":0,"player_choice":"Card Removal","damage_taken":7,"max_hp_gain":0,"max_hp_loss":0,"event_name":"Golden Wing","floor":4,"gold_loss":0},{"damage_healed":0,"gold_gain":0,"player_choice":"Take Damage","damage_taken":23,"relics_obtained":["Golden Idol"],"max_hp_gain":0,"max_hp_loss":0,"event_name":"Golden Idol","floor":12,"gold_loss":0},{"damage_healed":0,"gold_gain":0,"player_choice":"Obtained Book","damage_taken":21,"max_hp_gain":0,"max_hp_loss":0,"event_name":"Cursed Tome","floor":19,"gold_loss":0},{"damage_healed":0,"gold_gain":0,"player_choice":"Gave Idol","damage_taken":0,"relics_obtained":["Bloody Idol"],"max_hp_gain":0,"max_hp_loss":0,"event_name":"Forgotten Altar","floor":20,"relics_lost":["Golden Idol"],"gold_loss":0},{"damage_healed":0,"gold_gain":50,"player_choice":"Stole From Cult","damage_taken":0,"max_hp_gain":0,"max_hp_loss":0,"event_name":"Nest","floor":21,"gold_loss":0},{"damage_healed":0,"gold_gain":0,"player_choice":"Ignored","damage_taken":0,"max_hp_gain":0,"max_hp_loss":0,"event_name":"Ghosts","floor":22,"gold_loss":0}],"is_beta":false,"boss_relics":[{"not_picked":["Ectoplasm","Mark of Pain"],"picked":"Coffee Dripper"}],"items_purged_floors":[],"is_endless":false,"potions_floor_spawned":[1,14,16,18],"killed_by":"Chosen and Byrds","ascension_level":20}