{"gold_per_floor":[114,114,127,141,156,156,172,172,172,172,187,112,112,145,145,249,249,259,23,33,50,62,62,76,76,76,76,76],"floor_reached":28,"playtime":2247,"items_purged":["Strike_R"],"score":460,"play_id":"5dd30dfd-1f6a-445a-9d70-3ba8796a5a3c","local_time":"20190424012018","is_ascension_mode":true,"campfire_choices":[{"floor":6.0,"key":"REST"},{"floor":8.0,"key":"REST"},{"data":"Armaments","floor":10.0,"key":"SMITH"},{"floor":15.0,"key":"REST"},{"floor":23.0,"key":"DIG"},{"floor":27.0,"key":"REST"}],"neow_cost":"NONE","seed_source_timestamp":0,"circlet_count":0,"master_deck":["Strike_R","Strike_R","Strike_R","Strike_R","Defend_R","Defend_R","Defend_R","Defend_R","Bash","Rupture","Armaments+1","Twin Strike","Dual Wield","Demon Form","Shrug It Off","Shrug It Off","Feed","Shockwave","Combust","Shrug It Off","Heavy Blade","True Grit+1","Barricade"],"special_seed":0,"relics":["Burning Blood","Boot","Shovel","Ornamental Fan","Question Card","Runic Pyramid","Bronze Scales","Lantern","Meat on the Bone"],"potions_floor_usage":[28],"damage_taken":[{"damage":9.0,"enemies":"Jaw Worm","floor":1.0,"turns":3.0},{"damage":20.0,"enemies":"Small Slimes","floor":3.0,"turns":4.0},{"damage":5.0,"enemies":"2 Louse","floor":4.0,"turns":4.0},{"damage":16.0,"enemies":"2 Fungi Beasts","floor":5.0,"turns":4.0},{"damage":28.0,"enemies":"Gremlin Gang","floor":7.0,"turns":8.0},{"damage":8.0,"enemies":"Large Slime","floor":11.0,"turns":6.0},{"damage":32.0,"enemies":"3 Sentries","floor":14.0,"turns":7.0},{"damage":37.0,"enemies":"Slime Boss","floor":16.0,"turns":13.0},{"damage":17.0,"enemies":"Shell Parasite","floor":18.0,"turns":7.0},{"damage":1.0,"enemies":"3 Byrds","floor":20.0,"turns":3.0},{"damage":26.0,"enemies":"Centurion and Healer","floor":21.0,"turns":7.0},{"damage":17.0,"enemies":"Snake Plant","floor":22.0,"turns":4.0},{"damage":31.0,"enemies":"Cultist and Chosen","floor":24.0,"turns":7.0},{"damage":10.0,"enemies":"Colosseum Slavers","floor":25.0,"turns":6.0},{"damage":56,"enemies":"Slavers","floor":28,"turns":7}],"seed_played":"-7498602857138575956","potions_obtained":[{"floor":1.0,"key":"BloodPotion"},{"floor":7.0,"key":"SpeedPotion"},{"floor":16.0,"key":"Block Potion"},{"floor":18.0,"key":"FearPotion"}],"is_trial":false,"path_per_floor":["M","?","M","M","M","R","M","R","T","R","M","$","?","E","R","B",null,"M","$","M","M","M","R","M","?","T","R","E"],"character_chosen":"IRONCLAD","items_purchased":["Combust","Bronze Scales"],"campfire_rested":4,"item_purchase_floors":[19,19],"current_hp_per_floor":[69,36,22,31,21,45,23,47,47,47,45,45,71,45,69,38,70,63,63,68,51,40,40,18,18,18,46,0],"gold":76,"neow_bonus":"RANDOM_COMMON_RELIC","is_prod":false,"is_daily":false,"chose_seed":false,"campfire_upgraded":1,"win_rate":0,"timestamp":1556036418,"path_taken":["M","?","M","M","M","R","M","R","T","R","M","$","?","E","R","BOSS","M","$","M","M","M","R","M","?","T","R","E"],"build_version":"2019-01-23","purchased_purges":1,"victory":false,"max_hp_per_floor":[80,80,80,80,80,80,80,80,80,80,80,80,80,80,80,80,80,84,84,84,87,87,87,90,94,94,94,98],"card_choices":[{"not_picked":["Anger","Flex"],"picked":"Rupture","floor":1.0},{"not_picked":["Power Through","Pommel Strike"],"picked":"Armaments","floor":3.0},{"not_picked":["Dropkick","Perfected Strike"],"picked":"Twin Strike","floor":4.0},{"not_picked":["Havoc","Hemokinesis"],"picked":"Dual Wield","floor":5.0},{"not_picked":["Armaments","Warcry"],"picked":"Demon Form","floor":7.0},{"not_picked":["Seeing Red","Blood for Blood"],"picked":"Shrug It Off","floor":11.0},{"not_picked":["Clothesline","Pommel Strike"],"picked":"Shrug It Off","floor":14.0},{"not_picked":["Offering","Reaper","Brutality"],"picked":"Feed","floor":16.0},{"not_picked":["Wild Strike+1","Flex+1","Iron Wave"],"picked":"Shockwave","floor":18.0},{"not_picked":["Armaments","Spot Weakness","Flame Barrier"],"picked":"Shrug It Off","floor":20.0},{"not_picked":["Headbutt","True Grit","Perfected Strike"],"picked":"Heavy Blade","floor":21.0},{"not_picked":["Wild Strike+1","Clash+1","Flex"],"picked":"True Grit+1","floor":22.0},{"not_picked":["Evolve","Battle Trance","Iron Wave"],"picked":"Barricade","floor":24.0}],"player_experience":361663,"relics_obtained":[{"floor":9.0,"key":"Ornamental Fan"},{"floor":14.0,"key":"Question Card"},{"floor":23.0,"key":"Lantern"},{"floor":26.0,"key":"Meat on the Bone"}],"event_choices":[{"damage_healed":0.0,"max_hp_gain":0.0,"max_hp_loss":0.0,"gold_gain":0.0,"event_name":"Scrap Ooze","player_choice":"Success","floor":2.0,"gold_loss":0.0,"damage_taken":33.0,"relics_obtained":["Shovel"]},{"damage_healed":26.0,"max_hp_gain":0.0,"max_hp_loss":0.0,"gold_gain":0.0,"event_name":"Big Fish","player_choice":"Banana","floor":13.0,"gold_loss":0.0,"damage_taken":0.0},{"damage_healed":0.0,"max_hp_gain":0.0,"max_hp_loss":0.0,"gold_gain":0.0,"event_name":"Colosseum","player_choice":"Fight","floor":25.0,"gold_loss":0.0,"damage_taken":0.0},{"damage_healed":0.0,"max_hp_gain":0.0,"max_hp_loss":0.0,"gold_gain":0.0,"event_name":"Colosseum","player_choice":"Fled From Nobs","floor":25.0,"gold_loss":0.0,"damage_taken":0.0}],"is_beta":false,"boss_relics":[{"not_picked":["Coffee Dripper","Calling Bell"],"picked":"Runic Pyramid"}],"items_purged_floors":[12],"is_endless":false,"potions_floor_spawned":[1,7,16,18,25],"killed_by":"Slavers","ascension_level":7}