{"gold_per_floor":[110,127,107,121,45,45,77,77,77,352,366,441,471,505,505,580,580,596,615,615,615,626,626,33,33,59,59,59,59,59,59],"floor_reached":31,"playtime":987,"items_purged":[],"score":698,"play_id":"68269930-6bfb-4960-b868-00bf261f24a3","local_time":"20190423125550","daily_mods":["Draft","Flight"],"is_ascension_mode":true,"campfire_choices":[{"data":"Armaments","floor":6,"key":"SMITH"},{"data":"Carnage","floor":8,"key":"SMITH"},{"data":"Searing Blow","floor":15,"key":"SMITH"},{"data":"Juggernaut","floor":23,"key":"SMITH"},{"data":"Searing Blow+1","floor":25,"key":"SMITH"},{"data":"Searing Blow+2","floor":27,"key":"SMITH"},{"data":"Searing Blow+3","floor":28,"key":"SMITH"},{"data":"Searing Blow+4","floor":30,"key":"SMITH"}],"neow_cost":"","seed_source_timestamp":88294999517200,"circlet_count":0,"master_deck":["AscendersBane","Spot Weakness","Armaments+1","True Grit","Pummel","Pommel Strike","Carnage+1","Disarm","Shrug It Off","Searing Blow+5","Headbutt","Warcry","Power Through","Cleave","Body Slam","Evolve","Feel No Pain","Juggernaut+1","Regret","Feel No Pain","Seeing Red","Impervious","Feel No Pain","Writhe","Corruption"],"relics":["Burning Blood","Pear","Matryoshka","Blue Candle","Bottled Flame","Philosopher\u0027s Stone","Mercury Hourglass","NlothsMask","Pantograph","Sling","Pen Nib","Peace Pipe"],"potions_floor_usage":[13,13,16,19],"damage_taken":[{"damage":0,"enemies":"Cultist","floor":1,"turns":3},{"damage":21,"enemies":"Jaw Worm","floor":2,"turns":5},{"damage":6,"enemies":"2 Louse","floor":4,"turns":2},{"damage":8,"enemies":"3 Sentries","floor":7,"turns":8},{"damage":0,"enemies":"2 Fungi Beasts","floor":11,"turns":3},{"damage":23,"enemies":"Gremlin Nob","floor":13,"turns":4},{"damage":9,"enemies":"3 Sentries","floor":14,"turns":6},{"damage":6,"enemies":"Hexaghost","floor":16,"turns":8},{"damage":5,"enemies":"Chosen","floor":18,"turns":4},{"damage":14,"enemies":"Spheric Guardian","floor":19,"turns":5},{"damage":55,"enemies":"3 Cultists","floor":22,"turns":6},{"damage":2,"enemies":"Snake Plant","floor":31,"turns":1}],"seed_played":"1915310575576708901","potions_obtained":[{"floor":2,"key":"Energy Potion"},{"floor":3,"key":"Swift Potion"},{"floor":13,"key":"LiquidBronze"},{"floor":14,"key":"BloodPotion"},{"floor":18,"key":"Ancient Potion"}],"is_trial":true,"path_per_floor":["M","M","?","M","$","R","E","R","T","?","M","?","E","E","R","B",null,"M","M","?","?","M","R","$","R","T","R","R","?","R","M"],"character_chosen":"IRONCLAD","items_purchased":["Feel No Pain","Pantograph","Corruption","Sling"],"campfire_rested":0,"item_purchase_floors":[5,24,24,24],"current_hp_per_floor":[74,59,59,59,59,59,67,67,67,67,73,62,45,42,42,42,74,75,75,75,75,26,26,26,26,26,26,26,26,26,24],"gold":59,"neow_bonus":"","is_prod":false,"is_daily":false,"chose_seed":false,"campfire_upgraded":8,"win_rate":0,"timestamp":1555991750,"path_taken":["M","M","?","?","?","R","E","R","T","?","?","?","E","E","R","BOSS","M","M","?","?","?","R","$","R","T","R","R","?","R","?"],"build_version":"2019-01-23","purchased_purges":0,"victory":false,"max_hp_per_floor":[75,75,75,75,75,75,85,85,85,85,85,85,85,85,85,85,85,85,85,85,85,85,85,85,85,85,85,85,85,85,85],"card_choices":[{"not_picked":["Armaments","Metallicize"],"picked":"Spot Weakness","floor":0},{"not_picked":["Pommel Strike","Iron Wave"],"picked":"Feel No Pain","floor":0},{"not_picked":["Thunderclap","Perfected Strike"],"picked":"Armaments","floor":0},{"not_picked":["Hemokinesis","Thunderclap"],"picked":"True Grit","floor":0},{"not_picked":["Intimidate","Flex"],"picked":"Pummel","floor":0},{"not_picked":["Thunderclap","Metallicize"],"picked":"Pommel Strike","floor":0},{"not_picked":["Flex","Clothesline"],"picked":"Carnage","floor":0},{"not_picked":["True Grit","Headbutt"],"picked":"Disarm","floor":0},{"not_picked":["Armaments","Body Slam"],"picked":"Shrug It Off","floor":0},{"not_picked":["Metallicize","Armaments"],"picked":"Searing Blow","floor":0},{"not_picked":["Cleave","Spot Weakness"],"picked":"Headbutt","floor":0},{"not_picked":["Wild Strike","Fire Breathing"],"picked":"Warcry","floor":0},{"not_picked":["Twin Strike","Fire Breathing"],"picked":"Power Through","floor":0},{"not_picked":["Havoc","Wild Strike"],"picked":"Cleave","floor":0},{"not_picked":["Uppercut","Headbutt"],"picked":"Body Slam","floor":0},{"not_picked":["Perfected Strike","Sword Boomerang"],"picked":"Evolve","floor":1},{"not_picked":["Dual Wield","Body Slam","Iron Wave"],"picked":"SKIP","floor":2},{"not_picked":["Flex","Heavy Blade","Thunderclap"],"picked":"SKIP","floor":4},{"not_picked":["Headbutt","Dropkick"],"picked":"Juggernaut","floor":7},{"not_picked":["Uppercut","Sword Boomerang"],"picked":"Feel No Pain","floor":11},{"not_picked":["Clash","Flame Barrier"],"picked":"Seeing Red","floor":13},{"not_picked":["Rage","Bludgeon","Pummel"],"picked":"SKIP","floor":14},{"not_picked":["Dark Embrace","Limit Break"],"picked":"Impervious","floor":16},{"not_picked":["Havoc","Anger","Heavy Blade"],"picked":"SKIP","floor":18},{"not_picked":["Warcry","Rampage"],"picked":"Feel No Pain","floor":19},{"not_picked":["Evolve","Perfected Strike","Reckless Charge"],"picked":"SKIP","floor":22}],"player_experience":3309008,"relics_obtained":[{"floor":7,"key":"Pear"},{"floor":9,"key":"Matryoshka"},{"floor":13,"key":"Blue Candle"},{"floor":14,"key":"Bottled Flame"},{"floor":26,"key":"Pen Nib"}],"event_choices":[{"damage_healed":0,"gold_gain":0,"player_choice":"Bought 1 Potion","damage_taken":0,"max_hp_gain":0,"max_hp_loss":0,"event_name":"The Woman in Blue","floor":3,"gold_loss":0},{"damage_healed":0,"gold_gain":275,"player_choice":"Desecrate","damage_taken":0,"max_hp_gain":0,"max_hp_loss":0,"event_name":"Golden Shrine","floor":10,"gold_loss":0,"cards_obtained":["Regret"]},{"damage_healed":0,"gold_gain":75,"player_choice":"Gather Gold","damage_taken":11,"max_hp_gain":0,"max_hp_loss":0,"event_name":"World of Goop","floor":12,"gold_loss":0},{"damage_healed":0,"gold_gain":0,"player_choice":"Opened","damage_taken":0,"relics_obtained":["Mercury Hourglass"],"max_hp_gain":0,"max_hp_loss":0,"event_name":"The Mausoleum","floor":20,"gold_loss":0,"cards_obtained":["Writhe"]},{"damage_healed":0,"gold_gain":0,"player_choice":"Trade","damage_taken":0,"relics_obtained":["NlothsMask"],"max_hp_gain":0,"max_hp_loss":0,"event_name":"FaceTrader","floor":21,"gold_loss":0},{"cards_removed":["Feel No Pain"],"damage_healed":0,"gold_gain":0,"player_choice":"Gave Card","damage_taken":0,"relics_obtained":["Peace Pipe"],"max_hp_gain":0,"max_hp_loss":0,"event_name":"WeMeetAgain","floor":29,"gold_loss":0}],"is_beta":false,"boss_relics":[{"not_picked":["Black Blood","Orrery"],"picked":"Philosopher\u0027s Stone"}],"items_purged_floors":[],"is_endless":true,"potions_floor_spawned":[2,11,13,14,18],"killed_by":"Snake Plant","ascension_level":20}