{"path_per_floor":["M","?","M","?","?","R","$","?","T","M","M","M","R","E","R","B",null,"M","M","?","?","?","R","?","R","T","$","M","R","M","E","R","B",null,"M","$","?","M","M","R","M","M","T","R","?","M","R","M","R","B"],"character_chosen":"DEFECT","items_purchased":["Blizzard","Apotheosis"],"gold_per_floor":[16,16,27,102,102,102,66,66,66,84,101,116,116,142,142,240,240,253,271,271,271,271,271,186,216,216,141,152,152,164,193,193,289,289,308,20,74,93,110,110,129,146,173,173,173,193,193,210,210,210],"floor_reached":51,"campfire_rested":1,"playtime":3198,"current_hp_per_floor":[74,74,74,63,63,63,63,56,56,55,52,47,47,41,41,43,75,68,63,63,63,63,63,63,63,63,63,63,63,69,75,75,33,75,75,75,45,49,51,51,48,31,31,31,31,34,34,42,64,63],"items_purged":["Defend_B","All For One"],"gold":210,"score":717,"play_id":"53aed369-b12f-4344-b698-625ad93f0427","local_time":"20180430234816","is_prod":false,"is_daily":false,"chose_seed":false,"is_ascension_mode":false,"campfire_upgraded":3,"timestamp":1525103296,"path_taken":["M","?","M","?","?","R","$","?","T","M","M","M","R","E","R","BOSS","M","M","?","?","?","R","?","R","T","?","M","R","?","E","R","BOSS","M","$","?","M","M","R","M","M","T","R","?","M","R","M","R","BOSS"],"build_version":"2018-04-27v3","seed_source_timestamp":307819176893164,"purchased_purges":2,"victory":true,"master_deck":["Strike_B","Strike_B","Strike_B","Defend_B","Zap+1","Dualcast","Defragment+1","Blizzard+1","Cold Snap","Blizzard+1","Coolheaded","Fission","Coolheaded","Impulse","Chill","Defragment+1","FTL+1","Rainbow","Axe Kick+1","Conserve Battery+1","Apotheosis+1","Coolheaded+1","Double Energy","Chaos","Echo Form","Leap+1"],"max_hp_per_floor":[75,75,75,75,75,75,75,75,75,75,75,75,75,75,75,75,75,75,75,75,75,75,75,75,75,75,75,75,75,75,75,75,75,75,75,75,75,75,75,75,75,75,75,75,75,75,75,75,75,75],"relics":["Cracked Core","Shovel","Happy Flower","Blue Candle","Bird Faced Urn","Orichalcum","Sozu","Mercury Hourglass","Tiny Chest","Blood Vial","Dream Catcher","Bottled Tornado","Ancient Tea Set","Astrolabe","Ice Cream","Prayer Wheel","Sundial","Vajra"],"card_choices":[{"not_picked":["FTL","Multi-Cast"],"picked":"Defragment","floor":3},{"not_picked":["Streamline","Force Field"],"picked":"Cold Snap","floor":10},{"not_picked":["Streamline","Recycle"],"picked":"Blizzard","floor":11},{"not_picked":["Ball Lightning","Reinforced Body"],"picked":"Coolheaded","floor":12},{"not_picked":["Reboot","Thunder Strike"],"picked":"Fission","floor":16},{"not_picked":["Steam Power","Barrage"],"picked":"Coolheaded","floor":18},{"not_picked":["Sweeping Beam","Hologram"],"picked":"Impulse","floor":19},{"not_picked":["Ball Lightning","Scrape"],"picked":"Defragment","floor":28},{"not_picked":["Streamline","Force Field"],"picked":"FTL","floor":30},{"not_picked":["Multi-Cast","Reboot"],"picked":"Rainbow","floor":33},{"not_picked":["Hologram","Skim"],"picked":"Coolheaded","floor":39},{"not_picked":["Recycle","Loop"],"picked":"Double Energy","floor":41},{"not_picked":["Impulse","Leap"],"picked":"Chaos","floor":42},{"not_picked":["Cold Snap","Barrage"],"picked":"Echo Form","floor":46},{"not_picked":["Blizzard","Heatsinks"],"picked":"Leap","floor":48}],"player_experience":309816,"potions_floor_usage":[16,16,50],"damage_taken":[{"damage":1,"enemies":"Jaw Worm","floor":1,"turns":3},{"damage":0,"enemies":"Small Slimes","floor":3,"turns":3},{"damage":1,"enemies":"Cultist","floor":10,"turns":3},{"damage":3,"enemies":"Red Slaver","floor":11,"turns":3},{"damage":5,"enemies":"2 Fungi Beasts","floor":12,"turns":3},{"damage":6,"enemies":"3 Sentries","floor":14,"turns":6},{"damage":0,"enemies":"The Guardian","floor":16,"turns":13},{"damage":7,"enemies":"Chosen","floor":18,"turns":6},{"damage":7,"enemies":"Shell Parasite","floor":19,"turns":9},{"damage":4,"enemies":"Centurion and Healer","floor":28,"turns":6},{"damage":0,"enemies":"3 Cultists","floor":30,"turns":5},{"damage":0,"enemies":"Gremlin Leader","floor":31,"turns":7},{"damage":44,"enemies":"Champ","floor":33,"turns":14},{"damage":0,"enemies":"Flame Bruiser 1 Orb","floor":35,"turns":5},{"damage":32,"enemies":"Mysterious Sphere","floor":37,"turns":6},{"damage":2,"enemies":"Orb Walker","floor":38,"turns":3},{"damage":4,"enemies":"Flame Bruiser 2 Orb","floor":39,"turns":5},{"damage":9,"enemies":"3 Darklings","floor":41,"turns":3},{"damage":21,"enemies":"Sphere and 2 Shapes","floor":42,"turns":4},{"damage":3,"enemies":"Spire Growth","floor":46,"turns":5},{"damage":0,"enemies":"Flame Bruiser 2 Orb","floor":48,"turns":5},{"damage":9,"enemies":"Donu and Deca","floor":50,"turns":8}],"event_choices":[{"event_name":"Living Wall","player_choice":"Grow","floor":2,"damage_taken":0},{"event_name":"World of Goop","player_choice":"Gather Gold","floor":4,"damage_taken":0},{"event_name":"The Woman in Blue","player_choice":"Bought 0 Potions","floor":5,"damage_taken":0},{"event_name":"Wheel of Change","player_choice":"Damage","floor":8,"damage_taken":0},{"event_name":"Accursed Blacksmith","player_choice":"Forge","floor":20,"damage_taken":0},{"event_name":"The Library","player_choice":"Read","floor":21,"damage_taken":0},{"event_name":"Cursed Tome","player_choice":"Ignored","floor":22,"damage_taken":0},{"event_name":"Addict","player_choice":"Obtained Relic","floor":24,"damage_taken":0},{"event_name":"Mysterious Sphere","player_choice":"Fight","floor":37,"damage_taken":0},{"event_name":"SensoryStone","player_choice":"Memory 1","floor":45,"damage_taken":0}],"boss_relics":[{"not_picked":["Pandora\u0027s Box","Eternal Feather"],"picked":"Sozu"},{"not_picked":["Runic Dome","Velvet Choker"],"picked":"Astrolabe"}],"potions_floor_spawned":[10,11,12,16,18,28,35,46,48],"seed_played":"6369643021849982915","ascension_level":0,"is_trial":false}