{"gold_per_floor":[109,122,197,217,217,217,252,252,252,272,297,297,54,66,66,165,165,184,184,202,61,76,76,104,119,146,175,175,187,187,204,204,303,303,303],"floor_reached":35,"playtime":1874,"items_purged":[],"score":521,"play_id":"6a65f740-6156-42ba-83fb-51615cd60173","local_time":"20180918234212","is_ascension_mode":true,"campfire_choices":[{"data":"Uppercut","floor":6,"key":"SMITH"},{"floor":8,"key":"REST"},{"floor":15,"key":"REST"},{"data":"Bash","floor":23,"key":"SMITH"},{"floor":28,"key":"REST"},{"data":"Clothesline","floor":32,"key":"SMITH"}],"neow_cost":"TEN_PERCENT_HP_LOSS","seed_source_timestamp":473170465323931,"circlet_count":0,"master_deck":["Defend_R","Defend_R","Defend_R","Defend_R","Bash+1","Armaments+1","Sword Boomerang","Uppercut+1","Cleave","True Grit","Pommel Strike","Clothesline+1","Disarm","Reaper","Iron Wave","Limit Break","Disarm+1","Iron Wave","Spot Weakness","Pommel Strike","Pommel Strike","Dual Wield+1","Dual Wield+1","Bite","Bite","Bite","Bite","Bite","Reaper","Bludgeon"],"relics":["Burning Blood","Magic Flower","Champion Belt","Calipers","Odd Mushroom","Snecko Eye","Toxic Egg 2","Centennial Puzzle","Pen Nib","Runic Pyramid"],"potions_floor_usage":[16,16,16,21,33],"damage_taken":[{"damage":0,"enemies":"Small Slimes","floor":1,"turns":4},{"damage":5,"enemies":"Cultist","floor":2,"turns":5},{"damage":2,"enemies":"2 Louse","floor":4,"turns":2},{"damage":29,"enemies":"Lagavulin","floor":7,"turns":8},{"damage":7,"enemies":"2 Fungi Beasts","floor":10,"turns":4},{"damage":21,"enemies":"The Mushroom Lair","floor":11,"turns":3},{"damage":36,"enemies":"Exordium Thugs","floor":14,"turns":6},{"damage":37,"enemies":"Slime Boss","floor":16,"turns":9},{"damage":21,"enemies":"Chosen","floor":18,"turns":5},{"damage":6,"enemies":"Spheric Guardian","floor":20,"turns":3},{"damage":7,"enemies":"Snecko","floor":22,"turns":5},{"damage":20,"enemies":"Book of Stabbing","floor":24,"turns":7},{"damage":5,"enemies":"Shelled Parasite and Fungi","floor":25,"turns":4},{"damage":39,"enemies":"Slavers","floor":27,"turns":6},{"damage":16,"enemies":"Cultist and Chosen","floor":29,"turns":5},{"damage":23,"enemies":"Snake Plant","floor":31,"turns":5},{"damage":44,"enemies":"Champ","floor":33,"turns":9},{"damage":65,"enemies":"3 Darklings","floor":35,"turns":6}],"seed_played":"5155776939675956753","potions_obtained":[{"floor":1,"key":"Strength Potion"},{"floor":11,"key":"Fire Potion"},{"floor":14,"key":"Ancient Potion"},{"floor":22,"key":"BloodPotion"},{"floor":29,"key":"LiquidBronze"},{"floor":31,"key":"GamblersBrew"},{"floor":33,"key":"Strength Potion"}],"is_trial":false,"path_per_floor":["M","M","?","M","?","R","E","R","T","M","?","?","$","M","R","B",null,"M","?","M","$","M","R","E","M","T","E","R","M","?","M","R","B",null],"character_chosen":"IRONCLAD","items_purchased":["Disarm","Reaper","Fruit Juice","Iron Wave"],"campfire_rested":3,"item_purchase_floors":[13,13,21,21],"current_hp_per_floor":[72,72,65,72,72,72,52,72,72,72,60,60,60,48,69,54,68,65,52,55,60,62,62,60,64,64,34,58,57,57,48,48,38,52,30],"gold":303,"neow_bonus":"ONE_RARE_RELIC","is_prod":false,"is_daily":false,"chose_seed":false,"campfire_upgraded":3,"win_rate":0,"timestamp":1537328532,"path_taken":["M","M","?","M","?","R","E","R","T","?","?","?","$","M","R","BOSS","M","?","?","$","M","R","E","?","T","E","R","M","?","M","R","BOSS","M"],"build_version":"2018-09-06","purchased_purges":0,"victory":false,"max_hp_per_floor":[72,72,72,72,72,72,72,72,72,72,72,72,72,72,72,72,72,72,77,77,82,82,82,82,82,82,82,82,82,57,57,57,57,57,57],"card_choices":[{"not_picked":["Bloodletting","Wild Strike"],"picked":"Armaments","floor":1},{"not_picked":["Wild Strike","Rampage"],"picked":"Sword Boomerang","floor":2},{"not_picked":["Sentinel","Headbutt"],"picked":"Uppercut","floor":4},{"not_picked":["Uppercut","Thunderclap"],"picked":"True Grit","floor":7},{"not_picked":["Sword Boomerang","Shrug It Off"],"picked":"Pommel Strike","floor":10},{"not_picked":["Perfected Strike","Flex"],"picked":"Clothesline","floor":11},{"not_picked":["Flex","Anger"],"picked":"Iron Wave","floor":14},{"not_picked":["Exhume","Fiend Fire"],"picked":"Limit Break","floor":16},{"not_picked":["Rupture","Whirlwind+1"],"picked":"Disarm+1","floor":18},{"not_picked":["Headbutt","Body Slam+1","Twin Strike"],"picked":"SKIP","floor":20},{"not_picked":["Armaments","Rampage"],"picked":"Spot Weakness","floor":22},{"not_picked":["Searing Blow","Second Wind"],"picked":"Pommel Strike","floor":24},{"not_picked":["Anger","Second Wind+1"],"picked":"Pommel Strike","floor":25},{"not_picked":["Armaments+1","Sword Boomerang+1"],"picked":"Dual Wield+1","floor":27},{"not_picked":["Pommel Strike","True Grit+1"],"picked":"Dual Wield+1","floor":29},{"not_picked":["Twin Strike","Power Through+1"],"picked":"Reaper","floor":31},{"not_picked":["Immolate","Fiend Fire"],"picked":"Bludgeon","floor":33}],"player_experience":125237,"relics_obtained":[{"floor":7,"key":"Champion Belt"},{"floor":9,"key":"Calipers"},{"floor":11,"key":"Odd Mushroom"},{"floor":24,"key":"Toxic Egg 2"},{"floor":26,"key":"Centennial Puzzle"},{"floor":27,"key":"Pen Nib"}],"event_choices":[{"event_name":"FaceTrader","player_choice":"Touch","floor":3,"damage_taken":0},{"event_name":"Transmorgrifier","player_choice":"Transform","floor":5,"damage_taken":0},{"event_name":"Mushrooms","player_choice":"Fought Mushrooms","floor":11,"damage_taken":0},{"event_name":"Living Wall","player_choice":"Grow","floor":12,"damage_taken":0},{"event_name":"Forgotten Altar","player_choice":"Shed Blood","floor":19,"damage_taken":0},{"event_name":"Vampires","player_choice":"Became a vampire","floor":30,"damage_taken":0}],"is_beta":false,"boss_relics":[{"not_picked":["Mark of Pain","Pandora\u0027s Box"],"picked":"Snecko Eye"},{"not_picked":["Astrolabe","Runic Cube"],"picked":"Runic Pyramid"}],"items_purged_floors":[],"is_endless":false,"potions_floor_spawned":[1,11,14,22,29,31,33],"killed_by":"3 Darklings","ascension_level":5}