{"gold_per_floor":[115,141,151,12,12,12,46,46,46,66,66,66,81,91,91,165,195,208,408,19,34,52,52,63,98,98,98,118,135,135,146,146,220,220,232,247,12,0,0,0,11,11,11,11,11,11,11,43,43,43],"floor_reached":50,"playtime":3936,"items_purged":["Normality","Injury"],"score":948,"play_id":"e85bdc97-5b43-47f3-8980-2fe13454bae4","local_time":"20190306191649","is_ascension_mode":true,"campfire_choices":[{"floor":6.0,"key":"REST"},{"floor":8.0,"key":"REST"},{"data":"Buffer","floor":11.0,"key":"SMITH"},{"data":"Lockon","floor":15.0,"key":"SMITH"},{"floor":23.0,"key":"REST"},{"floor":30.0,"key":"REST"},{"floor":32.0,"key":"REST"},{"floor":40.0,"key":"REST"},{"data":"Echo Form","floor":46.0,"key":"SMITH"},{"floor":49.0,"key":"REST"}],"neow_cost":"NONE","seed_source_timestamp":90702167062947,"circlet_count":0,"master_deck":["AscendersBane","Strike_B","Strike_B","Strike_B","Strike_B","Defend_B","Defend_B","Defend_B+1","Defend_B+1","Zap+1","Dualcast","Lockon+1","Cold Snap","Hello World+1","Hologram","Buffer+1","Stack","Echo Form+1","Clumsy","Chill+1","Storm","Sunder+1","Amplify","Steam","Loop","Darkness","White Noise","Capacitor","Loop","Redo","Core Surge+1","Cold Snap+1","Loop+1","White Noise","Jack Of All Trades","BootSequence","Glacier+1"],"special_seed":0,"relics":["FrozenCore","War Paint","Gremlin Horn","Centennial Puzzle","Odd Mushroom","Blood Vial","Calling Bell","Tiny Chest","Molten Egg 2","Gambling Chip","Omamori","Cables","Red Mask","Juzu Bracelet","Peace Pipe","Sundial"],"potions_floor_usage":[50],"damage_taken":[{"damage":1.0,"enemies":"Cultist","floor":1.0,"turns":3.0},{"damage":2.0,"enemies":"Small Slimes","floor":3.0,"turns":3.0},{"damage":8.0,"enemies":"Lagavulin","floor":7.0,"turns":5.0},{"damage":0.0,"enemies":"The Mushroom Lair","floor":10.0,"turns":3.0},{"damage":0.0,"enemies":"2 Louse","floor":13.0,"turns":2.0},{"damage":0.0,"enemies":"Large Slime","floor":14.0,"turns":5.0},{"damage":45.0,"enemies":"Hexaghost","floor":16.0,"turns":13.0},{"damage":0.0,"enemies":"Spheric Guardian","floor":18.0,"turns":4.0},{"damage":22.0,"enemies":"3 Byrds","floor":21.0,"turns":5.0},{"damage":0.0,"enemies":"Snecko","floor":22.0,"turns":6.0},{"damage":10.0,"enemies":"Shelled Parasite and Fungi","floor":24.0,"turns":8.0},{"damage":14.0,"enemies":"Book of Stabbing","floor":25.0,"turns":4.0},{"damage":0.0,"enemies":"Centurion and Healer","floor":28.0,"turns":6.0},{"damage":38.0,"enemies":"Snake Plant","floor":29.0,"turns":3.0},{"damage":19.0,"enemies":"3 Cultists","floor":31.0,"turns":5.0},{"damage":42.0,"enemies":"Collector","floor":33.0,"turns":11.0},{"damage":12.0,"enemies":"Orb Walker","floor":35.0,"turns":4.0},{"damage":24.0,"enemies":"3 Darklings","floor":36.0,"turns":9.0},{"damage":0.0,"enemies":"Sphere and 2 Shapes","floor":41.0,"turns":5.0},{"damage":20.0,"enemies":"Giant Head","floor":48.0,"turns":9.0},{"damage":87,"enemies":"Time Eater","floor":50,"turns":11}],"seed_played":"-4914591555671451482","potions_obtained":[{"floor":3.0,"key":"AttackPotion"},{"floor":7.0,"key":"Poison Potion"},{"floor":14.0,"key":"Fire Potion"},{"floor":21.0,"key":"FearPotion"},{"floor":24.0,"key":"Block Potion"},{"floor":29.0,"key":"Weak Potion"},{"floor":35.0,"key":"SteroidPotion"},{"floor":48.0,"key":"GamblersBrew"}],"is_trial":false,"path_per_floor":["M","T","M","$","?","R","E","R","T","?","R","T","M","M","R","B",null,"M","?","$","M","M","R","M","E","T","$","M","M","R","M","R","B",null,"M","M","$","?","?","R","M","?","T","$","T","R","?","E","R","B"],"character_chosen":"DEFECT","items_purchased":["Hello World","PowerPotion","Storm","Sunder+1","Amplify","White Noise","AttackPotion"],"campfire_rested":7,"item_purchase_floors":[4,4,20,20,20,37,37],"current_hp_per_floor":[70,70,68,68,45,68,60,78,78,78,78,78,78,78,78,33,67,69,69,69,49,51,74,66,54,54,54,56,20,43,26,49,9,61,51,29,29,29,29,52,54,70,70,70,70,70,70,52,75,0],"gold":43,"neow_bonus":"TEN_PERCENT_HP_BONUS","is_prod":false,"is_daily":false,"chose_seed":false,"campfire_upgraded":3,"win_rate":0,"timestamp":1551892609,"path_taken":["M","?","M","?","?","R","E","R","T","?","R","?","M","M","R","BOSS","M","?","$","M","M","R","M","E","T","?","M","M","R","?","R","BOSS","M","M","$","?","?","R","M","?","T","?","?","R","?","E","R","BOSS"],"build_version":"2019-01-23","purchased_purges":2,"victory":false,"max_hp_per_floor":[78,78,78,78,78,78,78,78,78,78,78,78,78,78,78,78,78,78,78,78,78,78,78,78,78,78,78,78,78,78,78,78,78,78,78,78,78,78,78,78,78,78,78,78,78,78,78,78,78,78],"card_choices":[{"not_picked":["Compile Driver","Reprogram"],"picked":"Lockon","floor":1.0},{"not_picked":["Coolheaded","Turbo"],"picked":"Cold Snap","floor":3.0},{"not_picked":["Rip and Tear","Steam Power"],"picked":"Hologram","floor":7.0},{"not_picked":["Chill","Gash"],"picked":"Buffer","floor":10.0},{"not_picked":["Blizzard","Redo"],"picked":"Heatsinks","floor":13.0},{"not_picked":["Genetic Algorithm","Compile Driver"],"picked":"Stack","floor":14.0},{"not_picked":["Thunder Strike","Meteor Strike"],"picked":"Echo Form","floor":16.0},{"not_picked":["Hologram","Melter+1"],"picked":"Chill+1","floor":18.0},{"not_picked":["Aggregate","Turbo"],"picked":"Steam","floor":21.0},{"not_picked":["Rebound+1","Sunder+1"],"picked":"Loop","floor":22.0},{"not_picked":["Redo","Sweeping Beam+1"],"picked":"Darkness","floor":24.0},{"not_picked":["Capacitor+1","Conserve Battery"],"picked":"White Noise","floor":25.0},{"not_picked":["Beam Cell+1","Sweeping Beam+1"],"picked":"Capacitor","floor":28.0},{"not_picked":["Doom and Gloom+1","Turbo"],"picked":"Loop","floor":29.0},{"not_picked":["Coolheaded","Auto Shields"],"picked":"Redo","floor":31.0},{"not_picked":["Reboot","Machine Learning"],"picked":"Core Surge+1","floor":33.0},{"not_picked":["Scrape+1","Undo+1"],"picked":"Cold Snap+1","floor":35.0},{"not_picked":["Leap+1","Conserve Battery"],"picked":"Loop+1","floor":36.0},{"not_picked":["PanicButton","Forethought"],"picked":"Jack Of All Trades","floor":39.0},{"not_picked":["Compile Driver+1","Consume"],"picked":"BootSequence","floor":41.0},{"not_picked":["Hologram","Stack"],"picked":"Glacier+1","floor":48.0}],"player_experience":1044469,"relics_obtained":[{"floor":2.0,"key":"War Paint"},{"floor":7.0,"key":"Gremlin Horn"},{"floor":9.0,"key":"Centennial Puzzle"},{"floor":10.0,"key":"Odd Mushroom"},{"floor":12.0,"key":"Blood Vial"},{"floor":17.0,"key":"Tiny Chest"},{"floor":17.0,"key":"Molten Egg 2"},{"floor":17.0,"key":"Gambling Chip"},{"floor":25.0,"key":"Omamori"},{"floor":26.0,"key":"Cables"},{"floor":43.0,"key":"Juzu Bracelet"},{"floor":45.0,"key":"Peace Pipe"},{"floor":48.0,"key":"Sundial"}],"event_choices":[{"damage_healed":0.0,"max_hp_gain":0.0,"max_hp_loss":0.0,"gold_gain":0.0,"event_name":"Shining Light","player_choice":"Entered Light","floor":5.0,"gold_loss":0.0,"damage_taken":23.0,"cards_upgraded":["Hello World","Defend_B"]},{"damage_healed":0.0,"max_hp_gain":0.0,"max_hp_loss":0.0,"gold_gain":0.0,"event_name":"Mushrooms","player_choice":"Fought Mushrooms","floor":10.0,"gold_loss":0.0,"damage_taken":0.0},{"damage_healed":0.0,"max_hp_gain":0.0,"max_hp_loss":0.0,"gold_gain":250.0,"event_name":"The Joust","player_choice":"Bet on Owner","floor":19.0,"gold_loss":50.0,"damage_taken":0.0},{"damage_healed":0.0,"max_hp_gain":0.0,"max_hp_loss":0.0,"gold_gain":0.0,"event_name":"Tomb of Lord Red Mask","player_choice":"Paid","floor":38.0,"gold_loss":12.0,"damage_taken":0.0,"relics_obtained":["Red Mask"]},{"damage_healed":0.0,"max_hp_gain":0.0,"max_hp_loss":0.0,"gold_gain":0.0,"event_name":"SensoryStone","player_choice":"Memory 1","floor":39.0,"gold_loss":0.0,"damage_taken":0.0},{"damage_healed":16.0,"max_hp_gain":0.0,"max_hp_loss":0.0,"gold_gain":0.0,"event_name":"Winding Halls","player_choice":"Writhe","floor":42.0,"gold_loss":0.0,"damage_taken":0.0,"cards_obtained":["Writhe"]},{"cards_removed":["Heatsinks"],"damage_healed":0.0,"max_hp_gain":0.0,"max_hp_loss":0.0,"gold_gain":0.0,"event_name":"Falling","player_choice":"Removed Power","floor":47.0,"gold_loss":0.0,"damage_taken":0.0}],"is_beta":false,"boss_relics":[{"not_picked":["Empty Cage","White Beast Statue"],"picked":"Calling Bell"},{"not_picked":["Snecko Eye","Fusion Hammer"],"picked":"FrozenCore"}],"items_purged_floors":[20,37],"is_endless":false,"potions_floor_spawned":[3,7,14,21,24,29,35,48],"killed_by":"Time Eater","ascension_level":16}