{"gold_per_floor":[114,114,144,159,171,171,171,202,202,202,233,233,233],"floor_reached":13,"playtime":243,"items_purged":[],"score":182,"play_id":"0e22ca18-f218-495e-b03d-564bc8b529c7","local_time":"20190316160809","is_ascension_mode":true,"campfire_choices":[{"data":"Cleave","floor":6,"key":"SMITH"},{"floor":12,"key":"REST"}],"neow_cost":"NONE","seed_source_timestamp":194674257630500,"circlet_count":0,"master_deck":["AscendersBane","Strike_R","Strike_R","Strike_R","Strike_R","Strike_R","Defend_R+1","Defend_R","Defend_R+1","Defend_R","Bash","Feel No Pain+1","Shrug It Off","Cleave+1","Second Wind","Demon Form"],"relics":["Burning Blood","NeowsBlessing","Prayer Wheel","Tiny Chest","War Paint","FossilizedHelix","Shuriken"],"potions_floor_usage":[],"damage_taken":[{"damage":0,"enemies":"Jaw Worm","floor":1,"turns":1},{"damage":0,"enemies":"2 Louse","floor":4,"turns":1},{"damage":0,"enemies":"Cultist","floor":5,"turns":1},{"damage":57,"enemies":"Lagavulin","floor":8,"turns":9},{"damage":49,"enemies":"Gremlin Nob","floor":11,"turns":6},{"damage":20,"enemies":"Lagavulin","floor":13,"turns":7}],"seed_played":"-5010568149087211480","potions_obtained":[{"floor":1,"key":"Weak Potion"},{"floor":4,"key":"FairyPotion"}],"is_trial":false,"path_per_floor":["M","?","?","M","M","R","?","E","T","?","E","R","E"],"character_chosen":"IRONCLAD","items_purchased":[],"campfire_rested":1,"item_purchase_floors":[],"current_hp_per_floor":[74,69,69,75,75,75,75,24,24,24,12,34,14],"gold":233,"neow_bonus":"THREE_ENEMY_KILL","is_prod":false,"is_daily":false,"chose_seed":false,"campfire_upgraded":1,"win_rate":0,"timestamp":1552720089,"path_taken":["M","?","?","?","M","R","?","E","T","?","E","R","E"],"build_version":"2019-01-23","purchased_purges":0,"victory":false,"max_hp_per_floor":[75,75,75,75,75,75,75,75,75,75,75,75,75],"card_choices":[{"not_picked":["Warcry","True Grit"],"picked":"Feel No Pain","floor":1},{"not_picked":["Twin Strike","Thunderclap"],"picked":"Shrug It Off","floor":4},{"not_picked":["Rage","Pummel","Wild Strike"],"picked":"SKIP","floor":4},{"not_picked":["Armaments","Warcry"],"picked":"Cleave","floor":5},{"not_picked":["Wild Strike","Shrug It Off","Clash"],"picked":"SKIP","floor":5},{"not_picked":["Iron Wave","Body Slam"],"picked":"Second Wind","floor":8},{"not_picked":["True Grit","Burning Pact"],"picked":"Demon Form","floor":11}],"player_experience":2310502,"relics_obtained":[{"floor":8,"key":"War Paint"},{"floor":9,"key":"FossilizedHelix"},{"floor":11,"key":"Shuriken"}],"event_choices":[{"damage_healed":0,"gold_gain":0,"player_choice":"Success","damage_taken":5,"relics_obtained":["Prayer Wheel"],"max_hp_gain":0,"max_hp_loss":0,"event_name":"Scrap Ooze","floor":2,"gold_loss":0},{"damage_healed":0,"gold_gain":0,"player_choice":"Gave Potion","damage_taken":0,"relics_obtained":["Tiny Chest"],"max_hp_gain":0,"max_hp_loss":0,"event_name":"WeMeetAgain","floor":3,"gold_loss":0},{"damage_healed":0,"gold_gain":0,"player_choice":"Ignored","damage_taken":0,"max_hp_gain":0,"max_hp_loss":0,"event_name":"Liars Game","floor":7,"gold_loss":0},{"damage_healed":0,"gold_gain":0,"player_choice":"Forge","damage_taken":0,"max_hp_gain":0,"max_hp_loss":0,"event_name":"Accursed Blacksmith","floor":10,"gold_loss":0,"cards_upgraded":["Feel No Pain"]}],"is_beta":false,"boss_relics":[],"items_purged_floors":[],"is_endless":false,"potions_floor_spawned":[1,4],"killed_by":"Lagavulin","ascension_level":20}