{"gold_per_floor":[215,140,157,157,157,157,190,24,51,51,81,81,94,107,107,180,180],"floor_reached":17,"playtime":408,"items_purged":[],"score":326,"play_id":"a5fb7160-be61-4f99-b5a7-03cd95add5ef","local_time":"20190220171754","is_ascension_mode":true,"campfire_choices":[{"data":"Zap","floor":6,"key":"SMITH"},{"floor":10,"key":"REST"},{"floor":12,"key":"REST"},{"data":"Streamline","floor":15,"key":"SMITH"}],"neow_cost":"NONE","seed_source_timestamp":19659978706500,"circlet_count":0,"master_deck":["AscendersBane","Zap+1","Dualcast","Chill","Chill","Streamline+1","Rip and Tear","Creative AI"],"relics":["Cracked Core","Singing Bowl","Art of War","Bag of Preparation","Oddly Smooth Stone","Blood Vial","Pandora\u0027s Box"],"potions_floor_usage":[13],"damage_taken":[{"damage":0,"enemies":"Small Slimes","floor":1,"turns":3},{"damage":1,"enemies":"2 Louse","floor":3,"turns":3},{"damage":15,"enemies":"3 Sentries","floor":7,"turns":9},{"damage":37,"enemies":"Gremlin Nob","floor":11,"turns":4},{"damage":4,"enemies":"Jaw Worm","floor":13,"turns":2},{"damage":3,"enemies":"Blue Slaver","floor":14,"turns":3},{"damage":26,"enemies":"Hexaghost","floor":16,"turns":9}],"seed_played":"-7114701092330238685","potions_obtained":[{"floor":11,"key":"Swift Potion"},{"floor":14,"key":"Swift Potion"}],"is_trial":false,"path_per_floor":["M","?","M","?","T","R","E","$","T","R","E","R","M","M","R","B",null],"character_chosen":"DEFECT","items_purchased":["Bag of Preparation"],"campfire_rested":2,"item_purchase_floors":[8],"current_hp_per_floor":[64,64,63,42,42,42,27,27,27,48,13,34,32,31,31,7,7],"gold":180,"neow_bonus":"HUNDRED_GOLD","is_prod":false,"is_daily":false,"chose_seed":false,"campfire_upgraded":2,"win_rate":0,"timestamp":1550650674,"path_taken":["M","?","M","?","?","R","E","?","T","R","E","R","M","M","R","BOSS"],"build_version":"2019-01-23","purchased_purges":0,"victory":false,"max_hp_per_floor":[71,71,71,71,71,71,71,71,71,71,73,73,73,73,73,73,73],"card_choices":[{"not_picked":["Turbo","Redo"],"picked":"Chill","floor":1},{"not_picked":["Turbo","Barrage","Recycle"],"picked":"SKIP","floor":3},{"not_picked":["Steam","Chaos"],"picked":"Chill","floor":7},{"not_picked":["Hello World","Skim","Turbo"],"picked":"Singing Bowl","floor":11},{"not_picked":["Go for the Eyes","Fission"],"picked":"Streamline","floor":13},{"not_picked":["Steam","Undo"],"picked":"Rip and Tear","floor":14},{"not_picked":["Thunder Strike","All For One"],"picked":"Creative AI","floor":16}],"player_experience":1677187,"relics_obtained":[{"floor":5,"key":"Singing Bowl"},{"floor":7,"key":"Art of War"},{"floor":9,"key":"Oddly Smooth Stone"},{"floor":11,"key":"Blood Vial"}],"event_choices":[{"cards_removed":["Defend_B"],"damage_healed":0,"gold_gain":0,"player_choice":"Card Removal","damage_taken":0,"max_hp_gain":0,"max_hp_loss":0,"event_name":"The Cleric","floor":2,"gold_loss":75},{"damage_healed":0,"gold_gain":0,"player_choice":"Entered Light","damage_taken":21,"max_hp_gain":0,"max_hp_loss":0,"event_name":"Shining Light","floor":4,"gold_loss":0,"cards_upgraded":["Strike_B","Strike_B"]}],"is_beta":false,"boss_relics":[{"not_picked":["Ectoplasm","Lizard Tail"],"picked":"Pandora\u0027s Box"}],"items_purged_floors":[],"is_endless":false,"potions_floor_spawned":[11,14],"ascension_level":20}