{"gold_per_floor":[218,236,33,43,61,96,106,106,106,134,85,105,105,120,120,223,223,233,233,233,245,245],"floor_reached":22,"playtime":1220,"items_purged":[],"score":287,"play_id":"7e428c7f-abe4-468e-981d-13dd78422db0","local_time":"20180709220210","is_ascension_mode":true,"campfire_choices":[{"floor":8,"key":"REST"},{"data":"Defend_R","floor":15,"key":"PURGE"}],"neow_cost":"NONE","seed_source_timestamp":350328478276127,"circlet_count":0,"master_deck":["Strike_R","Strike_R","Strike_R","Strike_R","Strike_R","Defend_R","Defend_R","Defend_R","Bash","Swift Strike","Fire Breathing","Flex","Iron Wave","Rage","Anger","Iron Wave","Necronomicurse"],"relics":["Black Blood","Art of War","Thread and Needle","Peace Pipe","Necronomicon"],"potions_floor_usage":[4,5,7,7,16,16,16,21,22],"damage_taken":[{"damage":4,"enemies":"Small Slimes","floor":1,"turns":4},{"damage":13,"enemies":"Jaw Worm","floor":2,"turns":4},{"damage":1,"enemies":"2 Louse","floor":4,"turns":2},{"damage":0,"enemies":"2 Fungi Beasts","floor":5,"turns":4},{"damage":34,"enemies":"3 Sentries","floor":6,"turns":11},{"damage":1,"enemies":"Blue Slaver","floor":7,"turns":4},{"damage":22,"enemies":"Gremlin Nob","floor":10,"turns":4},{"damage":0,"enemies":"Large Slime","floor":12,"turns":4},{"damage":1,"enemies":"2 Fungi Beasts","floor":14,"turns":3},{"damage":73,"enemies":"Hexaghost","floor":16,"turns":10},{"damage":20,"enemies":"Chosen","floor":18,"turns":6},{"damage":4,"enemies":"3 Byrds","floor":21,"turns":5},{"damage":48,"enemies":"Centurion and Healer","floor":22,"turns":5}],"seed_played":"3635043065593661979","potions_obtained":[{"floor":4,"key":"Weak Potion"},{"floor":6,"key":"Swift Potion"},{"floor":7,"key":"PowerPotion"},{"floor":10,"key":"Fire Potion"},{"floor":12,"key":"Dexterity Potion"},{"floor":18,"key":"SkillPotion"},{"floor":21,"key":"SkillPotion"}],"is_trial":false,"path_per_floor":["M","M","$","M","M","E","M","R","T","E","$","M","?","M","R","B",null,"M","?","?","M"],"character_chosen":"IRONCLAD","items_purchased":["AttackPotion","Block Potion","Swift Strike","Anger"],"campfire_rested":1,"item_purchase_floors":[3,3,3,11],"current_hp_per_floor":[74,67,67,72,78,50,55,79,79,63,63,69,74,79,79,12,67,57,57,41,47,0],"gold":245,"neow_bonus":"HUNDRED_GOLD","is_prod":false,"is_daily":false,"chose_seed":false,"campfire_upgraded":0,"win_rate":0,"timestamp":1531162930,"path_taken":["M","M","$","M","M","E","M","R","T","E","$","M","?","M","R","BOSS","M","?","?","?","M"],"build_version":"2018-07-05","purchased_purges":0,"victory":false,"max_hp_per_floor":[80,80,80,80,80,80,80,80,80,80,80,80,85,85,85,85,85,85,85,85,85,85],"card_choices":[{"not_picked":["Sword Boomerang","Armaments","Seeing Red"],"picked":"SKIP","floor":1},{"not_picked":["Clothesline","Spot Weakness","Rupture"],"picked":"SKIP","floor":2},{"not_picked":["Warcry","Anger"],"picked":"Fire Breathing","floor":4},{"not_picked":["Power Through","Heavy Blade"],"picked":"Flex","floor":5},{"not_picked":["Flame Barrier","Warcry","Wild Strike"],"picked":"SKIP","floor":6},{"not_picked":["Armaments","Pommel Strike"],"picked":"Iron Wave","floor":7},{"not_picked":["Corruption","Searing Blow"],"picked":"Rage","floor":10},{"not_picked":["Havoc","Flex","Disarm"],"picked":"SKIP","floor":12},{"not_picked":["Headbutt","Wild Strike","Barricade"],"picked":"SKIP","floor":14},{"not_picked":["Body Slam+1","Feel No Pain+1"],"picked":"Iron Wave","floor":18},{"not_picked":["Flex","Iron Wave","Thunderclap"],"picked":"SKIP","floor":21}],"player_experience":551929,"relics_obtained":[{"floor":6,"key":"Art of War"},{"floor":9,"key":"Thread and Needle"},{"floor":10,"key":"Peace Pipe"},{"floor":20,"key":"Necronomicon"}],"event_choices":[{"event_name":"Big Fish","player_choice":"Donut","floor":13,"damage_taken":0},{"event_name":"Ghosts","player_choice":"Ignored","floor":19,"damage_taken":0},{"event_name":"Cursed Tome","player_choice":"Obtained Book","floor":20,"damage_taken":0}],"boss_relics":[{"not_picked":["Black Star","Pandora\u0027s Box"],"picked":"Black Blood"}],"items_purged_floors":[],"is_endless":false,"potions_floor_spawned":[4,6,7,10,12,14,18,21],"killed_by":"Centurion and Healer","ascension_level":9}