{"path_per_floor":["M","M","?","$","M","E","M","R","T","$","?","?","R","$","R","B",null,"M","M","M"],"character_chosen":"IRONCLAD","items_purchased":["Infernal Blade","Medical Kit","Jack Of All Trades"],"gold_per_floor":[112,129,129,129,149,179,189,189,212,137,387,462,462,93,93,197,197,214,225,243,243],"floor_reached":21,"campfire_rested":2,"playtime":1156,"current_hp_per_floor":[77,79,72,72,72,51,42,66,66,66,66,55,79,79,79,50,73,69,59,51,0],"items_purged":["Defend_R"],"gold":243,"score":242,"play_id":"75ff58fb-4325-4456-9f9b-604e9a75f5cb","local_time":"20180323214521","is_prod":false,"is_daily":false,"is_ascension_mode":true,"campfire_upgraded":1,"timestamp":1521834321,"path_taken":["M","?","?","$","?","E","M","R","T","?","?","?","R","$","R","BOSS","M","?","M","?"],"build_version":"2018-03-22v2","purchased_purges":1,"victory":false,"master_deck":["Strike_R","Strike_R","Strike_R","Strike_R","Strike_R","Defend_R","Defend_R","Bash+1","Iron Wave","Sentinel","Rage","Iron Wave","Spot Weakness","Regret","Infernal Blade+1","Jack Of All Trades","Demon Form","Injury","Injury","Doubt","Carnage+1","Clash"],"max_hp_per_floor":[80,80,80,80,80,80,80,80,80,80,80,80,80,80,80,80,80,80,80,80,80],"relics":["Burning Blood","Du-Vu Doll","Oddly Smooth Stone","Medical Kit","Calling Bell","Ornamental Fan","Anchor","Bird Faced Urn"],"card_choices":[{"not_picked":["True Grit","Fire Breathing"],"picked":"Iron Wave","floor":1},{"not_picked":["Blood for Blood","Anger"],"picked":"Sentinel","floor":2},{"not_picked":["Pommel Strike","True Grit"],"picked":"Rage","floor":5},{"not_picked":["Rampage","Evolve"],"picked":"Iron Wave","floor":6},{"not_picked":["Thunderclap","Clash"],"picked":"Spot Weakness","floor":7},{"not_picked":["Juggernaut","Bludgeon"],"picked":"Demon Form","floor":16},{"not_picked":["Feel No Pain","Sword Boomerang"],"picked":"Carnage","floor":19},{"not_picked":["Double Tap","True Grit"],"picked":"Clash","floor":20}],"player_experience":315662,"potions_floor_usage":[6,7,16,19,19],"damage_taken":[{"damage":1,"enemies":"Cultist","floor":1,"turns":3},{"damage":4,"enemies":"Jaw Worm","floor":2,"turns":5},{"damage":6,"enemies":"2 Louse","floor":5,"turns":4},{"damage":27,"enemies":"Gremlin Nob","floor":6,"turns":4},{"damage":15,"enemies":"Lots of Slimes","floor":7,"turns":8},{"damage":35,"enemies":"The Guardian","floor":16,"turns":8},{"damage":10,"enemies":"Shell Parasite","floor":18,"turns":3},{"damage":18,"enemies":"3 Byrds","floor":19,"turns":5},{"damage":14,"enemies":"Snake Plant","floor":20,"turns":3},{"damage":54,"enemies":"3 Cultists","floor":21,"turns":6}],"event_choices":[{"event_name":"Golden Wing","player_choice":"Card Removal","floor":3,"damage_taken":0},{"event_name":"Golden Shrine","player_choice":"Desecrate","floor":11,"damage_taken":0},{"event_name":"World of Goop","player_choice":"Gather Gold","floor":12,"damage_taken":0}],"boss_relics":[{"not_picked":["Black Blood","Tiny House"],"picked":"Calling Bell"}],"potions_floor_spawned":[2,6,7,16,18],"seed_played":"1868225288309075692","killed_by":"3 Cultists","ascension_level":7,"is_trial":false}