{"gold_per_floor":[110,120,131,206,1,1,34,34,34,34,56,82,82,98,98,194,194,209,209,134,147,57,88,106,138,138,158,189,189,200,213,213,308,308,328,342,355,114,130,155,155,175,202,30,44,77,91,120,120,120,120,120,41,68,68],"floor_reached":56,"playtime":4458,"items_purged":["Strike_R","Strike_R","Writhe"],"score":1516,"play_id":"fe6baf28-2fef-4455-a106-b734d571be02","local_time":"20190228220410","is_ascension_mode":true,"campfire_choices":[{"data":"Body Slam","floor":6,"key":"SMITH"},{"data":"Shrug It Off","floor":8,"key":"SMITH"},{"data":"Demon Form","floor":10,"key":"SMITH"},{"data":"Armaments","floor":13,"key":"SMITH"},{"data":"Metallicize","floor":15,"key":"SMITH"},{"data":"Shockwave","floor":29,"key":"SMITH"},{"data":"Juggernaut","floor":32,"key":"SMITH"},{"floor":49,"key":"RECALL"},{"data":"True Grit","floor":52,"key":"SMITH"}],"neow_cost":"NONE","seed_source_timestamp":1301858064172900,"circlet_count":0,"master_deck":["Strike_R","Defend_R","Defend_R","Defend_R","Defend_R","Bash+1","Body Slam+1","Metallicize+1","Pommel Strike","Shrug It Off+1","Evolve+1","Demon Form+1","Sword Boomerang+1","Armaments+1","Clothesline+1","Impervious","Whirlwind+1","Whirlwind+1","Heavy Blade+1","Shockwave+1","Thunderclap+1","Body Slam+1","Juggernaut+1","Reaper+1","Disarm+1","Dual Wield+1","Feed+1","Pummel+1","True Grit+1","Corruption+1","Feel No Pain"],"relics":["Burning Blood","Thread and Needle","Molten Egg 2","Odd Mushroom","Pear","Cursed Key","MutagenicStrength","Paper Frog","Mercury Hourglass","Anchor","Snecko Eye","Gremlin Horn","Pantograph","Blue Candle","Shuriken"],"potions_floor_usage":[7,16,23,28,55,55],"damage_taken":[{"damage":4,"enemies":"Jaw Worm","floor":1,"turns":4},{"damage":7,"enemies":"2 Louse","floor":2,"turns":3},{"damage":1,"enemies":"Small Slimes","floor":3,"turns":4},{"damage":25,"enemies":"Gremlin Nob","floor":7,"turns":4},{"damage":12,"enemies":"The Mushroom Lair","floor":11,"turns":6},{"damage":12,"enemies":"3 Sentries","floor":12,"turns":9},{"damage":0,"enemies":"Exordium Thugs","floor":14,"turns":4},{"damage":10,"enemies":"The Guardian","floor":16,"turns":8},{"damage":1,"enemies":"Chosen","floor":18,"turns":5},{"damage":0,"enemies":"3 Byrds","floor":21,"turns":4},{"damage":3,"enemies":"Slavers","floor":23,"turns":2},{"damage":8,"enemies":"Cultist and Chosen","floor":24,"turns":4},{"damage":8,"enemies":"Book of Stabbing","floor":25,"turns":6},{"damage":2,"enemies":"Shelled Parasite and Fungi","floor":27,"turns":5},{"damage":14,"enemies":"Slavers","floor":28,"turns":4},{"damage":2,"enemies":"Centurion and Healer","floor":30,"turns":5},{"damage":0,"enemies":"Snake Plant","floor":31,"turns":1},{"damage":10,"enemies":"Automaton","floor":33,"turns":6},{"damage":0,"enemies":"3 Darklings","floor":35,"turns":1},{"damage":6,"enemies":"3 Shapes","floor":36,"turns":1},{"damage":5,"enemies":"Jaw Worm Horde","floor":37,"turns":4},{"damage":13,"enemies":"3 Darklings","floor":39,"turns":4},{"damage":1,"enemies":"Giant Head","floor":40,"turns":6},{"damage":4,"enemies":"Spire Growth","floor":42,"turns":4},{"damage":0,"enemies":"Jaw Worm Horde","floor":45,"turns":1},{"damage":0,"enemies":"Nemesis","floor":46,"turns":6},{"damage":29,"enemies":"4 Shapes","floor":47,"turns":3},{"damage":14,"enemies":"Giant Head","floor":48,"turns":6},{"damage":56,"enemies":"Donu and Deca","floor":50,"turns":6},{"damage":48,"enemies":"Shield and Spear","floor":54,"turns":5},{"damage":69,"enemies":"The Heart","floor":55,"turns":6}],"seed_played":"-7514148018992992668","potions_obtained":[{"floor":3,"key":"Fire Potion"},{"floor":7,"key":"Poison Potion"},{"floor":12,"key":"Block Potion"},{"floor":14,"key":"SkillPotion"},{"floor":16,"key":"Strength Potion"},{"floor":24,"key":"Ancient Potion"},{"floor":28,"key":"PowerPotion"},{"floor":31,"key":"SteroidPotion"},{"floor":37,"key":"LiquidBronze"}],"is_trial":false,"path_per_floor":["M","M","M","?","$","R","E","R","T","R","?","E","R","M","R","B",null,"M","?","?","M","?","E","M","E","T","M","E","R","M","M","R","B",null,"M","M","M","$","M","E","?","M","T","$","M","E","M","E","R","B",null,"R","$","E","B",null],"character_chosen":"IRONCLAD","items_purchased":["Shrug It Off","Evolve","Feed+1","True Grit","Feel No Pain"],"campfire_rested":0,"item_purchase_floors":[5,5,38,44,53],"current_hp_per_floor":[80,79,80,69,69,69,50,50,50,50,44,48,48,54,54,50,90,90,90,90,90,90,90,88,86,86,90,82,82,86,90,90,86,90,90,90,90,90,87,94,94,94,94,94,94,94,97,93,93,86,106,106,106,86,56],"gold":68,"neow_bonus":"UPGRADE_CARD","is_prod":false,"is_daily":false,"chose_seed":false,"campfire_upgraded":8,"win_rate":0,"timestamp":1551409450,"path_taken":["M","M","M","?","$","R","E","R","T","R","?","E","R","M","R","BOSS","M","?","?","M","?","E","M","E","T","?","E","R","M","M","R","BOSS","M","M","M","$","M","E","?","M","T","$","?","E","?","E","R","BOSS","R","$","E","BOSS"],"build_version":"2019-01-23","purchased_purges":3,"victory":true,"max_hp_per_floor":[80,80,80,80,80,80,80,80,80,80,80,90,90,90,90,90,90,90,90,90,90,90,90,90,90,90,90,90,90,90,90,90,90,90,90,90,90,90,94,94,94,94,94,94,94,94,98,102,102,106,106,106,106,106,106],"card_choices":[{"not_picked":["Heavy Blade","Thunderclap"],"picked":"Body Slam","floor":1},{"not_picked":["Headbutt","Warcry"],"picked":"Metallicize","floor":2},{"not_picked":["Clothesline","Flex"],"picked":"Pommel Strike","floor":3},{"not_picked":["Sever Soul","Combust"],"picked":"Demon Form","floor":7},{"not_picked":["Uppercut+1","Shockwave"],"picked":"Sword Boomerang+1","floor":11},{"not_picked":["Cleave+1","Headbutt+1"],"picked":"Armaments","floor":12},{"not_picked":["Pommel Strike+1","Sword Boomerang+1"],"picked":"Clothesline+1","floor":14},{"not_picked":["Double Tap","Offering"],"picked":"Impervious","floor":16},{"not_picked":["Hemokinesis+1","Fire Breathing"],"picked":"Whirlwind+1","floor":18},{"not_picked":["Evolve","Headbutt+1","Entrench+1"],"picked":"SKIP","floor":21},{"not_picked":["Rampage+1","Sword Boomerang+1"],"picked":"Whirlwind+1","floor":23},{"not_picked":["Warcry","Ghostly Armor"],"picked":"Heavy Blade+1","floor":24},{"not_picked":["Burning Pact+1","Iron Wave+1"],"picked":"Shockwave","floor":25},{"not_picked":["Pommel Strike+1","Cleave+1"],"picked":"Thunderclap+1","floor":27},{"not_picked":["Rampage+1","Pummel+1"],"picked":"Body Slam+1","floor":28},{"not_picked":["Clothesline+1","Perfected Strike+1"],"picked":"Juggernaut","floor":30},{"not_picked":["Clash+1","Hemokinesis+1","Twin Strike+1"],"picked":"SKIP","floor":31},{"not_picked":["Limit Break","Brutality"],"picked":"Reaper+1","floor":33},{"not_picked":["Body Slam+1","Anger+1","Searing Blow+1"],"picked":"SKIP","floor":35},{"not_picked":["Burning Pact+1","Pommel Strike+1"],"picked":"Disarm+1","floor":36},{"not_picked":["Shrug It Off+1","Havoc+1"],"picked":"Dual Wield","floor":37},{"not_picked":["Headbutt+1","Thunderclap+1","Inflame+1"],"picked":"SKIP","floor":39},{"not_picked":["Cleave+1","Havoc"],"picked":"Pummel+1","floor":40},{"not_picked":["Perfected Strike+1","Wild Strike+1","Iron Wave+1"],"picked":"SKIP","floor":42},{"not_picked":["Inflame+1","Cleave+1","Anger+1"],"picked":"SKIP","floor":45},{"not_picked":["Anger+1","Berserk","Blood for Blood+1"],"picked":"SKIP","floor":46},{"not_picked":["Ghostly Armor","Seeing Red+1"],"picked":"Corruption+1","floor":47},{"not_picked":["Carnage+1","Wild Strike+1","Flex+1"],"picked":"SKIP","floor":48},{"not_picked":["Feel No Pain","Bloodletting+1","Clash+1"],"picked":"SKIP","floor":54}],"player_experience":197214,"relics_obtained":[{"floor":7,"key":"Thread and Needle"},{"floor":9,"key":"Molten Egg 2"},{"floor":11,"key":"Odd Mushroom"},{"floor":12,"key":"Pear"},{"floor":23,"key":"Paper Frog"},{"floor":25,"key":"Mercury Hourglass"},{"floor":28,"key":"Anchor"},{"floor":40,"key":"Gremlin Horn"},{"floor":46,"key":"Pantograph"},{"floor":48,"key":"Blue Candle"},{"floor":54,"key":"Shuriken"}],"event_choices":[{"damage_healed":0,"gold_gain":75,"player_choice":"Gather Gold","damage_taken":11,"max_hp_gain":0,"max_hp_loss":0,"event_name":"World of Goop","floor":4,"gold_loss":0},{"damage_healed":0,"gold_gain":0,"player_choice":"Fought Mushrooms","damage_taken":0,"max_hp_gain":0,"max_hp_loss":0,"event_name":"Mushrooms","floor":11,"gold_loss":0},{"damage_healed":0,"gold_gain":0,"player_choice":"Inject Mutagens","damage_taken":0,"relics_obtained":["MutagenicStrength"],"max_hp_gain":0,"max_hp_loss":0,"event_name":"Drug Dealer","floor":19,"gold_loss":0},{"cards_removed":["Strike_R"],"damage_healed":0,"gold_gain":0,"player_choice":"Gave Gold","damage_taken":0,"max_hp_gain":0,"max_hp_loss":0,"event_name":"Beggar","floor":20,"gold_loss":75},{"cards_removed":["Strike_R"],"damage_healed":0,"gold_gain":0,"player_choice":"Upgrade and Remove","damage_taken":0,"max_hp_gain":0,"max_hp_loss":0,"event_name":"Designer","floor":22,"gold_loss":90,"cards_upgraded":["Evolve"]},{"damage_healed":0,"gold_gain":0,"player_choice":"Forge","damage_taken":0,"max_hp_gain":0,"max_hp_loss":0,"event_name":"Accursed Blacksmith","floor":41,"gold_loss":0,"cards_upgraded":["Dual Wield"]}],"is_beta":false,"boss_relics":[{"not_picked":["Runic Pyramid","Runic Dome"],"picked":"Cursed Key"},{"not_picked":["Busted Crown","Eternal Feather"],"picked":"Snecko Eye"}],"items_purged_floors":[5,38,44],"is_endless":false,"potions_floor_spawned":[3,7,12,14,16,18,24,25,28,31,37,39,45,48],"ascension_level":4}