{"gold_per_floor":[111,126,126,137,149,149,179,179,179,179,199,274,292,119,119,216,216,229,229,249,264,150,185,197,243,280,292,304,351,383,395,407,514,526,550,574,37,50,0,30,30,46,125,145,158,190,200,213,213,213],"floor_reached":51,"playtime":2318,"items_purged":["Defend_R"],"score":971,"play_id":"983f8779-4c0f-4bf6-b63f-93bf4e51a806","local_time":"20190427011320","is_ascension_mode":false,"campfire_choices":[{"data":"Uppercut","floor":6,"key":"SMITH"},{"data":"Perfected Strike","floor":10,"key":"SMITH"},{"data":"Shockwave","floor":15,"key":"SMITH"},{"data":"Perfected Strike","floor":27,"key":"SMITH"},{"data":"J.A.X.","floor":32,"key":"SMITH"},{"data":"Demon Form","floor":41,"key":"SMITH"},{"floor":49,"key":"DIG"}],"neow_cost":"NONE","seed_source_timestamp":1260042708838200,"circlet_count":0,"master_deck":["Strike_R+1","Strike_R+1","Strike_R+1","Strike_R+1","Strike_R+1","Defend_R+1","Defend_R+1","Defend_R+1","Bash","Iron Wave","Uppercut+1","Clothesline","Perfected Strike+1","Shrug It Off","Shockwave+1","Battle Trance","Perfected Strike+1","Feed","RitualDagger","Rampage+1","Spot Weakness","Carnage","Headbutt","J.A.X.+1","Demon Form+1","Perfected Strike+1","Corruption","Magnetism+1","True Grit+1","Perfected Strike+1"],"relics":["Burning Blood","Singing Bowl","Mercury Hourglass","Ornamental Fan","Orichalcum","Snecko Eye","MawBank","Kunai","Juzu Bracelet","Matryoshka","Coffee Dripper","Frozen Egg 2","Red Mask","Shovel","Gremlin Horn","Paper Frog","Pocketwatch","Happy Flower"],"potions_floor_usage":[16,16,25,30,33,33,50,50],"damage_taken":[{"damage":0,"enemies":"Small Slimes","floor":1,"turns":3},{"damage":1,"enemies":"Jaw Worm","floor":2,"turns":4},{"damage":0,"enemies":"2 Louse","floor":4,"turns":3},{"damage":18,"enemies":"Exordium Thugs","floor":5,"turns":5},{"damage":6,"enemies":"Gremlin Nob","floor":7,"turns":4},{"damage":4,"enemies":"Red Slaver","floor":11,"turns":2},{"damage":2,"enemies":"2 Fungi Beasts","floor":13,"turns":2},{"damage":0,"enemies":"Slime Boss","floor":16,"turns":4},{"damage":0,"enemies":"Chosen","floor":18,"turns":3},{"damage":0,"enemies":"Spheric Guardian","floor":20,"turns":2},{"damage":11,"enemies":"Snake Plant","floor":21,"turns":2},{"damage":6,"enemies":"Gremlin Leader","floor":23,"turns":5},{"damage":1,"enemies":"Slavers","floor":25,"turns":3},{"damage":10,"enemies":"Gremlin Leader","floor":29,"turns":6},{"damage":2,"enemies":"Cultist and Chosen","floor":30,"turns":5},{"damage":0,"enemies":"Collector","floor":33,"turns":5},{"damage":0,"enemies":"3 Darklings","floor":35,"turns":7},{"damage":0,"enemies":"3 Shapes","floor":36,"turns":6},{"damage":9,"enemies":"Spire Growth","floor":38,"turns":3},{"damage":8,"enemies":"Nemesis","floor":40,"turns":5},{"damage":3,"enemies":"Transient","floor":42,"turns":5},{"damage":0,"enemies":"Writhing Mass","floor":44,"turns":3},{"damage":5,"enemies":"4 Shapes","floor":45,"turns":3},{"damage":11,"enemies":"Reptomancer","floor":46,"turns":4},{"damage":0,"enemies":"Spire Growth","floor":47,"turns":3},{"damage":6,"enemies":"Jaw Worm Horde","floor":48,"turns":3},{"damage":26,"enemies":"Donu and Deca","floor":50,"turns":5}],"seed_played":"-8285498246134786949","potions_obtained":[{"floor":0,"key":"SkillPotion"},{"floor":0,"key":"Poison Potion"},{"floor":0,"key":"AttackPotion"},{"floor":4,"key":"Poison Potion"},{"floor":16,"key":"AttackPotion"},{"floor":20,"key":"Block Potion"},{"floor":23,"key":"Poison Potion"},{"floor":29,"key":"AttackPotion"},{"floor":30,"key":"Ancient Potion"},{"floor":36,"key":"SpeedPotion"},{"floor":40,"key":"Block Potion"}],"is_trial":false,"path_per_floor":["M","M","?","M","M","R","E","T","T","R","M","?","M","$","R","B",null,"M","?","M","M","$","E","?","E","T","R","?","E","M","?","R","B",null,"M","M","$","M","?","E","R","M","T","M","M","E","M","M","R","B",null],"character_chosen":"IRONCLAD","items_purchased":["Perfected Strike","Orichalcum","Carnage","Corruption","Frozen Egg 2","Magnetism+1","PowerPotion"],"campfire_rested":0,"item_purchase_floors":[14,14,22,37,37,37,37],"current_hp_per_floor":[80,80,64,70,58,58,58,58,58,58,60,52,56,56,56,62,80,82,76,82,80,80,83,83,93,93,93,93,91,97,97,97,97,97,102,105,105,107,107,107,107,110,110,117,119,114,124,129,129,112],"gold":213,"neow_bonus":"THREE_SMALL_POTIONS","is_prod":false,"is_daily":false,"chose_seed":false,"campfire_upgraded":6,"win_rate":1,"timestamp":1556352800,"path_taken":["M","M","?","M","M","R","E","?","T","R","M","?","?","$","R","BOSS","M","?","M","M","?","E","?","E","T","R","?","E","M","?","R","BOSS","M","M","$","M","?","E","R","M","T","M","M","E","M","M","R","BOSS"],"build_version":"2019-01-23","purchased_purges":1,"victory":true,"max_hp_per_floor":[80,80,80,80,80,80,80,80,80,80,80,80,80,80,80,80,80,82,82,82,85,85,88,88,93,93,93,93,95,97,97,97,97,97,102,105,105,110,110,112,112,112,112,117,119,119,124,129,129,132],"card_choices":[{"not_picked":["Havoc","Body Slam"],"picked":"Iron Wave","floor":1},{"not_picked":["Warcry","Headbutt"],"picked":"Uppercut","floor":2},{"not_picked":["Whirlwind","Impervious"],"picked":"Clothesline","floor":4},{"not_picked":["Flex","Warcry"],"picked":"Perfected Strike","floor":5},{"not_picked":["Juggernaut","Heavy Blade"],"picked":"Shrug It Off","floor":7},{"not_picked":["Pommel Strike","Seeing Red"],"picked":"Shockwave","floor":11},{"not_picked":["Corruption","Shockwave"],"picked":"Battle Trance","floor":13},{"not_picked":["Reaper","Limit Break"],"picked":"Feed","floor":16},{"not_picked":["Sword Boomerang+1","Heavy Blade","Cleave"],"picked":"Singing Bowl","floor":18},{"not_picked":["Pommel Strike+1","Bloodletting+1"],"picked":"Rampage+1","floor":20},{"not_picked":["Anger","Reckless Charge"],"picked":"Spot Weakness","floor":21},{"not_picked":["Clothesline+1","True Grit"],"picked":"Headbutt","floor":23},{"not_picked":["Iron Wave","Cleave","Sword Boomerang"],"picked":"Singing Bowl","floor":25},{"not_picked":["Evolve+1","Pommel Strike","Reckless Charge"],"picked":"Singing Bowl","floor":29},{"not_picked":["Reckless Charge","Havoc","Flex"],"picked":"Singing Bowl","floor":30},{"not_picked":["Limit Break","Barricade"],"picked":"Demon Form","floor":33},{"not_picked":["Sentinel+1","Shrug It Off","Power Through"],"picked":"Singing Bowl","floor":35},{"not_picked":["Anger","Infernal Blade+1"],"picked":"Perfected Strike+1","floor":36},{"not_picked":["Rupture+1","Flex","Pommel Strike+1"],"picked":"Singing Bowl","floor":38},{"not_picked":["Shrug It Off","Havoc+1","Brutality+1"],"picked":"Singing Bowl","floor":40},{"not_picked":["Battle Trance","Body Slam"],"picked":"True Grit+1","floor":42},{"not_picked":["Power Through","Flex","Cleave+1"],"picked":"Singing Bowl","floor":44},{"not_picked":["True Grit","Combust+1","Havoc+1"],"picked":"Singing Bowl","floor":45},{"not_picked":["Entrench","Brutality+1"],"picked":"Perfected Strike+1","floor":46},{"not_picked":["Perfected Strike","Iron Wave+1","Clothesline"],"picked":"Singing Bowl","floor":47},{"not_picked":["Clash","Clothesline","Havoc+1"],"picked":"Singing Bowl","floor":48}],"player_experience":620150,"relics_obtained":[{"floor":7,"key":"Singing Bowl"},{"floor":8,"key":"Mercury Hourglass"},{"floor":9,"key":"Ornamental Fan"},{"floor":23,"key":"MawBank"},{"floor":25,"key":"Kunai"},{"floor":26,"key":"Juzu Bracelet"},{"floor":29,"key":"Matryoshka"},{"floor":40,"key":"Shovel"},{"floor":43,"key":"Gremlin Horn"},{"floor":43,"key":"Paper Frog"},{"floor":46,"key":"Pocketwatch"},{"floor":49,"key":"Happy Flower"}],"event_choices":[{"damage_healed":0,"gold_gain":0,"player_choice":"Entered Light","damage_taken":16,"max_hp_gain":0,"max_hp_loss":0,"event_name":"Shining Light","floor":3,"gold_loss":0,"cards_upgraded":["Strike_R","Strike_R"]},{"damage_healed":0,"gold_gain":75,"player_choice":"Touch","damage_taken":8,"max_hp_gain":0,"max_hp_loss":0,"event_name":"FaceTrader","floor":12,"gold_loss":0},{"damage_healed":0,"gold_gain":0,"player_choice":"Joined the Cult","damage_taken":6,"max_hp_gain":0,"max_hp_loss":0,"event_name":"Nest","floor":19,"gold_loss":0,"cards_obtained":["RitualDagger"]},{"damage_healed":0,"gold_gain":0,"player_choice":"Simplicity","damage_taken":0,"max_hp_gain":0,"max_hp_loss":0,"event_name":"Back to Basics","floor":24,"gold_loss":0,"cards_upgraded":["Strike_R","Strike_R","Strike_R","Defend_R","Defend_R","Defend_R"]},{"damage_healed":0,"gold_gain":0,"player_choice":"Ignored","damage_taken":0,"max_hp_gain":0,"max_hp_loss":0,"event_name":"Vampires","floor":28,"gold_loss":0},{"damage_healed":0,"gold_gain":0,"player_choice":"Obtain J.A.X.","damage_taken":0,"max_hp_gain":0,"max_hp_loss":0,"event_name":"Drug Dealer","floor":31,"gold_loss":0,"cards_obtained":["J.A.X."]},{"damage_healed":0,"gold_gain":0,"player_choice":"Paid","damage_taken":0,"relics_obtained":["Red Mask"],"max_hp_gain":0,"max_hp_loss":0,"event_name":"Tomb of Lord Red Mask","floor":39,"gold_loss":50}],"is_beta":false,"boss_relics":[{"not_picked":["Empty Cage","Runic Pyramid"],"picked":"Snecko Eye"},{"not_picked":["Busted Crown","Black Star"],"picked":"Coffee Dripper"}],"items_purged_floors":[22],"is_endless":false,"potions_floor_spawned":[4,16,20,23,29,30,36,40,44,45],"ascension_level":0}