{"path_per_floor":["M","?","?","M","?","R","T","R","T","M","E","?","M","M","R","B",null,"M","M","$","?"],"character_chosen":"THE_SILENT","items_purchased":["Master of Strategy","Molten Egg 2","Footwork"],"gold_per_floor":[113,113,113,124,124,124,178,178,201,213,244,419,429,445,445,547,547,560,576,1,1],"floor_reached":22,"campfire_rested":2,"playtime":1908,"current_hp_per_floor":[68,68,61,61,47,68,68,68,68,70,46,46,57,45,69,56,80,55,41,41,41],"items_purged":["Doubt"],"gold":1,"score":184,"play_id":"f9063ef3-acbc-4075-a3ae-6287c7937c28","is_prod":false,"is_daily":false,"is_ascension_mode":false,"campfire_upgraded":1,"path_taken":["M","?","?","M","?","R","?","R","T","M","E","?","M","M","R","BOSS","M","M","?","?","M"],"build_version":"2018-02-12-PROD1","purchased_purges":1,"victory":false,"master_deck":["Defend_G+1","Defend_G+1","Defend_G","Defend_G","Defend_G","Strike_G","Strike_G","Strike_G","Strike_G","Strike_G","Survivor+1","Neutralize","Catalyst+1","Noxious Fumes+1","Prepared","Venomology","Crippling Poison","Escape Plan","Distraction+1","Master of Strategy","Footwork","Poisoned Stab+1"],"max_hp_per_floor":[70,70,70,70,70,70,70,70,70,70,80,80,80,80,80,80,80,80,80,80,80],"relics":["Question Card","Bag of Preparation","Blood Vial","War Paint","Pear","White Beast Statue","Molten Egg 2"],"card_choices":[{"not_picked":["PiercingWail","Quick Slash","Acrobatics"],"picked":"Catalyst"},{"not_picked":["Sucker Punch","Flying Knee","Prepared"],"picked":"Noxious Fumes"},{"not_picked":["Masterful Stab","Dagger Throw","Blur"],"picked":"Prepared"},{"not_picked":["Acrobatics","Backstab","Infinite Blades"],"picked":"Venomology"},{"not_picked":["Slice","Backflip","Terror"],"picked":"Crippling Poison"},{"not_picked":["Endless Agony","Dagger Spray","Blade Dance"],"picked":"Escape Plan"},{"not_picked":["Sucker Punch","Prepared","Footwork"],"picked":"Distraction"}],"player_experience":133575,"potions_floor_usage":[13,13,14,14,16,18,19,22,22,22],"damage_taken":[{"damage":2,"enemies":"Blue Slaver","floor":1,"turns":5},{"damage":0,"enemies":"2 Louse","floor":4,"turns":3},{"damage":0,"enemies":"Small Slimes","floor":10,"turns":3},{"damage":34,"enemies":"Gremlin Nob","floor":11,"turns":5},{"damage":3,"enemies":"Exordium Wildlife","floor":13,"turns":4},{"damage":14,"enemies":"Gremlin Gang","floor":14,"turns":6},{"damage":15,"enemies":"Slime Boss","floor":16,"turns":9},{"damage":25,"enemies":"Spheric Guardian","floor":18,"turns":6},{"damage":16,"enemies":"Chosen","floor":19,"turns":6},{"damage":60,"enemies":"3 Cultists","floor":22,"turns":7}],"event_choices":[{"event_name":"Accursed Blacksmith","player_choice":"Rummage","floor":2,"damage_taken":0},{"event_name":"Golden Wing","player_choice":"Card Removal","floor":3,"damage_taken":0},{"event_name":"Shining Light","player_choice":"Entered Light","floor":5,"damage_taken":0},{"event_name":"Liars Game","player_choice":"agreed","floor":12,"damage_taken":0},{"event_name":"The Library","player_choice":"Read","floor":21,"damage_taken":0}],"boss_relics":[{"not_picked":["Snecko Eye","Ectoplasm"],"picked":"White Beast Statue"}],"potions_floor_spawned":[4,10,18,19],"seed_played":"-419647893995413402","killed_by":"3 Cultists","ascension_level":0,"is_trial":false}