{"gold_per_floor":[487,487,513,543,570,570,159,159,189,224,224],"floor_reached":11,"playtime":404,"items_purged":["Strike_R"],"score":210,"play_id":"d120adc9-6e30-4fa0-8afe-c5f0aede8b25","local_time":"20190404214006","daily_mods":["Uncertain Future"],"is_ascension_mode":true,"campfire_choices":[{"data":"Armaments","floor":2,"key":"SMITH"},{"data":"Body Slam","floor":8,"key":"SMITH"}],"neow_cost":"","seed_source_timestamp":0,"circlet_count":0,"master_deck":["AscendersBane","Strike_R","Strike_R","Strike_R","Strike_R","Defend_R","Defend_R","Defend_R","Defend_R","Bash","Feel No Pain","Second Wind","Rampage","Armaments+1","Body Slam+1","Corruption","Intimidate","Feel No Pain","Burning Pact","Seeing Red"],"relics":["Burning Blood","Black Star","Sling","PreservedInsect","Oddly Smooth Stone","FossilizedHelix","Anchor","Unceasing Top","Happy Flower","Dream Catcher","Ancient Tea Set","White Beast Statue","Bag of Marbles","Darkstone Periapt","Ice Cream","Omamori","Kunai"],"potions_floor_usage":[3,10,10],"damage_taken":[{"damage":8,"enemies":"Gremlin Nob","floor":3,"turns":3},{"damage":11,"enemies":"Lagavulin","floor":4,"turns":5},{"damage":2,"enemies":"3 Sentries","floor":5,"turns":6},{"damage":14,"enemies":"Book of Stabbing","floor":9,"turns":5},{"damage":53,"enemies":"Slavers","floor":10,"turns":9},{"damage":0,"enemies":"Gremlin Leader","floor":11,"turns":4}],"seed_played":"1087292671458708557","potions_obtained":[{"floor":4,"key":"SteroidPotion"},{"floor":10,"key":"FearPotion"}],"is_trial":true,"path_per_floor":["$","R","E","E","E","T","$","R","E","E","E"],"character_chosen":"IRONCLAD","items_purchased":["Oddly Smooth Stone","Feel No Pain","Second Wind","Rampage","Armaments","Fire Potion","Bag of Marbles","Feel No Pain","Burning Pact","PowerPotion"],"campfire_rested":0,"item_purchase_floors":[1,1,1,1,1,1,7,7,7,7],"current_hp_per_floor":[68,68,66,61,65,65,65,65,57,10,10],"gold":224,"neow_bonus":"","is_prod":false,"is_daily":false,"chose_seed":false,"campfire_upgraded":2,"win_rate":0,"timestamp":1554381606,"path_taken":["$","R","E","E","E","T","$","R","E","E","E"],"build_version":"2019-01-23","purchased_purges":1,"victory":false,"max_hp_per_floor":[75,75,75,75,75,75,75,75,75,75,75],"card_choices":[{"not_picked":["Flex","Anger"],"picked":"Body Slam","floor":3},{"not_picked":["Perfected Strike","Reckless Charge"],"picked":"Corruption","floor":4},{"not_picked":["Havoc","Reckless Charge"],"picked":"Intimidate","floor":5},{"not_picked":["Searing Blow","Second Wind"],"picked":"Seeing Red","floor":9},{"not_picked":["Havoc","Warcry","Wild Strike"],"picked":"SKIP","floor":10}],"player_experience":2876908,"relics_obtained":[{"floor":3,"key":"FossilizedHelix"},{"floor":3,"key":"Anchor"},{"floor":4,"key":"Unceasing Top"},{"floor":4,"key":"Happy Flower"},{"floor":5,"key":"Dream Catcher"},{"floor":5,"key":"Ancient Tea Set"},{"floor":9,"key":"Darkstone Periapt"},{"floor":9,"key":"Ice Cream"},{"floor":10,"key":"Omamori"},{"floor":10,"key":"Kunai"}],"event_choices":[],"is_beta":false,"boss_relics":[{"not_picked":["Calling Bell","Black Blood"],"picked":"White Beast Statue"}],"items_purged_floors":[7],"is_endless":false,"potions_floor_spawned":[4,9,10],"killed_by":"Gremlin Leader","ascension_level":20}