{"gold_per_floor":[119,119,133,283,308,308,323,323,371,388,358,393,411,411],"floor_reached":14,"playtime":184,"items_purged":[],"score":180,"play_id":"38479bfa-65fb-48ef-9ddc-0fcee2f772e6","local_time":"20190418150205","is_ascension_mode":true,"campfire_choices":[{"data":"Rampage","floor":6,"key":"SMITH"},{"data":"Bash","floor":8,"key":"SMITH"}],"neow_cost":"NONE","seed_source_timestamp":212964811239900,"circlet_count":0,"master_deck":["AscendersBane","Strike_R+1","Strike_R","Strike_R","Strike_R","Strike_R","Defend_R+1","Defend_R","Defend_R","Defend_R","Bash+1","Rampage+1","Doubt","Cleave","Evolve"],"relics":["Burning Blood","NeowsBlessing","Blood Vial","Ancient Tea Set","Bottled Lightning"],"potions_floor_usage":[12],"damage_taken":[{"damage":0,"enemies":"2 Louse","floor":1,"turns":1},{"damage":0,"enemies":"Small Slimes","floor":3,"turns":1},{"damage":0,"enemies":"Jaw Worm","floor":7,"turns":1},{"damage":21,"enemies":"Red Slaver","floor":10,"turns":4},{"damage":39,"enemies":"3 Sentries","floor":12,"turns":9},{"damage":21,"enemies":"Blue Slaver","floor":13,"turns":4},{"damage":0,"enemies":"Exordium Wildlife","floor":14,"turns":1}],"seed_played":"1347042018166198588","potions_obtained":[{"floor":7,"key":"Explosive Potion"},{"floor":11,"key":"Dexterity Potion"},{"floor":13,"key":"Ancient Potion"}],"is_trial":false,"path_per_floor":["M","?","M","?","T","R","M","R","T","M","?","E","M","M"],"character_chosen":"IRONCLAD","items_purchased":[],"campfire_rested":0,"item_purchase_floors":[],"current_hp_per_floor":[74,51,57,57,57,57,65,65,65,52,52,21,8,10],"gold":411,"neow_bonus":"THREE_ENEMY_KILL","is_prod":false,"is_daily":false,"chose_seed":false,"campfire_upgraded":2,"win_rate":0,"timestamp":1555567325,"path_taken":["M","?","M","?","?","R","?","R","T","M","?","E","M","?"],"build_version":"2019-01-23","purchased_purges":0,"victory":false,"max_hp_per_floor":[75,75,75,75,75,75,75,75,75,75,75,75,75,75],"card_choices":[{"not_picked":["Cleave","Bloodletting"],"picked":"Rampage","floor":1},{"not_picked":["Flex","Clothesline","Intimidate"],"picked":"SKIP","floor":3},{"not_picked":["Blood for Blood","Rupture","Bloodletting"],"picked":"SKIP","floor":7},{"not_picked":["Disarm","Iron Wave"],"picked":"Cleave","floor":10},{"not_picked":["Flex","Reckless Charge"],"picked":"Evolve","floor":12},{"not_picked":["Heavy Blade","Fire Breathing","Cleave"],"picked":"SKIP","floor":13}],"player_experience":3206061,"relics_obtained":[{"floor":5,"key":"Blood Vial"},{"floor":9,"key":"Ancient Tea Set"},{"floor":12,"key":"Bottled Lightning"}],"event_choices":[{"damage_healed":0,"gold_gain":0,"player_choice":"Entered Light","damage_taken":23,"max_hp_gain":0,"max_hp_loss":0,"event_name":"Shining Light","floor":2,"gold_loss":0,"cards_upgraded":["Defend_R","Strike_R"]},{"damage_healed":0,"gold_gain":150,"player_choice":"AGREE","damage_taken":0,"max_hp_gain":0,"max_hp_loss":0,"event_name":"Liars Game","floor":4,"gold_loss":0,"cards_obtained":["Doubt"]},{"damage_healed":0,"gold_gain":0,"player_choice":"Bought 2 Potions","damage_taken":0,"max_hp_gain":0,"max_hp_loss":0,"event_name":"The Woman in Blue","floor":11,"gold_loss":0}],"is_beta":false,"boss_relics":[],"items_purged_floors":[],"is_endless":false,"potions_floor_spawned":[7,13],"killed_by":"Exordium Wildlife","ascension_level":20}