{"path_per_floor":["M","?","M","$","?","R","?","M","T","M","$","R","M","E","R","B",null,"M","?","?","$","M","R"],"character_chosen":"THE_SILENT","items_purchased":["Infinite Blades","Cloak And Dagger","Dagger Spray","Catalyst"],"gold_per_floor":[115,115,129,4,4,4,4,21,21,0,0,0,20,46,46,144,174,188,188,188,12,27,27,27],"floor_reached":24,"campfire_rested":0,"playtime":1363,"current_hp_per_floor":[63,63,62,62,59,59,45,45,45,45,45,45,44,44,44,44,69,69,53,39,39,24,24,0],"items_purged":["Strike_G"],"gold":27,"score":374,"play_id":"5df330e0-6fdf-40d0-b8b8-14192df38085","local_time":"20180409223339","is_prod":false,"is_daily":false,"is_ascension_mode":true,"campfire_upgraded":4,"timestamp":1523284419,"path_taken":["M","?","M","$","?","R","?","M","T","M","$","R","?","E","R","BOSS","M","?","?","$","M","R","E"],"build_version":"2018-04-05","purchased_purges":1,"victory":false,"master_deck":["Defend_G+1","Defend_G","Defend_G","Defend_G","Defend_G","Strike_G","Strike_G","Strike_G","Strike_G","Survivor+1","Neutralize+1","Flying Knee","Infinite Blades","Cloak And Dagger+1","Cloak And Dagger+1","Envenom+1","Die Die Die","Sucker Punch+1","Bane+1","Necronomicurse","Dagger Spray","Catalyst","Acrobatics+1"],"max_hp_per_floor":[70,70,70,70,70,70,70,70,70,70,70,70,70,70,70,70,75,75,75,80,80,80,80,80],"relics":["Ring of the Snake","Thread and Needle","Ice Cream","Paper Crane","Tiny House","Necronomicon"],"card_choices":[{"not_picked":["Deflect","Eviscerate"],"picked":"Flying Knee","floor":1},{"not_picked":["Underhanded Strike","Well Laid Plans"],"picked":"Cloak And Dagger","floor":10},{"not_picked":["Dodge and Roll","Distraction"],"picked":"Envenom","floor":14},{"not_picked":["Night Terror","Envenom"],"picked":"Die Die Die","floor":16},{"not_picked":["Poisoned Stab","Cloak And Dagger"],"picked":"Sucker Punch","floor":17},{"not_picked":["Flechettes","Skewer"],"picked":"Bane","floor":18},{"not_picked":["Dagger Throw","Poisoned Stab"],"picked":"Acrobatics","floor":22}],"player_experience":241363,"potions_floor_usage":[14,16,22,24],"damage_taken":[{"damage":0,"enemies":"Cultist","floor":1,"turns":4},{"damage":1,"enemies":"Jaw Worm","floor":3,"turns":3},{"damage":0,"enemies":"2 Louse","floor":8,"turns":2},{"damage":0,"enemies":"Looter","floor":10,"turns":4},{"damage":1,"enemies":"3 Louse","floor":13,"turns":4},{"damage":0,"enemies":"Lagavulin","floor":14,"turns":8},{"damage":0,"enemies":"Hexaghost","floor":16,"turns":8},{"damage":0,"enemies":"Shell Parasite","floor":18,"turns":7},{"damage":15,"enemies":"3 Byrds","floor":22,"turns":4},{"damage":42,"enemies":"Slavers","floor":24,"turns":4}],"event_choices":[{"event_name":"Liars Game","player_choice":"disagreed","floor":2,"damage_taken":0},{"event_name":"Scrap Ooze","player_choice":"success","floor":5,"damage_taken":3},{"event_name":"Shining Light","player_choice":"Entered Light","floor":7,"damage_taken":0},{"event_name":"Cursed Tome","player_choice":"Obtained Book","floor":19,"damage_taken":0},{"event_name":"Forgotten Altar","player_choice":"Shed Blood","floor":20,"damage_taken":0}],"boss_relics":[{"not_picked":["Ectoplasm","Eternal Feather"],"picked":"Tiny House"}],"potions_floor_spawned":[13,14,16],"seed_played":"4989348616325681368","killed_by":"Slavers","ascension_level":8,"is_trial":false}