{"gold_per_floor":[112,112,112,122,138,138,138,4,4,25,25,38,38,56,56,146,146,162,162,162,175,194,237,237,237,237,237],"floor_reached":27,"playtime":799,"items_purged":[],"score":546,"play_id":"ed9c6b41-8c05-4968-9076-1ad27f3a5dee","local_time":"20190320173545","is_ascension_mode":true,"campfire_choices":[{"data":"Chaos","floor":6,"key":"SMITH"},{"data":"Defragment","floor":11,"key":"SMITH"},{"data":"Defragment","floor":13,"key":"SMITH"},{"data":"Consume","floor":15,"key":"SMITH"},{"data":"Creative AI","floor":25,"key":"SMITH"}],"neow_cost":"NONE","seed_source_timestamp":82297881710500,"circlet_count":0,"master_deck":["AscendersBane","Defend_B+1","Defend_B","Defend_B","Zap+1","Dualcast","Coolheaded","Hologram","Chaos+1","Consume+1","Defragment+1","Defragment+1","Cold Snap","Conserve Battery","Creative AI+1","Bite","Bite","Bite","Bandage Up","Thinking Ahead","Hologram+1","Self Repair"],"relics":["Cracked Core","NeowsBlessing","Golden Idol","FossilizedHelix","Busted Crown","Juzu Bracelet"],"potions_floor_usage":[14,16,23,23,27,27],"damage_taken":[{"damage":0,"enemies":"2 Louse","floor":1,"turns":1},{"damage":0,"enemies":"Jaw Worm","floor":4,"turns":1},{"damage":0,"enemies":"Small Slimes","floor":5,"turns":1},{"damage":0,"enemies":"2 Fungi Beasts","floor":10,"turns":4},{"damage":0,"enemies":"Looter","floor":12,"turns":3},{"damage":6,"enemies":"Lots of Slimes","floor":14,"turns":3},{"damage":0,"enemies":"Slime Boss","floor":16,"turns":10},{"damage":18,"enemies":"3 Byrds","floor":18,"turns":6},{"damage":14,"enemies":"Chosen","floor":21,"turns":6},{"damage":7,"enemies":"Centurion and Healer","floor":22,"turns":7},{"damage":13,"enemies":"Book of Stabbing","floor":23,"turns":7},{"damage":45,"enemies":"Slavers","floor":27,"turns":4}],"seed_played":"7253315220323704018","potions_obtained":[{"floor":5,"key":"EntropicBrew"},{"floor":12,"key":"Swift Potion"},{"floor":14,"key":"GamblersBrew"},{"floor":23,"key":"SkillPotion"}],"is_trial":false,"path_per_floor":["M","?","?","M","M","R","?","$","T","M","R","M","R","M","R","B",null,"M","?","?","M","M","E","?","R","T","E"],"character_chosen":"DEFECT","items_purchased":["Consume","Defragment"],"campfire_rested":0,"item_purchase_floors":[8,8],"current_hp_per_floor":[64,43,36,36,36,36,36,36,36,36,36,36,36,30,30,30,56,38,38,38,34,44,41,35,35,35,0],"gold":237,"neow_bonus":"THREE_ENEMY_KILL","is_prod":false,"is_daily":false,"chose_seed":false,"campfire_upgraded":5,"win_rate":0,"timestamp":1553070945,"path_taken":["M","?","?","M","M","R","?","$","T","M","R","M","R","M","R","BOSS","M","?","?","M","M","E","?","R","T","E"],"build_version":"2019-01-23","purchased_purges":0,"victory":false,"max_hp_per_floor":[71,71,71,71,71,71,64,64,64,64,64,64,64,64,64,64,64,64,44,44,44,44,44,44,44,44,44],"card_choices":[{"not_picked":["Undo","Steam"],"picked":"Coolheaded","floor":1},{"not_picked":["Go for the Eyes","Redo"],"picked":"Hologram","floor":4},{"not_picked":["Compile Driver","Hello World"],"picked":"Chaos","floor":5},{"not_picked":["Sweeping Beam","Force Field"],"picked":"Defragment","floor":10},{"not_picked":["Gash","Beam Cell"],"picked":"Cold Snap","floor":12},{"not_picked":["Force Field","Streamline"],"picked":"Conserve Battery","floor":14},{"not_picked":["Reboot","Biased Cognition"],"picked":"Creative AI","floor":16},{"not_picked":["Ball Lightning"],"picked":"SKIP","floor":18},{"not_picked":["Streamline+1"],"picked":"SKIP","floor":21},{"not_picked":[],"picked":"Hologram+1","floor":22},{"not_picked":[],"picked":"Self Repair","floor":23}],"player_experience":2411849,"relics_obtained":[{"floor":9,"key":"FossilizedHelix"},{"floor":23,"key":"Juzu Bracelet"}],"event_choices":[{"damage_healed":0,"gold_gain":0,"player_choice":"Entered Light","damage_taken":21,"max_hp_gain":0,"max_hp_loss":0,"event_name":"Shining Light","floor":2,"gold_loss":0,"cards_upgraded":["Defend_B","Zap"]},{"cards_removed":["Defend_B"],"damage_healed":0,"gold_gain":0,"player_choice":"Card Removal","damage_taken":7,"max_hp_gain":0,"max_hp_loss":0,"event_name":"Golden Wing","floor":3,"gold_loss":0},{"damage_healed":0,"gold_gain":0,"player_choice":"Lose Max HP","damage_taken":0,"relics_obtained":["Golden Idol"],"max_hp_gain":0,"max_hp_loss":7,"event_name":"Golden Idol","floor":7,"gold_loss":0},{"damage_healed":0,"gold_gain":0,"player_choice":"Became a vampire","damage_taken":0,"max_hp_gain":0,"max_hp_loss":20,"event_name":"Vampires","floor":19,"gold_loss":0,"cards_obtained":["Bite","Bite","Bite","Bite","Bite"]},{"damage_healed":0,"gold_gain":0,"cards_transformed":["Bite","Bite"],"player_choice":"Became Test Subject","damage_taken":0,"max_hp_gain":0,"max_hp_loss":0,"event_name":"Drug Dealer","floor":20,"gold_loss":0,"cards_obtained":["Bandage Up","Thinking Ahead"]},{"damage_healed":0,"gold_gain":0,"player_choice":"Damaged","damage_taken":6,"max_hp_gain":0,"max_hp_loss":0,"event_name":"Wheel of Change","floor":24,"gold_loss":0}],"is_beta":false,"boss_relics":[{"not_picked":["Black Star","Ectoplasm"],"picked":"Busted Crown"}],"items_purged_floors":[],"is_endless":false,"potions_floor_spawned":[5,12,14,23],"killed_by":"Slavers","ascension_level":20}