{"gold_per_floor":[115,80,94,64,79,79,105,105,129,129,144,42,77,88,88,162,162,172,172,182,182,107,107,125,125],"floor_reached":25,"playtime":1162,"items_purged":["Decay"],"score":390,"play_id":"42ee1b92-ef0c-4f45-9dfb-73b2f4f75490","local_time":"20190310195942","is_ascension_mode":true,"campfire_choices":[{"data":"Storm","floor":6.0,"key":"SMITH"},{"floor":15,"key":"REST"},{"data":"Creative AI","floor":23,"key":"SMITH"}],"neow_cost":"NONE","seed_source_timestamp":441753628939629,"circlet_count":0,"master_deck":["AscendersBane","Strike_B","Strike_B","Strike_B","Strike_B","Defend_B","Defend_B","Defend_B","Defend_B","Zap","Dualcast","Defragment","Hello World","Storm+1","Streamline","Hello World","Self Repair","Cold Snap","Heatsinks","Self Repair","Creative AI+1","Leap"],"special_seed":0,"relics":["Cracked Core","Orichalcum","Regal Pillow","Gremlin Horn","Lizard Tail","Nloth\u0027s Gift"],"potions_floor_usage":[11,11,14,18],"damage_taken":[{"damage":0.0,"enemies":"Small Slimes","floor":1.0,"turns":1.0},{"damage":0.0,"enemies":"Cultist","floor":3.0,"turns":1.0},{"damage":0.0,"enemies":"2 Louse","floor":5.0,"turns":1.0},{"damage":19.0,"enemies":"Lagavulin","floor":7.0,"turns":6.0},{"damage":6,"enemies":"2 Fungi Beasts","floor":11,"turns":3},{"damage":10,"enemies":"Gremlin Nob","floor":13,"turns":3},{"damage":18,"enemies":"Exordium Thugs","floor":14,"turns":4},{"damage":35,"enemies":"The Guardian","floor":16,"turns":10},{"damage":26,"enemies":"Shell Parasite","floor":18,"turns":5},{"damage":5,"enemies":"Chosen","floor":20,"turns":5},{"damage":34,"enemies":"Snake Plant","floor":24,"turns":4},{"damage":103,"enemies":"3 Cultists","floor":25,"turns":5}],"seed_played":"4231960663291500278","potions_obtained":[{"floor":4.0,"key":"SneckoOil"},{"floor":4.0,"key":"Ancient Potion"},{"floor":5.0,"key":"Explosive Potion"},{"floor":13,"key":"Poison Potion"},{"floor":16,"key":"AttackPotion"},{"floor":24,"key":"GamblersBrew"}],"is_trial":false,"path_per_floor":["M","?","M","?","M","R","E","?","T","?","M","$","E","M","R","B",null,"M","?","M","?","$","R","M","M"],"character_chosen":"DEFECT","items_purchased":["Self Repair","Cold Snap"],"campfire_rested":1,"item_purchase_floors":[12,12],"current_hp_per_floor":[64,71,71,71,71,71,52,71,71,71,65,65,62,51,71,50,66,54,54,63,63,63,63,43,0],"gold":125,"neow_bonus":"THREE_ENEMY_KILL","is_prod":false,"is_daily":false,"chose_seed":false,"campfire_upgraded":2,"win_rate":0,"timestamp":1552240782,"path_taken":["M","?","M","?","?","R","E","?","T","?","M","$","E","?","R","BOSS","M","?","M","?","$","R","M","M"],"build_version":"2019-01-23","purchased_purges":1,"victory":false,"max_hp_per_floor":[71,71,71,71,71,71,71,71,71,71,71,71,71,71,71,71,71,71,71,71,71,71,71,71,71],"card_choices":[{"not_picked":["Hologram","Doom and Gloom"],"picked":"Defragment","floor":1.0},{"not_picked":["Go for the Eyes","Steam"],"picked":"Hello World","floor":3.0},{"not_picked":["Compile Driver","Beam Cell"],"picked":"Storm","floor":5.0},{"not_picked":["Go for the Eyes","Coolheaded"],"picked":"Streamline","floor":7.0},{"not_picked":["Steam","Auto Shields"],"picked":"Hello World","floor":11},{"not_picked":["Streamline","Turbo"],"picked":"Heatsinks","floor":13},{"not_picked":["Machine Learning","Barrage"],"picked":"Self Repair","floor":14},{"not_picked":["Buffer","Echo Form"],"picked":"Creative AI","floor":16},{"not_picked":["Hologram","Rebound","Barrage"],"picked":"SKIP","floor":18},{"not_picked":["Tempest","Sweeping Beam"],"picked":"Leap","floor":20},{"not_picked":["Rebound","Coolheaded+1","Beam Cell"],"picked":"SKIP","floor":24}],"player_experience":1074527,"relics_obtained":[{"floor":7.0,"key":"Orichalcum"},{"floor":9.0,"key":"Regal Pillow"},{"floor":13,"key":"Gremlin Horn"}],"event_choices":[{"damage_healed":17.0,"max_hp_gain":0.0,"max_hp_loss":0.0,"gold_gain":0.0,"event_name":"The Cleric","player_choice":"Healed","floor":2.0,"gold_loss":35.0,"damage_taken":0.0},{"damage_healed":0.0,"max_hp_gain":0.0,"max_hp_loss":0.0,"gold_gain":0.0,"event_name":"The Woman in Blue","player_choice":"Bought 2 Potions","floor":4.0,"gold_loss":0.0,"damage_taken":0.0},{"damage_healed":23.0,"max_hp_gain":0.0,"max_hp_loss":0.0,"gold_gain":0.0,"event_name":"Big Fish","player_choice":"Banana","floor":8.0,"gold_loss":0.0,"damage_taken":0.0},{"damage_healed":0.0,"max_hp_gain":0.0,"max_hp_loss":0.0,"gold_gain":0.0,"event_name":"Purifier","player_choice":"Ignored","floor":10.0,"gold_loss":0.0,"damage_taken":0.0},{"damage_healed":0,"gold_gain":0,"player_choice":"Smashed Altar","damage_taken":0,"max_hp_gain":0,"max_hp_loss":0,"event_name":"Forgotten Altar","floor":19,"gold_loss":0,"cards_obtained":["Decay"]},{"damage_healed":0,"gold_gain":0,"player_choice":"Traded Relic","damage_taken":0,"relics_obtained":["Nloth\u0027s Gift"],"max_hp_gain":0,"max_hp_loss":0,"event_name":"N\u0027loth","floor":21,"relics_lost":["NeowsBlessing"],"gold_loss":0}],"is_beta":false,"boss_relics":[{"not_picked":["Fusion Hammer","Busted Crown"],"picked":"Lizard Tail"}],"items_purged_floors":[22],"is_endless":false,"potions_floor_spawned":[5,13,16,24],"killed_by":"3 Cultists","ascension_level":17}