{"gold_per_floor":[112,387,406,422,28,63,63,93,93,93,93,105,5,19,19,96,96,108,124,124,124,69,69,99,99,122,142,142,158,33,53,53,126,126,141,159,18,29,42,73,73,101,101,3,3,38,50,50,50,50,50],"floor_reached":52,"playtime":3057,"items_purged":["Regret","Pain","Decay"],"score":2365,"play_id":"c366b905-8091-4103-a600-83d6dc09d80b","local_time":"20190209125824","is_ascension_mode":true,"campfire_choices":[{"floor":7,"key":"REST"},{"data":"Biased Cognition","floor":10,"key":"SMITH"},{"floor":15,"key":"REST"},{"floor":23,"key":"REST"},{"data":"Creative AI","floor":28,"key":"SMITH"},{"floor":32,"key":"REST"},{"floor":45,"key":"RECALL"},{"data":"Defragment","floor":49,"key":"SMITH"}],"neow_cost":"NONE","seed_source_timestamp":0,"circlet_count":0,"master_deck":["AscendersBane","Strike_B","Strike_B","Strike_B","Strike_B","Defend_B","Defend_B","Defend_B","Defend_B","Zap","Dualcast","Streamline","Coolheaded","Biased Cognition+1","Seek+1","Reinforced Body+1","FTL+1","Creative AI+1","Ball Lightning+1","Streamline+1","Ghostly+1","Ghostly+1","Ghostly+1","Hyperbeam+1","Coolheaded+1","Coolheaded+1","Echo Form","Self Repair","Defragment+1","Panacea+1","Cold Snap+1","Sunder+1","Chaos+1","Fission+1","Glacier+1","Hologram+1","Core Surge+1","Coolheaded+1","Madness+1","Madness+1"],"relics":["Cracked Core","Potion Belt","ClockworkSouvenir","Cables","Toxic Egg 2","Molten Egg 2","WarpedTongs","Black Star","Enchiridion","Pear","Bronze Scales","Inserter","Pantograph","Boot","Torii","Bag of Preparation","Dead Branch","Centennial Puzzle","Bottled Flame"],"potions_floor_usage":[8,36,36,36,40],"damage_taken":[{"damage":2,"enemies":"2 Louse","floor":1,"turns":3},{"damage":3,"enemies":"Cultist","floor":3,"turns":3},{"damage":2,"enemies":"Small Slimes","floor":4,"turns":3},{"damage":35,"enemies":"Lagavulin","floor":6,"turns":7},{"damage":8,"enemies":"Gremlin Nob","floor":8,"turns":3},{"damage":14,"enemies":"3 Louse","floor":12,"turns":3},{"damage":8,"enemies":"Blue Slaver","floor":14,"turns":2},{"damage":0,"enemies":"The Guardian","floor":16,"turns":8},{"damage":11,"enemies":"Spheric Guardian","floor":18,"turns":3},{"damage":18,"enemies":"Shell Parasite","floor":19,"turns":6},{"damage":7,"enemies":"Book of Stabbing","floor":24,"turns":6},{"damage":0,"enemies":"Snecko","floor":27,"turns":4},{"damage":19,"enemies":"Snake Plant","floor":29,"turns":2},{"damage":0,"enemies":"3 Cultists","floor":31,"turns":3},{"damage":0,"enemies":"Collector","floor":33,"turns":9},{"damage":2,"enemies":"3 Shapes","floor":35,"turns":3},{"damage":31,"enemies":"3 Darklings","floor":36,"turns":3},{"damage":0,"enemies":"Spire Growth","floor":38,"turns":6},{"damage":1,"enemies":"Transient","floor":39,"turns":6},{"damage":0,"enemies":"Reptomancer","floor":40,"turns":8},{"damage":4,"enemies":"Nemesis","floor":42,"turns":9},{"damage":13,"enemies":"Giant Head","floor":46,"turns":10},{"damage":0,"enemies":"Maw","floor":47,"turns":5},{"damage":0,"enemies":"Awakened One","floor":50,"turns":14},{"damage":0,"enemies":"Donu and Deca","floor":51,"turns":9}],"seed_played":"8093180928743671340","potions_obtained":[{"floor":6,"key":"GamblersBrew"},{"floor":12,"key":"Ancient Potion"},{"floor":16,"key":"FearPotion"},{"floor":18,"key":"Fire Potion"},{"floor":35,"key":"PowerPotion"},{"floor":36,"key":"FocusPotion"},{"floor":39,"key":"Fire Potion"}],"is_trial":false,"path_per_floor":["M","?","M","M","$","E","R","E","T","R","?","M","$","M","R","B",null,"M","M","?","?","$","R","E","?","T","M","R","M","$","M","R","B",null,"M","M","$","M","M","E","$","E","T","$","R","E","M","?","R","B","B",null],"character_chosen":"DEFECT","items_purchased":["ClockworkSouvenir","Streamline","Coolheaded","Explosive Potion","Panacea+1","Cold Snap+1","Glacier+1","Hologram+1"],"campfire_rested":4,"item_purchase_floors":[5,5,5,22,37,37,44,44],"current_hp_per_floor":[62,62,59,57,57,22,43,35,35,35,35,21,21,13,34,34,62,51,33,33,12,12,22,25,25,25,25,25,6,6,6,19,19,39,37,13,13,23,29,39,39,45,45,45,45,42,45,37,37,45,45],"gold":50,"neow_bonus":"RANDOM_COMMON_RELIC","is_prod":false,"is_daily":false,"chose_seed":true,"campfire_upgraded":3,"win_rate":0,"timestamp":1549684704,"path_taken":["M","?","M","?","?","E","R","E","T","R","?","M","$","M","R","BOSS","M","M","?","?","$","R","E","?","T","M","R","?","$","M","R","BOSS","M","?","?","M","M","E","$","E","T","$","R","E","M","?","R","BOSS","BOSS"],"build_version":"2019-01-23","purchased_purges":3,"victory":true,"max_hp_per_floor":[71,71,71,71,71,71,71,71,71,71,71,71,71,71,71,71,71,71,71,35,35,35,35,45,45,45,45,45,45,45,45,45,45,45,45,45,45,45,45,45,45,45,45,45,45,45,45,45,45,45,45],"card_choices":[{"not_picked":["Stack","Conserve Battery","Ball Lightning"],"picked":"SKIP","floor":1},{"not_picked":["Redo","Steam","Force Field"],"picked":"SKIP","floor":3},{"not_picked":["Sweeping Beam","Force Field","Undo"],"picked":"SKIP","floor":4},{"not_picked":["Barrage","Force Field"],"picked":"Biased Cognition","floor":6},{"not_picked":["Sweeping Beam","Doom and Gloom"],"picked":"Seek","floor":8},{"not_picked":["Steam+1","Go for the Eyes+1"],"picked":"Reinforced Body+1","floor":12},{"not_picked":["Streamline+1","Heatsinks"],"picked":"FTL+1","floor":14},{"not_picked":["Amplify+1","Echo Form"],"picked":"Creative AI","floor":16},{"not_picked":["Sweeping Beam+1","Reprogram+1"],"picked":"Ball Lightning+1","floor":18},{"not_picked":["Gash+1","Compile Driver+1"],"picked":"Streamline+1","floor":19},{"not_picked":["Gash+1","Lockon+1"],"picked":"Hyperbeam+1","floor":24},{"not_picked":["Compile Driver+1","Rebound+1","Streamline+1"],"picked":"SKIP","floor":27},{"not_picked":["Stack+1","Aggregate+1"],"picked":"Coolheaded+1","floor":29},{"not_picked":["Genetic Algorithm+1","Rebound+1"],"picked":"Coolheaded+1","floor":31},{"not_picked":["Biased Cognition","Thunder Strike+1"],"picked":"Echo Form","floor":33},{"not_picked":["Gash+1","Melter+1"],"picked":"Self Repair","floor":35},{"not_picked":["Lockon+1","Reinforced Body+1"],"picked":"Defragment","floor":36},{"not_picked":["Reprogram+1","Rebound+1"],"picked":"Sunder+1","floor":38},{"not_picked":["Melter+1","Ball Lightning+1"],"picked":"Chaos+1","floor":39},{"not_picked":["Genetic Algorithm+1","Rebound+1","Rip and Tear+1"],"picked":"SKIP","floor":40},{"not_picked":["Self Repair","Heatsinks"],"picked":"Fission+1","floor":42},{"not_picked":["Storm","Ball Lightning+1"],"picked":"Core Surge+1","floor":46},{"not_picked":["Cold Snap+1","Ball Lightning+1"],"picked":"Coolheaded+1","floor":47}],"player_experience":1475350,"relics_obtained":[{"floor":6,"key":"Cables"},{"floor":8,"key":"Toxic Egg 2"},{"floor":9,"key":"Molten Egg 2"},{"floor":21,"key":"Enchiridion"},{"floor":24,"key":"Pear"},{"floor":24,"key":"Bronze Scales"},{"floor":40,"key":"Pantograph"},{"floor":40,"key":"Boot"},{"floor":42,"key":"Torii"},{"floor":42,"key":"Bag of Preparation"},{"floor":43,"key":"Dead Branch"},{"floor":46,"key":"Centennial Puzzle"},{"floor":46,"key":"Bottled Flame"}],"event_choices":[{"damage_healed":0,"gold_gain":275,"player_choice":"Desecrate","damage_taken":0,"max_hp_gain":0,"max_hp_loss":0,"event_name":"Golden Shrine","floor":2,"gold_loss":0,"cards_obtained":["Regret"]},{"damage_healed":0,"gold_gain":0,"player_choice":"Rummage","damage_taken":0,"relics_obtained":["WarpedTongs"],"max_hp_gain":0,"max_hp_loss":0,"event_name":"Accursed Blacksmith","floor":11,"gold_loss":0,"cards_obtained":["Pain"]},{"damage_healed":0,"gold_gain":0,"player_choice":"Became a Ghost","damage_taken":0,"max_hp_gain":0,"max_hp_loss":36,"event_name":"Ghosts","floor":20,"gold_loss":0,"cards_obtained":["Ghostly","Ghostly","Ghostly"]},{"damage_healed":0,"gold_gain":0,"player_choice":"Obtained Book","damage_taken":21,"max_hp_gain":0,"max_hp_loss":0,"event_name":"Cursed Tome","floor":21,"gold_loss":0},{"damage_healed":0,"gold_gain":0,"player_choice":"Cursed","damage_taken":0,"max_hp_gain":0,"max_hp_loss":0,"event_name":"Wheel of Change","floor":25,"gold_loss":0,"cards_obtained":["Decay"]},{"damage_healed":0,"gold_gain":0,"player_choice":"Embrace Madness","damage_taken":8,"max_hp_gain":0,"max_hp_loss":0,"event_name":"Winding Halls","floor":48,"gold_loss":0,"cards_obtained":["Madness","Madness"]}],"is_beta":false,"boss_relics":[{"not_picked":["White Beast Statue","Calling Bell"],"picked":"Black Star"},{"not_picked":["Astrolabe","Velvet Choker"],"picked":"Inserter"}],"items_purged_floors":[5,13,30],"is_endless":false,"potions_floor_spawned":[6,12,16,18,31,33,35,36,39],"ascension_level":20}