{"gold_per_floor":[119,134,209,174,185,210,222,251,251,271,271,41,68,84,84,161,161,171,189,159,170,188,188,213,213,213,238,238,273,61,81,81,154,154,165,165,165,176,176,209,209,224,224,224,255,266,285,313,313,313,313,313,313,38,70,70],"floor_reached":57,"playtime":2125,"items_purged":["Strike_B"],"score":3069,"play_id":"fff1f8ef-3a85-4469-bf59-ee1728c2453f","local_time":"20190406231948","is_ascension_mode":true,"campfire_choices":[{"floor":11.0,"key":"REST"},{"data":"Defragment","floor":15.0,"key":"SMITH"},{"data":"Electrodynamics","floor":23.0,"key":"SMITH"},{"data":"Defragment","floor":25.0,"key":"SMITH"},{"floor":28.0,"key":"REST"},{"data":"Coolheaded","floor":32.0,"key":"SMITH"},{"floor":41.0,"key":"RECALL"},{"data":"Capacitor","floor":44.0,"key":"SMITH"},{"data":"Amplify","floor":49.0,"key":"SMITH"},{"data":"Capacitor","floor":53.0,"key":"SMITH"}],"neow_cost":"NONE","seed_source_timestamp":733196667555300,"circlet_count":0,"master_deck":["AscendersBane","Strike_B","Defend_B","Defend_B","Defend_B","Defend_B","Zap","Dualcast","Self Repair","Ball Lightning","Chaos","Doom and Gloom+1","Glacier","Turbo","Cold Snap+1","Electrodynamics+1","Coolheaded+1","Defragment+1","Core Surge+1","Tempest","Glacier+1","Coolheaded+1","Defragment+1","Tempest","Meteor Strike+1","Darkness+1","Capacitor+1","Parasite","Amplify+1","Capacitor+1","Creative AI"],"special_seed":0,"relics":["Cracked Core","Molten Egg 2","Gambling Chip","Pantograph","Gremlin Horn","Snecko Eye","PreservedInsect","Emotion Chip","Symbiotic Virus","Lantern","Philosopher\u0027s Stone","Pear","Darkstone Periapt","Mummified Hand","Cables","Runic Capacitor","Unceasing Top"],"potions_floor_usage":[56,56],"damage_taken":[{"damage":3.0,"enemies":"Cultist","floor":1.0,"turns":5.0},{"damage":2.0,"enemies":"Small Slimes","floor":2.0,"turns":3.0},{"damage":7.0,"enemies":"Jaw Worm","floor":5.0,"turns":3.0},{"damage":15.0,"enemies":"Lagavulin","floor":6.0,"turns":7.0},{"damage":29.0,"enemies":"Lots of Slimes","floor":7.0,"turns":3.0},{"damage":21.0,"enemies":"Gremlin Nob","floor":8.0,"turns":4.0},{"damage":0.0,"enemies":"3 Louse","floor":10.0,"turns":1.0},{"damage":23.0,"enemies":"Lagavulin","floor":13.0,"turns":7.0},{"damage":5.0,"enemies":"Red Slaver","floor":14.0,"turns":3.0},{"damage":0.0,"enemies":"Slime Boss","floor":16.0,"turns":5.0},{"damage":17.0,"enemies":"2 Thieves","floor":18.0,"turns":2.0},{"damage":12.0,"enemies":"Shell Parasite","floor":19.0,"turns":3.0},{"damage":11.0,"enemies":"Snake Plant","floor":21.0,"turns":7.0},{"damage":0.0,"enemies":"3 Cultists","floor":22.0,"turns":2.0},{"damage":15.0,"enemies":"Slavers","floor":24.0,"turns":3.0},{"damage":5.0,"enemies":"Book of Stabbing","floor":27.0,"turns":4.0},{"damage":0.0,"enemies":"Slavers","floor":29.0,"turns":1.0},{"damage":3.0,"enemies":"Shelled Parasite and Fungi","floor":31.0,"turns":2.0},{"damage":0.0,"enemies":"Champ","floor":33.0,"turns":10.0},{"damage":0.0,"enemies":"3 Shapes","floor":35.0,"turns":2.0},{"damage":0.0,"enemies":"3 Darklings","floor":38.0,"turns":2.0},{"damage":14.0,"enemies":"Giant Head","floor":40.0,"turns":7.0},{"damage":2.0,"enemies":"Writhing Mass","floor":42.0,"turns":6.0},{"damage":26.0,"enemies":"Reptomancer","floor":45.0,"turns":4.0},{"damage":0.0,"enemies":"Jaw Worm Horde","floor":46.0,"turns":1.0},{"damage":8.0,"enemies":"Transient","floor":47.0,"turns":6.0},{"damage":9.0,"enemies":"Giant Head","floor":48.0,"turns":6.0},{"damage":15.0,"enemies":"Donu and Deca","floor":50.0,"turns":5.0},{"damage":64.0,"enemies":"Awakened One","floor":51.0,"turns":13.0},{"damage":12.0,"enemies":"Shield and Spear","floor":55.0,"turns":3.0},{"damage":68,"enemies":"The Heart","floor":56,"turns":10}],"seed_played":"6371728599917963871","potions_obtained":[{"floor":1.0,"key":"Regen Potion"},{"floor":8.0,"key":"Ancient Potion"},{"floor":16.0,"key":"FocusPotion"},{"floor":29.0,"key":"Swift Potion"},{"floor":40.0,"key":"Weak Potion"},{"floor":42.0,"key":"PowerPotion"},{"floor":55.0,"key":"Dexterity Potion"}],"is_trial":false,"path_per_floor":["M","M","?","?","M","E","M","E","T","M","R","$","E","M","R","B",null,"M","M","?","M","M","R","E","R","T","E","R","E","$","M","R","B",null,"M","?","?","M","?","E","R","M","T","R","E","M","M","E","R","B","B",null,"R","$","E","B",null],"character_chosen":"DEFECT","items_purchased":["Electrodynamics","Lantern","PowerPotion","Swift Potion","Runic Capacitor"],"campfire_rested":2,"item_purchase_floors":[12,30,30,54,54],"current_hp_per_floor":[68,71,60,71,71,63,41,27,27,27,48,48,32,34,34,59,68,58,53,53,49,49,49,39,39,39,34,55,62,62,59,59,71,71,71,71,81,81,81,84,84,89,89,89,63,63,62,60,60,77,34,77,77,77,65,36],"gold":70,"neow_bonus":"TRANSFORM_CARD","is_prod":false,"is_daily":false,"chose_seed":false,"campfire_upgraded":7,"win_rate":0,"timestamp":1554560388,"path_taken":["M","?","?","?","M","E","M","E","T","M","R","$","E","M","R","BOSS","M","M","?","M","M","R","E","R","T","E","R","E","?","M","R","BOSS","M","?","?","?","?","E","R","?","T","R","E","M","M","E","R","BOSS","BOSS","R","$","E","BOSS"],"build_version":"2019-01-23","purchased_purges":1,"victory":true,"max_hp_per_floor":[71,71,71,71,71,71,71,71,71,71,71,71,71,71,71,71,71,71,71,71,71,71,71,71,71,71,71,71,71,71,71,71,71,71,71,71,81,81,81,91,91,91,91,91,91,91,91,91,91,91,91,91,91,91,91,91],"card_choices":[{"not_picked":["Compile Driver","Go for the Eyes"],"picked":"Ball Lightning","floor":1.0},{"not_picked":["Hologram","Compile Driver","Rebound"],"picked":"SKIP","floor":2.0},{"not_picked":["Heatsinks","Melter"],"picked":"Chaos","floor":5.0},{"not_picked":["FTL","Gash"],"picked":"Doom and Gloom","floor":6.0},{"not_picked":["Hologram","Conserve Battery"],"picked":"Glacier","floor":7.0},{"not_picked":["Stack","Genetic Algorithm"],"picked":"Turbo","floor":8.0},{"not_picked":["Redo","Turbo"],"picked":"Cold Snap+1","floor":10.0},{"not_picked":["Beam Cell+1","Amplify"],"picked":"Coolheaded","floor":13.0},{"not_picked":["Beam Cell+1","Conserve Battery"],"picked":"Defragment","floor":14.0},{"not_picked":["Amplify","Hyperbeam+1"],"picked":"Core Surge+1","floor":16.0},{"not_picked":["Sweeping Beam+1","Beam Cell+1"],"picked":"Tempest","floor":18.0},{"not_picked":["Melter+1","Loop"],"picked":"Glacier+1","floor":19.0},{"not_picked":["Redo","Ball Lightning+1","Leap"],"picked":"SKIP","floor":21.0},{"not_picked":["Compile Driver+1","Go for the Eyes+1"],"picked":"Coolheaded+1","floor":22.0},{"not_picked":["Coolheaded","BootSequence+1"],"picked":"Defragment","floor":24.0},{"not_picked":["Darkness","Rebound+1"],"picked":"Electrodynamics","floor":27.0},{"not_picked":["Doom and Gloom+1","Barrage+1"],"picked":"Tempest","floor":29.0},{"not_picked":["Beam Cell+1","Rebound+1","Static Discharge"],"picked":"SKIP","floor":31.0},{"not_picked":["Seek","Machine Learning"],"picked":"Meteor Strike+1","floor":33.0},{"not_picked":["Stack+1","Fusion+1"],"picked":"Darkness+1","floor":35.0},{"not_picked":["Ball Lightning+1","Glacier"],"picked":"Capacitor","floor":38.0},{"not_picked":["Streamline+1","Aggregate+1","BootSequence+1"],"picked":"SKIP","floor":40.0},{"not_picked":["Undo","Reinforced Body","Go for the Eyes+1"],"picked":"SKIP","floor":42.0},{"not_picked":["Compile Driver+1","Cold Snap+1"],"picked":"Amplify","floor":45.0},{"not_picked":["Genetic Algorithm","BootSequence","Compile Driver+1"],"picked":"SKIP","floor":46.0},{"not_picked":["Sweeping Beam+1","Leap"],"picked":"Capacitor","floor":47.0},{"not_picked":["Chaos","Conserve Battery","Hello World"],"picked":"SKIP","floor":48.0},{"not_picked":["Compile Driver+1","Steam Power"],"picked":"Creative AI","floor":55.0}],"player_experience":2932269,"relics_obtained":[{"floor":6.0,"key":"Molten Egg 2"},{"floor":8.0,"key":"Gambling Chip"},{"floor":9.0,"key":"Pantograph"},{"floor":13.0,"key":"Gremlin Horn"},{"floor":24.0,"key":"PreservedInsect"},{"floor":27.0,"key":"Emotion Chip"},{"floor":29.0,"key":"Symbiotic Virus"},{"floor":40.0,"key":"Pear"},{"floor":43.0,"key":"Darkstone Periapt"},{"floor":45.0,"key":"Mummified Hand"},{"floor":48.0,"key":"Cables"},{"floor":55.0,"key":"Unceasing Top"}],"event_choices":[{"damage_healed":0.0,"max_hp_gain":0.0,"max_hp_loss":0.0,"gold_gain":75.0,"event_name":"World of Goop","player_choice":"Gather Gold","floor":3.0,"gold_loss":0.0,"damage_taken":11.0},{"damage_healed":17.0,"max_hp_gain":0.0,"max_hp_loss":0.0,"gold_gain":0.0,"event_name":"The Cleric","player_choice":"Healed","floor":4.0,"gold_loss":35.0,"damage_taken":0.0},{"damage_healed":0.0,"max_hp_gain":0.0,"max_hp_loss":0.0,"gold_gain":0.0,"event_name":"The Woman in Blue","player_choice":"Bought 2 Potions","floor":20.0,"gold_loss":0.0,"damage_taken":0.0},{"damage_healed":0.0,"max_hp_gain":0.0,"max_hp_loss":0.0,"gold_gain":0.0,"event_name":"Tomb of Lord Red Mask","player_choice":"Ignored","floor":36.0,"gold_loss":0.0,"damage_taken":0.0},{"cards_removed":["Electrodynamics"],"damage_healed":0.0,"max_hp_gain":10.0,"max_hp_loss":0.0,"gold_gain":0.0,"event_name":"Bonfire Elementals","player_choice":"Offered Rare","floor":37.0,"gold_loss":0.0,"damage_taken":0.0},{"cards_removed":["Strike_B"],"damage_healed":0.0,"max_hp_gain":0.0,"max_hp_loss":0.0,"gold_gain":0.0,"event_name":"Purifier","player_choice":"Purged","floor":39.0,"gold_loss":0.0,"damage_taken":0.0}],"is_beta":false,"boss_relics":[{"not_picked":["Black Star","White Beast Statue"],"picked":"Snecko Eye"},{"not_picked":["Sozu","Runic Pyramid"],"picked":"Philosopher\u0027s Stone"}],"items_purged_floors":[12],"is_endless":false,"potions_floor_spawned":[1,8,14,16,18,29,31,40,42,47,48,55],"ascension_level":20}