{"gold_per_floor":[117,192,212,212,222,222,250,250,250,250,279,279,429,9,9,83,83,98,118,118,132,32,61,61,72,72,102,113,113,17,52,52,124,124,136,148,148,73,87,87,97,97,97,97,113,124,137,164,164,164,164,164,164,27,55,55],"floor_reached":57,"playtime":2020,"items_purged":["Doubt","Strike_R"],"score":2925,"play_id":"3d4ac9c6-68ed-45b7-8afb-205470434734","local_time":"20190406204238","is_ascension_mode":true,"campfire_choices":[{"data":"Immolate","floor":6,"key":"SMITH"},{"data":"Bash","floor":8,"key":"SMITH"},{"floor":10,"key":"REST"},{"floor":15,"key":"REST"},{"data":"Uppercut","floor":24,"key":"SMITH"},{"data":"Juggernaut","floor":29,"key":"SMITH"},{"data":"Feel No Pain","floor":32,"key":"SMITH"},{"data":"Feel No Pain","floor":40,"key":"SMITH"},{"floor":44,"key":"RECALL"},{"data":"Metallicize","floor":49,"key":"SMITH"},{"data":"Defend_R","floor":53,"key":"SMITH"}],"neow_cost":"TEN_PERCENT_HP_LOSS","seed_source_timestamp":724203503092900,"circlet_count":0,"master_deck":["AscendersBane","Strike_R","Strike_R+1","Defend_R+1","Defend_R","Defend_R+1","Defend_R","Bash+1","Immolate+1","Feel No Pain+1","Feel No Pain+1","Purity+1","Metallicize+1","Double Tap+1","Shrug It Off+1","Uppercut+1","Uppercut+1","Shrug It Off+1","Entrench+1","Juggernaut+1","Corruption","Shrug It Off+1","Flex+1","Barricade","Shrug It Off+1","Burning Pact+1","Madness+1","Madness+1","Hemokinesis","Offering+1","Shrug It Off+1","Shrug It Off+1","Barricade","Body Slam","Flex+1","Entrench+1","Warcry+1","Feel No Pain"],"relics":["Burning Blood","Gambling Chip","Du-Vu Doll","Toxic Egg 2","Oddly Smooth Stone","Snecko Eye","Nunchaku","Paper Frog","Centennial Puzzle","Potion Belt","Philosopher\u0027s Stone","Ornamental Fan","Blood Vial"],"potions_floor_usage":[7,31,33,56,56,56,56],"damage_taken":[{"damage":3,"enemies":"2 Louse","floor":1,"turns":2},{"damage":6,"enemies":"Cultist","floor":3,"turns":4},{"damage":3,"enemies":"Small Slimes","floor":5,"turns":2},{"damage":35,"enemies":"Lagavulin","floor":7,"turns":7},{"damage":7,"enemies":"3 Sentries","floor":11,"turns":4},{"damage":41,"enemies":"The Guardian","floor":16,"turns":18},{"damage":27,"enemies":"Spheric Guardian","floor":18,"turns":5},{"damage":6,"enemies":"3 Byrds","floor":19,"turns":2},{"damage":0,"enemies":"3 Cultists","floor":21,"turns":1},{"damage":0,"enemies":"Slavers","floor":23,"turns":1},{"damage":0,"enemies":"Centurion and Healer","floor":25,"turns":1},{"damage":12,"enemies":"Gremlin Leader","floor":27,"turns":5},{"damage":0,"enemies":"Snake Plant","floor":28,"turns":2},{"damage":28,"enemies":"Slavers","floor":31,"turns":4},{"damage":4,"enemies":"Champ","floor":33,"turns":8},{"damage":2,"enemies":"3 Darklings","floor":35,"turns":2},{"damage":0,"enemies":"3 Shapes","floor":36,"turns":3},{"damage":6,"enemies":"3 Darklings","floor":39,"turns":2},{"damage":6,"enemies":"Maw","floor":41,"turns":4},{"damage":0,"enemies":"4 Shapes","floor":45,"turns":2},{"damage":0,"enemies":"Sphere and 2 Shapes","floor":46,"turns":4},{"damage":6,"enemies":"Transient","floor":47,"turns":6},{"damage":6,"enemies":"Reptomancer","floor":48,"turns":2},{"damage":20,"enemies":"Donu and Deca","floor":50,"turns":4},{"damage":23,"enemies":"Time Eater","floor":51,"turns":9},{"damage":6,"enemies":"Shield and Spear","floor":55,"turns":3},{"damage":8,"enemies":"The Heart","floor":56,"turns":6}],"seed_played":"5758380726451711154","potions_obtained":[{"floor":5,"key":"SkillPotion"},{"floor":19,"key":"Weak Potion"},{"floor":21,"key":"GamblersBrew"},{"floor":31,"key":"Regen Potion"},{"floor":36,"key":"PowerPotion"},{"floor":39,"key":"EssenceOfSteel"},{"floor":45,"key":"Block Potion"},{"floor":47,"key":"SpeedPotion"}],"is_trial":false,"path_per_floor":["M","?","M","?","M","R","E","R","T","R","E","?","?","$","R","B",null,"M","M","?","M","$","E","R","M","T","E","M","R","$","E","R","B",null,"M","M","?","?","M","R","M","?","T","R","M","M","M","E","R","B","B",null,"R","$","E","B",null],"character_chosen":"IRONCLAD","items_purchased":["Oddly Smooth Stone","Purity+1","Metallicize","Corruption","Shrug It Off+1","Feel No Pain","Dexterity Potion"],"campfire_rested":2,"item_purchase_floors":[14,14,14,30,30,54,54],"current_hp_per_floor":[68,57,57,57,60,60,31,31,31,51,50,30,30,30,50,15,55,34,34,34,40,40,46,46,52,52,46,52,52,52,30,30,47,63,67,68,56,56,56,56,56,56,56,56,62,68,68,68,68,54,37,60,60,60,60,60],"gold":55,"neow_bonus":"THREE_RARE_CARDS","is_prod":false,"is_daily":false,"chose_seed":false,"campfire_upgraded":8,"win_rate":0,"timestamp":1554550958,"path_taken":["M","?","M","?","?","R","E","R","T","R","E","?","?","$","R","BOSS","M","M","?","M","?","E","R","?","T","E","?","R","?","E","R","BOSS","M","M","?","?","M","R","?","?","T","R","M","M","?","E","R","BOSS","BOSS","R","$","E","BOSS"],"build_version":"2019-01-23","purchased_purges":2,"victory":true,"max_hp_per_floor":[68,68,68,68,68,68,68,68,68,68,68,68,68,68,68,68,68,68,68,68,68,68,68,68,68,68,68,68,68,68,68,68,68,68,68,68,68,68,68,68,68,68,68,68,68,68,68,68,68,68,68,68,68,68,68,68],"card_choices":[{"not_picked":["Demon Form","Berserk"],"picked":"Immolate","floor":0},{"not_picked":["Twin Strike","Thunderclap"],"picked":"Feel No Pain","floor":1},{"not_picked":["Twin Strike","Burning Pact","Heavy Blade"],"picked":"SKIP","floor":3},{"not_picked":["Havoc","Burning Pact","Headbutt"],"picked":"SKIP","floor":5},{"not_picked":["Metallicize","Rupture","Ghostly Armor"],"picked":"SKIP","floor":7},{"not_picked":["Double Tap","Searing Blow"],"picked":"Feel No Pain","floor":11},{"not_picked":["Fiend Fire","Immolate"],"picked":"Double Tap+1","floor":16},{"not_picked":["Bloodletting+1","Uppercut"],"picked":"Shrug It Off+1","floor":18},{"not_picked":["Headbutt","Metallicize"],"picked":"Uppercut","floor":19},{"not_picked":["Fire Breathing","Cleave","Perfected Strike"],"picked":"SKIP","floor":21},{"not_picked":["Fire Breathing","Cleave","Perfected Strike"],"picked":"SKIP","floor":21},{"not_picked":["Combust","Body Slam"],"picked":"Uppercut+1","floor":23},{"not_picked":["Perfected Strike","Combust"],"picked":"Shrug It Off+1","floor":25},{"not_picked":["Power Through+1","Rupture+1"],"picked":"Entrench+1","floor":27},{"not_picked":["Pommel Strike","Havoc+1"],"picked":"Juggernaut","floor":28},{"not_picked":["Sever Soul","Sword Boomerang"],"picked":"Flex+1","floor":31},{"not_picked":["Feed","Demon Form"],"picked":"Barricade","floor":33},{"not_picked":["Perfected Strike","Twin Strike"],"picked":"Shrug It Off+1","floor":35},{"not_picked":["Heavy Blade","Spot Weakness+1"],"picked":"Burning Pact+1","floor":36},{"not_picked":["Rupture","Wild Strike"],"picked":"Shrug It Off+1","floor":39},{"not_picked":["Heavy Blade","Hemokinesis"],"picked":"Shrug It Off+1","floor":41},{"not_picked":["Clothesline","Wild Strike"],"picked":"Body Slam","floor":45},{"not_picked":["Cleave+1","Clothesline"],"picked":"Flex+1","floor":46},{"not_picked":["Havoc+1","Rage+1"],"picked":"Entrench+1","floor":47},{"not_picked":["Armaments+1","Evolve"],"picked":"Warcry+1","floor":48},{"not_picked":["Thunderclap","Twin Strike","Cleave+1"],"picked":"SKIP","floor":55}],"player_experience":2923851,"relics_obtained":[{"floor":7,"key":"Gambling Chip"},{"floor":9,"key":"Du-Vu Doll"},{"floor":11,"key":"Toxic Egg 2"},{"floor":23,"key":"Nunchaku"},{"floor":26,"key":"Paper Frog"},{"floor":27,"key":"Centennial Puzzle"},{"floor":31,"key":"Potion Belt"},{"floor":48,"key":"Ornamental Fan"},{"floor":55,"key":"Blood Vial"}],"event_choices":[{"damage_healed":0,"gold_gain":75,"player_choice":"Gather Gold","damage_taken":11,"max_hp_gain":0,"max_hp_loss":0,"event_name":"World of Goop","floor":2,"gold_loss":0},{"damage_healed":0,"gold_gain":0,"player_choice":"Leave","damage_taken":0,"max_hp_gain":0,"max_hp_loss":0,"event_name":"FaceTrader","floor":4,"gold_loss":0},{"damage_healed":0,"gold_gain":0,"player_choice":"Entered Light","damage_taken":20,"max_hp_gain":0,"max_hp_loss":0,"event_name":"Shining Light","floor":12,"gold_loss":0,"cards_upgraded":["Defend_R","Strike_R"]},{"damage_healed":0,"gold_gain":150,"player_choice":"AGREE","damage_taken":0,"max_hp_gain":0,"max_hp_loss":0,"event_name":"Liars Game","floor":13,"gold_loss":0,"cards_obtained":["Doubt"]},{"damage_healed":0,"gold_gain":0,"player_choice":"0 cards matched","damage_taken":0,"max_hp_gain":0,"max_hp_loss":0,"event_name":"Match and Keep!","floor":20,"gold_loss":0,"cards_obtained":[]},{"damage_healed":0,"gold_gain":0,"player_choice":"Embrace Madness","damage_taken":12,"max_hp_gain":0,"max_hp_loss":0,"event_name":"Winding Halls","floor":37,"gold_loss":0,"cards_obtained":["Madness","Madness"]},{"damage_healed":0,"gold_gain":0,"cards_transformed":["Strike_R","Strike_R"],"player_choice":"Transformed Cards","damage_taken":0,"max_hp_gain":0,"max_hp_loss":0,"event_name":"Designer","floor":38,"gold_loss":75,"cards_obtained":["Hemokinesis","Offering"]},{"damage_healed":0,"gold_gain":0,"player_choice":"Copied","damage_taken":0,"max_hp_gain":0,"max_hp_loss":0,"event_name":"Duplicator","floor":42,"gold_loss":0,"cards_obtained":["Barricade"]}],"is_beta":false,"boss_relics":[{"not_picked":["Runic Dome","Ectoplasm"],"picked":"Snecko Eye"},{"not_picked":["Sozu","Tiny House"],"picked":"Philosopher\u0027s Stone"}],"items_purged_floors":[14,22],"is_endless":false,"potions_floor_spawned":[5,19,21,23,27,31,36,39,45,46,47,55],"ascension_level":20}