{"gold_per_floor":[116,116,116,116,130,155,80,113,137,148,148,7,19,49,49,123,123,140,57,57,57,72,72,72,72,97,110,110],"floor_reached":28,"playtime":773,"items_purged":["Pain","Writhe"],"score":468,"play_id":"3004412f-ca26-4298-87a1-c1a646bb2699","local_time":"20190304171130","is_ascension_mode":true,"campfire_choices":[{"floor":15,"key":"REST"},{"floor":23,"key":"REST"},{"floor":25,"key":"REST"}],"neow_cost":"NONE","seed_source_timestamp":233986596343000,"circlet_count":0,"master_deck":["AscendersBane","Strike_B","Strike_B","Defend_B","Defend_B","Zap","Dualcast","FTL","Double Energy","Loop","Loop","Consume","Lockon","Coolheaded","Rainbow","Leap+1","Storm+1","Sweeping Beam+1","Blizzard","Coolheaded","Pain"],"relics":["Cursed Key","WarpedTongs","Pen Nib","Ginger","Anchor","Regal Pillow","Astrolabe","Enchiridion","Vajra"],"potions_floor_usage":[6,6,14],"damage_taken":[{"damage":11,"enemies":"Small Slimes","floor":1,"turns":4},{"damage":7,"enemies":"2 Louse","floor":5,"turns":3},{"damage":25,"enemies":"3 Sentries","floor":6,"turns":5},{"damage":22,"enemies":"Lagavulin","floor":8,"turns":6},{"damage":6,"enemies":"Cultist","floor":10,"turns":4},{"damage":2,"enemies":"3 Louse","floor":13,"turns":3},{"damage":6,"enemies":"3 Sentries","floor":14,"turns":7},{"damage":14,"enemies":"Hexaghost","floor":16,"turns":10},{"damage":22,"enemies":"Shell Parasite","floor":18,"turns":4},{"damage":10,"enemies":"Spheric Guardian","floor":22,"turns":4},{"damage":24,"enemies":"Cultist and Chosen","floor":27,"turns":5}],"seed_played":"-4601576406598204295","potions_obtained":[{"floor":1,"key":"Explosive Potion"},{"floor":5,"key":"PowerPotion"},{"floor":6,"key":"Block Potion"},{"floor":27,"key":"Dexterity Potion"}],"is_trial":false,"path_per_floor":["M","?","?","?","M","E","$","E","T","M","?","$","M","E","R","B",null,"M","$","?","?","M","R","?","R","T","M","?"],"character_chosen":"DEFECT","items_purchased":["Lockon","Blizzard"],"campfire_rested":3,"item_purchase_floors":[12,19],"current_hp_per_floor":[53,53,71,71,64,39,39,17,17,11,11,11,9,3,39,25,60,38,38,17,17,7,43,23,60,60,36,36],"gold":110,"neow_bonus":"BOSS_RELIC","is_prod":false,"is_daily":false,"chose_seed":false,"campfire_upgraded":0,"win_rate":0,"timestamp":1551687090,"path_taken":["M","?","?","?","?","E","$","E","T","M","?","$","M","E","R","BOSS","M","$","?","?","M","R","?","R","T","M","?"],"build_version":"2019-01-23","purchased_purges":2,"victory":false,"max_hp_per_floor":[71,71,71,71,71,71,71,71,71,71,71,71,71,71,71,71,71,71,71,71,71,71,71,76,76,76,76,76],"card_choices":[{"not_picked":["Turbo","Steam Power"],"picked":"FTL","floor":1},{"not_picked":["Go for the Eyes","Auto Shields"],"picked":"Loop","floor":5},{"not_picked":["Storm","Streamline"],"picked":"Loop","floor":6},{"not_picked":["Steam","Cold Snap"],"picked":"Consume","floor":8},{"not_picked":["Redo","Stack","Turbo"],"picked":"SKIP","floor":10},{"not_picked":["Double Energy","Ball Lightning"],"picked":"Coolheaded","floor":13},{"not_picked":["Skim","Stack","Conserve Battery"],"picked":"SKIP","floor":14},{"not_picked":["Fission","Hyperbeam"],"picked":"Rainbow","floor":16},{"not_picked":["Skim","Beam Cell","Stack"],"picked":"SKIP","floor":18},{"not_picked":["Darkness","FTL"],"picked":"Coolheaded","floor":22},{"not_picked":["Rip and Tear","Go for the Eyes","Aggregate"],"picked":"SKIP","floor":27}],"player_experience":2004757,"relics_obtained":[{"floor":6,"key":"Pen Nib"},{"floor":8,"key":"Ginger"},{"floor":9,"key":"Anchor"},{"floor":14,"key":"Regal Pillow"},{"floor":20,"key":"Enchiridion"},{"floor":26,"key":"Vajra"}],"event_choices":[{"damage_healed":0,"gold_gain":0,"cards_transformed":["Defend_B"],"player_choice":"Change","damage_taken":0,"max_hp_gain":0,"max_hp_loss":0,"event_name":"Living Wall","floor":2,"gold_loss":0,"cards_obtained":["Double Energy"]},{"damage_healed":23,"gold_gain":0,"player_choice":"Banana","damage_taken":0,"max_hp_gain":0,"max_hp_loss":0,"event_name":"Big Fish","floor":3,"gold_loss":0},{"damage_healed":0,"gold_gain":0,"player_choice":"Rummage","damage_taken":0,"relics_obtained":["WarpedTongs"],"max_hp_gain":0,"max_hp_loss":0,"event_name":"Accursed Blacksmith","floor":4,"gold_loss":0,"cards_obtained":["Pain"]},{"damage_healed":0,"gold_gain":0,"player_choice":"Ignored","damage_taken":0,"max_hp_gain":0,"max_hp_loss":0,"event_name":"Liars Game","floor":11,"gold_loss":0},{"damage_healed":0,"gold_gain":0,"player_choice":"Obtained Book","damage_taken":21,"max_hp_gain":0,"max_hp_loss":0,"event_name":"Cursed Tome","floor":20,"gold_loss":0},{"damage_healed":0,"gold_gain":0,"player_choice":"Ignored","damage_taken":0,"max_hp_gain":0,"max_hp_loss":0,"event_name":"The Mausoleum","floor":21,"gold_loss":0},{"damage_healed":0,"gold_gain":0,"player_choice":"Shed Blood","damage_taken":25,"max_hp_gain":5,"max_hp_loss":0,"event_name":"Forgotten Altar","floor":24,"gold_loss":0}],"is_beta":false,"boss_relics":[{"not_picked":["Nuclear Battery","Empty Cage"],"picked":"Astrolabe"}],"items_purged_floors":[7,12],"is_endless":false,"potions_floor_spawned":[1,5,6,27],"ascension_level":20}