{"gold_per_floor":[213,213,225,225,43,43,75,88,88,88,107,107,124,36,36,115,115,127,41,41,56,70,70,70],"floor_reached":24,"playtime":1108,"items_purged":[],"score":353,"play_id":"d2997166-9052-4f50-8eee-4346b446ed6a","local_time":"20190306211226","is_ascension_mode":true,"campfire_choices":[{"floor":6,"key":"REST"},{"data":"Storm","floor":10,"key":"SMITH"},{"floor":12,"key":"REST"},{"data":"White Noise","floor":15,"key":"SMITH"},{"floor":23,"key":"REST"}],"neow_cost":"NONE","seed_source_timestamp":100635037816883,"circlet_count":0,"master_deck":["AscendersBane","Strike_B","Strike_B","Strike_B","Defend_B","Defend_B","Defend_B","Defend_B","Zap","Dualcast","Ball Lightning","Conserve Battery","Hello World","Conserve Battery","Storm+1","Heatsinks","Stack","White Noise+1","Loop","Rainbow","Conserve Battery","Loop","Hello World","Barrage","Chaos"],"relics":["Cracked Core","Question Card","Symbiotic Virus","Black Star"],"potions_floor_usage":[7,11,16,16,22],"damage_taken":[{"damage":0,"enemies":"Cultist","floor":1,"turns":3},{"damage":2,"enemies":"2 Louse","floor":3,"turns":2},{"damage":7,"enemies":"Gremlin Nob","floor":7,"turns":4},{"damage":11,"enemies":"Small Slimes","floor":8,"turns":4},{"damage":3,"enemies":"Exordium Thugs","floor":11,"turns":4},{"damage":9,"enemies":"Red Slaver","floor":13,"turns":4},{"damage":22,"enemies":"Slime Boss","floor":16,"turns":7},{"damage":25,"enemies":"3 Byrds","floor":18,"turns":4},{"damage":0,"enemies":"Spheric Guardian","floor":21,"turns":3},{"damage":25,"enemies":"Snake Plant","floor":22,"turns":4},{"damage":40,"enemies":"Slavers","floor":24,"turns":4}],"seed_played":"2636273690696646453","potions_obtained":[{"floor":3,"key":"Block Potion"},{"floor":8,"key":"Swift Potion"},{"floor":13,"key":"GamblersBrew"},{"floor":21,"key":"Dexterity Potion"}],"is_trial":false,"path_per_floor":["M","?","M","?","$","R","E","M","T","R","M","R","M","$","R","B",null,"M","$","?","M","M","R","E"],"character_chosen":"DEFECT","items_purchased":["Hello World","PowerPotion","Conserve Battery","Loop","Loop"],"campfire_rested":3,"item_purchase_floors":[5,5,5,14,19],"current_hp_per_floor":[64,64,62,62,62,71,64,53,53,53,50,71,62,62,62,40,63,38,38,38,38,13,34,0],"gold":70,"neow_bonus":"HUNDRED_GOLD","is_prod":false,"is_daily":false,"chose_seed":false,"campfire_upgraded":2,"win_rate":0,"timestamp":1551899546,"path_taken":["M","?","M","?","$","R","E","M","T","R","?","R","M","$","R","BOSS","M","$","?","M","?","R","E"],"build_version":"2019-01-23","purchased_purges":0,"victory":false,"max_hp_per_floor":[71,71,71,71,71,71,71,71,71,71,71,71,71,71,71,71,71,71,71,71,71,71,71,71],"card_choices":[{"not_picked":["Rebound","Reprogram"],"picked":"Ball Lightning","floor":1},{"not_picked":["Go for the Eyes","Turbo"],"picked":"Conserve Battery","floor":3},{"not_picked":["Consume","Cold Snap"],"picked":"Storm","floor":7},{"not_picked":["Leap","Barrage","Sweeping Beam"],"picked":"Heatsinks","floor":8},{"not_picked":["Gash","Leap","Sweeping Beam"],"picked":"Stack","floor":11},{"not_picked":["Stack","Seek","Leap"],"picked":"White Noise","floor":13},{"not_picked":["Hyperbeam","Meteor Strike","Core Surge"],"picked":"Rainbow","floor":16},{"not_picked":["Steam","Go for the Eyes","Reinforced Body"],"picked":"Conserve Battery","floor":18},{"not_picked":["Sweeping Beam","Scrape","Compile Driver"],"picked":"Barrage","floor":21},{"not_picked":["Rip and Tear","Stack+1","Scrape"],"picked":"Chaos","floor":22}],"player_experience":1048405,"relics_obtained":[{"floor":7,"key":"Question Card"},{"floor":9,"key":"Symbiotic Virus"}],"event_choices":[{"damage_healed":0,"gold_gain":0,"player_choice":"Ignored","damage_taken":0,"max_hp_gain":0,"max_hp_loss":0,"event_name":"Golden Wing","floor":2,"gold_loss":0},{"cards_removed":["Strike_B"],"damage_healed":0,"gold_gain":0,"player_choice":"Offered Basic","damage_taken":0,"max_hp_gain":0,"max_hp_loss":0,"event_name":"Bonfire Elementals","floor":4,"gold_loss":0},{"damage_healed":0,"gold_gain":0,"player_choice":"1 cards matched","damage_taken":0,"max_hp_gain":0,"max_hp_loss":0,"event_name":"Match and Keep!","floor":20,"gold_loss":0,"cards_obtained":["Hello World"]}],"is_beta":false,"boss_relics":[{"not_picked":["Runic Dome","Ectoplasm"],"picked":"Black Star"}],"items_purged_floors":[],"is_endless":false,"potions_floor_spawned":[3,8,13,21],"killed_by":"Slavers","ascension_level":16}