{"gold_per_floor":[110,110,185,197,216,216,141,4,83,114,114,128,128,156,156,230,230],"floor_reached":17,"playtime":390,"items_purged":[],"score":326,"play_id":"9f696155-e946-4548-a166-c2e58ffad1cd","local_time":"20190315204423","is_ascension_mode":true,"campfire_choices":[{"data":"Armaments","floor":6,"key":"SMITH"},{"floor":11,"key":"REST"},{"data":"Body Slam","floor":13,"key":"SMITH"},{"data":"Fiend Fire","floor":15,"key":"SMITH"}],"neow_cost":"NONE","seed_source_timestamp":124699787481700,"circlet_count":0,"master_deck":["AscendersBane","Bash","Armaments+1","Impervious","Body Slam+1","Fiend Fire+1","Uppercut","Heavy Blade","Metallicize","Demon Form","Double Tap","Flex","Power Through","Uppercut"],"relics":["Burning Blood","NeowsBlessing","Red Skull","The Courier","Orichalcum","Oddly Smooth Stone","Pandora\u0027s Box"],"potions_floor_usage":[5,16],"damage_taken":[{"damage":0,"enemies":"Jaw Worm","floor":1,"turns":1},{"damage":0,"enemies":"2 Louse","floor":4,"turns":1},{"damage":0,"enemies":"Cultist","floor":5,"turns":1},{"damage":50,"enemies":"3 Sentries","floor":10,"turns":12},{"damage":9,"enemies":"3 Louse","floor":12,"turns":3},{"damage":29,"enemies":"Lagavulin","floor":14,"turns":6},{"damage":14,"enemies":"The Guardian","floor":16,"turns":12}],"seed_played":"6848641336525815220","potions_obtained":[{"floor":5,"key":"Fruit Juice"},{"floor":12,"key":"Weak Potion"},{"floor":14,"key":"LiquidBronze"}],"is_trial":false,"path_per_floor":["M","?","?","M","M","R","?","$","T","E","R","M","R","E","R","B",null],"character_chosen":"IRONCLAD","items_purchased":["Impervious","Body Slam"],"campfire_rested":1,"item_purchase_floors":[8,8],"current_hp_per_floor":[74,56,45,51,62,62,62,62,62,18,42,39,39,16,16,8,62],"gold":230,"neow_bonus":"THREE_ENEMY_KILL","is_prod":false,"is_daily":false,"chose_seed":false,"campfire_upgraded":3,"win_rate":0,"timestamp":1552650263,"path_taken":["M","?","?","M","M","R","?","?","T","E","R","?","R","E","R","BOSS"],"build_version":"2019-01-23","purchased_purges":0,"victory":false,"max_hp_per_floor":[75,75,75,75,80,80,80,80,80,80,80,80,80,80,80,80,80],"card_choices":[{"not_picked":["Twin Strike","Wild Strike","Combust"],"picked":"SKIP","floor":1},{"not_picked":["Warcry","Wild Strike"],"picked":"Armaments","floor":4},{"not_picked":["Warcry","Armaments","Iron Wave"],"picked":"SKIP","floor":5},{"not_picked":["Bloodletting","Headbutt","Power Through"],"picked":"SKIP","floor":10},{"not_picked":["Inflame","Pommel Strike","Armaments"],"picked":"SKIP","floor":12},{"not_picked":["Armaments","Inflame"],"picked":"Fiend Fire","floor":14}],"player_experience":2297521,"relics_obtained":[{"floor":9,"key":"The Courier"},{"floor":10,"key":"Orichalcum"},{"floor":14,"key":"Oddly Smooth Stone"}],"event_choices":[{"damage_healed":0,"gold_gain":0,"player_choice":"Success","damage_taken":18,"relics_obtained":["Red Skull"],"max_hp_gain":0,"max_hp_loss":0,"event_name":"Scrap Ooze","floor":2,"gold_loss":0},{"damage_healed":0,"gold_gain":75,"player_choice":"Gather Gold","damage_taken":11,"max_hp_gain":0,"max_hp_loss":0,"event_name":"World of Goop","floor":3,"gold_loss":0},{"cards_removed":["Strike_R"],"damage_healed":0,"gold_gain":0,"player_choice":"Card Removal","damage_taken":0,"max_hp_gain":0,"max_hp_loss":0,"event_name":"The Cleric","floor":7,"gold_loss":75}],"is_beta":false,"boss_relics":[{"not_picked":["Runic Dome","Orrery"],"picked":"Pandora\u0027s Box"}],"items_purged_floors":[],"is_endless":false,"potions_floor_spawned":[5,12,14],"ascension_level":20}