{"gold_per_floor":[116,41,41,57,27,27,37,69,369,400,417,433,433,448],"floor_reached":14,"playtime":249,"items_purged":[],"score":204,"play_id":"1fdf1072-46bc-4859-9f02-91f7b3886bf2","local_time":"20190309221437","is_ascension_mode":true,"campfire_choices":[{"data":"Barrage","floor":6,"key":"SMITH"}],"neow_cost":"NONE","seed_source_timestamp":43380633324600,"circlet_count":0,"master_deck":["AscendersBane","Strike_B","Strike_B","Strike_B","Defend_B","Defend_B","Defend_B","Zap","Dualcast","Ball Lightning","FTL","Barrage+1","Coolheaded","Blizzard","Cold Snap","Pain","Fission"],"relics":["Cracked Core","NeowsBlessing","Girya","Old Coin","Turnip","WarpedTongs"],"potions_floor_usage":[10],"damage_taken":[{"damage":0,"enemies":"Small Slimes","floor":1,"turns":1},{"damage":0,"enemies":"2 Louse","floor":4,"turns":1},{"damage":0,"enemies":"Cultist","floor":7,"turns":1},{"damage":9,"enemies":"Gremlin Nob","floor":8,"turns":3},{"damage":25,"enemies":"Lagavulin","floor":10,"turns":5},{"damage":7,"enemies":"Red Slaver","floor":11,"turns":2},{"damage":0,"enemies":"Exordium Wildlife","floor":12,"turns":3},{"damage":12,"enemies":"Looter","floor":14,"turns":3}],"seed_played":"-1907159701443033861","potions_obtained":[{"floor":4,"key":"Weak Potion"},{"floor":10,"key":"Poison Potion"},{"floor":11,"key":"GamblersBrew"}],"is_trial":false,"path_per_floor":["M","?","?","M","$","R","M","E","T","E","M","M","?","M"],"character_chosen":"DEFECT","items_purchased":["Barrage"],"campfire_rested":0,"item_purchase_floors":[5],"current_hp_per_floor":[64,64,64,64,64,64,64,55,55,30,23,23,23,11],"gold":448,"neow_bonus":"THREE_ENEMY_KILL","is_prod":false,"is_daily":false,"chose_seed":false,"campfire_upgraded":1,"win_rate":0,"timestamp":1552137277,"path_taken":["M","?","?","?","?","R","M","E","T","E","M","M","?","?"],"build_version":"2019-01-23","purchased_purges":0,"victory":false,"max_hp_per_floor":[71,71,71,71,71,71,71,71,71,71,71,71,71,71],"card_choices":[{"not_picked":["Reinforced Body","Barrage"],"picked":"Ball Lightning","floor":1},{"not_picked":["Conserve Battery","Stack"],"picked":"FTL","floor":4},{"not_picked":["Tempest","Beam Cell"],"picked":"Coolheaded","floor":7},{"not_picked":["Rainbow","Hologram","Auto Shields"],"picked":"SKIP","floor":8},{"not_picked":["Sweeping Beam","Conserve Battery"],"picked":"Blizzard","floor":10},{"not_picked":["Auto Shields","Hologram","Stack"],"picked":"SKIP","floor":11},{"not_picked":["Hologram","Streamline"],"picked":"Cold Snap","floor":12},{"not_picked":["Heatsinks","Undo"],"picked":"Fission","floor":14}],"player_experience":2116348,"relics_obtained":[{"floor":8,"key":"Girya"},{"floor":9,"key":"Old Coin"},{"floor":10,"key":"Turnip"}],"event_choices":[{"cards_removed":["Defend_B"],"damage_healed":0,"gold_gain":0,"player_choice":"Card Removal","damage_taken":0,"max_hp_gain":0,"max_hp_loss":0,"event_name":"The Cleric","floor":2,"gold_loss":75},{"cards_removed":["Strike_B"],"damage_healed":0,"gold_gain":0,"player_choice":"Offered Basic","damage_taken":0,"max_hp_gain":0,"max_hp_loss":0,"event_name":"Bonfire Elementals","floor":3,"gold_loss":0},{"damage_healed":0,"gold_gain":0,"player_choice":"Rummage","damage_taken":0,"relics_obtained":["WarpedTongs"],"max_hp_gain":0,"max_hp_loss":0,"event_name":"Accursed Blacksmith","floor":13,"gold_loss":0,"cards_obtained":["Pain"]}],"is_beta":false,"boss_relics":[],"items_purged_floors":[],"is_endless":false,"potions_floor_spawned":[4,10,11,14],"killed_by":"Looter","ascension_level":20}