{"gold_per_floor":[119,119,119,136,136,166,166,184,184,209,209,209,236,251,251,251],"floor_reached":16,"playtime":369,"items_purged":[],"score":236,"play_id":"1cf6c58e-a003-4b66-a207-a4ec079f0e5c","local_time":"20190404182118","is_ascension_mode":true,"campfire_choices":[{"data":"Fiend Fire","floor":7.0,"key":"SMITH"},{"data":"Strike_R","floor":12.0,"key":"PURGE"},{"data":"Strike_R","floor":15.0,"key":"PURGE"}],"neow_cost":"CURSE","seed_source_timestamp":544135116203899,"circlet_count":0,"master_deck":["AscendersBane","Strike_R","Strike_R+1","Defend_R","Defend_R","Defend_R+1","Defend_R","Bash","Fiend Fire+1","Cleave","Offering","Battle Trance","Warcry","Entrench+1","Dropkick","Flame Barrier+1","Shrug It Off+1","Disarm+1"],"special_seed":0,"relics":["Burning Blood","Prayer Wheel","Kunai","Toxic Egg 2","Peace Pipe","Shuriken"],"potions_floor_usage":[16,16],"damage_taken":[{"damage":0.0,"enemies":"Small Slimes","floor":1.0,"turns":2.0},{"damage":1.0,"enemies":"2 Louse","floor":4.0,"turns":3.0},{"damage":28.0,"enemies":"Gremlin Nob","floor":6.0,"turns":4.0},{"damage":0.0,"enemies":"Cultist","floor":8.0,"turns":2.0},{"damage":18.0,"enemies":"Lagavulin","floor":10.0,"turns":4.0},{"damage":10.0,"enemies":"3 Sentries","floor":13.0,"turns":6.0},{"damage":6.0,"enemies":"Exordium Thugs","floor":14.0,"turns":2.0},{"damage":7,"enemies":"Slime Boss","floor":16,"turns":8}],"seed_played":"7549754397087009816","potions_obtained":[{"floor":10.0,"key":"SkillPotion"},{"floor":14.0,"key":"Block Potion"}],"is_trial":false,"path_per_floor":["M","?","?","M","T","E","R","M","T","E","?","R","E","M","R","B"],"character_chosen":"IRONCLAD","items_purchased":[],"campfire_rested":0,"item_purchase_floors":[],"current_hp_per_floor":[74,51,51,56,56,34,34,40,40,28,28,28,24,24,24,17],"gold":251,"neow_bonus":"THREE_RARE_CARDS","is_prod":false,"is_daily":false,"chose_seed":true,"campfire_upgraded":1,"win_rate":0,"timestamp":1554369678,"path_taken":["M","?","?","?","?","E","R","M","T","E","?","R","E","M","R","BOSS"],"build_version":"2019-01-23","purchased_purges":0,"victory":false,"max_hp_per_floor":[75,75,75,75,75,75,75,75,75,75,75,75,75,75,75,75],"card_choices":[{"not_picked":["Brutality","Juggernaut"],"picked":"Fiend Fire","floor":0.0},{"not_picked":["Pommel Strike","Heavy Blade","Clothesline"],"picked":"SKIP","floor":1.0},{"not_picked":["Pommel Strike","Heavy Blade"],"picked":"Cleave","floor":4.0},{"not_picked":["Sword Boomerang","Armaments"],"picked":"Offering","floor":6.0},{"not_picked":["Burning Pact","Wild Strike"],"picked":"Battle Trance","floor":8.0},{"not_picked":["Twin Strike","Thunderclap"],"picked":"Warcry","floor":8.0},{"not_picked":["Brutality","Headbutt"],"picked":"Entrench+1","floor":10.0},{"not_picked":["Thunderclap","Rupture"],"picked":"Flame Barrier+1","floor":13.0},{"not_picked":["Warcry+1","Pommel Strike"],"picked":"Shrug It Off+1","floor":14.0},{"not_picked":["Anger","Twin Strike"],"picked":"Disarm+1","floor":14.0}],"player_experience":2869733,"relics_obtained":[{"floor":5.0,"key":"Prayer Wheel"},{"floor":6.0,"key":"Kunai"},{"floor":9.0,"key":"Toxic Egg 2"},{"floor":10.0,"key":"Peace Pipe"},{"floor":13.0,"key":"Shuriken"}],"event_choices":[{"damage_healed":0.0,"max_hp_gain":0.0,"max_hp_loss":0.0,"gold_gain":0.0,"event_name":"Shining Light","player_choice":"Entered Light","floor":2.0,"gold_loss":0.0,"damage_taken":23.0,"cards_upgraded":["Defend_R","Strike_R"]},{"cards_removed":["Decay"],"damage_healed":0.0,"max_hp_gain":0.0,"max_hp_loss":0.0,"gold_gain":0.0,"event_name":"Wheel of Change","player_choice":"Card Removal","floor":3.0,"gold_loss":0.0,"damage_taken":0.0},{"damage_healed":0.0,"max_hp_gain":0.0,"max_hp_loss":0.0,"gold_gain":0.0,"cards_transformed":["Strike_R"],"event_name":"Living Wall","player_choice":"Change","floor":11.0,"gold_loss":0.0,"damage_taken":0.0,"cards_obtained":["Dropkick"]}],"is_beta":false,"boss_relics":[],"items_purged_floors":[],"is_endless":false,"potions_floor_spawned":[10,14],"killed_by":"Slime Boss","ascension_level":20}