{"gold_per_floor":[116,127,137,107,122,149,149,149,149,74,74,74,94,169,169,169],"floor_reached":16,"playtime":360,"items_purged":[],"score":200,"play_id":"9dcba625-06f5-40a7-be06-340c76af12e0","local_time":"20190309142954","is_ascension_mode":true,"campfire_choices":[{"data":"Spot Weakness","floor":7,"key":"SMITH"},{"data":"Bash","floor":12,"key":"SMITH"},{"data":"Inflame","floor":15,"key":"SMITH"}],"neow_cost":"NONE","seed_source_timestamp":15387135941800,"circlet_count":0,"master_deck":["AscendersBane","Strike_R","Strike_R","Strike_R","Strike_R","Defend_R","Defend_R","Defend_R","Defend_R","Bash+1","Spot Weakness+1","Seeing Red","Sword Boomerang","Headbutt","Pain","Inflame+1"],"relics":["Burning Blood","NeowsBlessing","Strawberry","Incense Burner","Shuriken","WarpedTongs"],"potions_floor_usage":[6,6,16],"damage_taken":[{"damage":0,"enemies":"Small Slimes","floor":1,"turns":1},{"damage":0,"enemies":"Cultist","floor":2,"turns":1},{"damage":0,"enemies":"2 Louse","floor":3,"turns":1},{"damage":10,"enemies":"2 Fungi Beasts","floor":5,"turns":3},{"damage":38,"enemies":"3 Sentries","floor":6,"turns":8},{"damage":23,"enemies":"Large Slime","floor":13,"turns":4},{"damage":21,"enemies":"Hexaghost","floor":16,"turns":4}],"seed_played":"-7832876133775316540","potions_obtained":[{"floor":1,"key":"Weak Potion"},{"floor":3,"key":"SkillPotion"},{"floor":5,"key":"SkillPotion"},{"floor":6,"key":"SkillPotion"}],"is_trial":false,"path_per_floor":["M","M","M","?","M","E","R","?","T","?","?","R","M","?","R","B"],"character_chosen":"IRONCLAD","items_purchased":[],"campfire_rested":0,"item_purchase_floors":[],"current_hp_per_floor":[74,75,75,75,71,46,46,46,46,46,46,46,29,18,18,0],"gold":169,"neow_bonus":"THREE_ENEMY_KILL","is_prod":false,"is_daily":false,"chose_seed":false,"campfire_upgraded":3,"win_rate":0,"timestamp":1552109394,"path_taken":["M","M","M","?","?","E","R","?","T","?","?","R","?","?","R","BOSS"],"build_version":"2019-01-23","purchased_purges":0,"victory":false,"max_hp_per_floor":[75,75,75,75,75,82,82,82,82,82,82,82,82,82,82,82],"card_choices":[{"not_picked":["Second Wind","Corruption"],"picked":"Spot Weakness","floor":1},{"not_picked":["Thunderclap","Clash"],"picked":"Seeing Red","floor":2},{"not_picked":["Flex","Intimidate"],"picked":"Sword Boomerang","floor":3},{"not_picked":["Heavy Blade","Blood for Blood","Iron Wave"],"picked":"SKIP","floor":5},{"not_picked":["Flex","Pommel Strike"],"picked":"Headbutt","floor":6},{"not_picked":["Clothesline","Dual Wield"],"picked":"Inflame","floor":13}],"player_experience":2089071,"relics_obtained":[{"floor":6,"key":"Strawberry"},{"floor":9,"key":"Shuriken"}],"event_choices":[{"damage_healed":0,"gold_gain":0,"player_choice":"Bought 2 Potions","damage_taken":0,"max_hp_gain":0,"max_hp_loss":0,"event_name":"The Woman in Blue","floor":4,"gold_loss":0},{"damage_healed":0,"gold_gain":0,"player_choice":"Searched \u00271\u0027 times","damage_taken":0,"relics_obtained":["Incense Burner"],"max_hp_gain":0,"max_hp_loss":0,"event_name":"Dead Adventurer","floor":8,"gold_loss":0},{"cards_removed":["Strike_R"],"damage_healed":0,"gold_gain":0,"player_choice":"Card Removal","damage_taken":0,"max_hp_gain":0,"max_hp_loss":0,"event_name":"The Cleric","floor":10,"gold_loss":75},{"damage_healed":0,"gold_gain":0,"player_choice":"Rummage","damage_taken":0,"relics_obtained":["WarpedTongs"],"max_hp_gain":0,"max_hp_loss":0,"event_name":"Accursed Blacksmith","floor":11,"gold_loss":0,"cards_obtained":["Pain"]},{"damage_healed":0,"gold_gain":75,"player_choice":"Gather Gold","damage_taken":11,"max_hp_gain":0,"max_hp_loss":0,"event_name":"World of Goop","floor":14,"gold_loss":0}],"is_beta":false,"boss_relics":[],"items_purged_floors":[],"is_endless":false,"potions_floor_spawned":[1,3,5,6],"killed_by":"Hexaghost","ascension_level":20}