{"gold_per_floor":[216,234,249,249,1,1,32,32,32,60,70,70,82,93,93,93],"floor_reached":16,"playtime":949,"items_purged":[],"score":207,"play_id":"8ca781c1-471b-4d65-9af1-8b1a256391d7","local_time":"20190311192509","is_ascension_mode":true,"campfire_choices":[{"floor":6,"key":"REST"},{"data":"Discovery","floor":8,"key":"SMITH"},{"floor":12,"key":"REST"},{"floor":15,"key":"REST"}],"neow_cost":"NONE","seed_source_timestamp":526350490206633,"circlet_count":0,"master_deck":["AscendersBane","Strike_B","Strike_B","Strike_B","Strike_B","Defend_B","Defend_B","Defend_B","Defend_B","Zap","Dualcast","Chaos","Undo","Conserve Battery","Defragment","Discovery+1","Conserve Battery","Defragment","Storm","Stack","Static Discharge"],"relics":["Cracked Core","Bottled Flame","Sundial","Du-Vu Doll"],"potions_floor_usage":[7,7,7,11,16],"damage_taken":[{"damage":3,"enemies":"2 Louse","floor":1,"turns":3},{"damage":9,"enemies":"Jaw Worm","floor":2,"turns":4},{"damage":6,"enemies":"Cultist","floor":3,"turns":3},{"damage":6,"enemies":"3 Sentries","floor":7,"turns":8},{"damage":30,"enemies":"Lagavulin","floor":10,"turns":9},{"damage":2,"enemies":"Exordium Wildlife","floor":11,"turns":5},{"damage":15,"enemies":"3 Louse","floor":13,"turns":4},{"damage":15,"enemies":"Lots of Slimes","floor":14,"turns":6},{"damage":49,"enemies":"Slime Boss","floor":16,"turns":7}],"seed_played":"475823449009685605","potions_obtained":[{"floor":3,"key":"EssenceOfSteel"},{"floor":14,"key":"Swift Potion"}],"is_trial":false,"path_per_floor":["M","M","M","?","$","R","E","R","T","E","M","R","M","M","R","B"],"character_chosen":"DEFECT","items_purchased":["Defragment","Discovery","EntropicBrew"],"campfire_rested":3,"item_purchase_floors":[5,5,5],"current_hp_per_floor":[61,52,46,46,46,67,61,61,61,31,29,50,35,20,41,0],"gold":93,"neow_bonus":"HUNDRED_GOLD","is_prod":false,"is_daily":false,"chose_seed":false,"campfire_upgraded":1,"win_rate":0,"timestamp":1552325109,"path_taken":["M","M","M","?","$","R","E","R","T","E","M","R","M","M","R","BOSS"],"build_version":"2019-01-23","purchased_purges":0,"victory":false,"max_hp_per_floor":[71,71,71,71,71,71,71,71,71,71,71,71,71,71,71,71],"card_choices":[{"not_picked":["Cold Snap","Redo"],"picked":"Chaos","floor":1},{"not_picked":["Rebound","Meteor Strike"],"picked":"Undo","floor":2},{"not_picked":["Melter","Sweeping Beam"],"picked":"Conserve Battery","floor":3},{"not_picked":["Scrape","Steam"],"picked":"Conserve Battery","floor":7},{"not_picked":["Stack","Sunder"],"picked":"Defragment","floor":10},{"not_picked":["Loop","Barrage"],"picked":"Storm","floor":11},{"not_picked":["Barrage","Turbo"],"picked":"Stack","floor":13},{"not_picked":["Tempest","Auto Shields"],"picked":"Static Discharge","floor":14}],"player_experience":1081153,"relics_obtained":[{"floor":7,"key":"Bottled Flame"},{"floor":9,"key":"Sundial"},{"floor":10,"key":"Du-Vu Doll"}],"event_choices":[{"damage_healed":0,"gold_gain":0,"player_choice":"Fled","damage_taken":0,"max_hp_gain":0,"max_hp_loss":0,"event_name":"Scrap Ooze","floor":4,"gold_loss":0}],"is_beta":false,"boss_relics":[],"items_purged_floors":[],"is_endless":false,"potions_floor_spawned":[3,14],"killed_by":"Slime Boss","ascension_level":17}