{"gold_per_floor":[113,263,538,549,5,5,34,34,34,34,66,66,86,97,97,176,176,136],"floor_reached":18,"playtime":451,"items_purged":["Doubt"],"score":386,"play_id":"6a7e69c9-51fc-4ff2-917e-08ce65d9c854","local_time":"20190303135702","is_ascension_mode":true,"campfire_choices":[{"data":"Bash","floor":6,"key":"SMITH"},{"data":"Feel No Pain","floor":8,"key":"SMITH"},{"data":"Disarm","floor":10,"key":"SMITH"},{"data":"Rupture","floor":15,"key":"SMITH"}],"neow_cost":"NONE","seed_source_timestamp":136239934628399,"circlet_count":0,"master_deck":["AscendersBane","Strike_R","Strike_R+1","Strike_R","Strike_R","Strike_R","Defend_R","Defend_R","Defend_R","Defend_R","Bash+1","Shrug It Off","Regret","Spot Weakness","Feel No Pain+1","Disarm+1","Headbutt+1","Shrug It Off+1","Rupture+1","Offering+1"],"relics":["Burning Blood","NeowsBlessing","Medical Kit","Shuriken","Toxic Egg 2","Whetstone","Eternal Feather"],"potions_floor_usage":[11,11],"damage_taken":[{"damage":0,"enemies":"Small Slimes","floor":1,"turns":1},{"damage":0,"enemies":"Cultist","floor":4,"turns":1},{"damage":0,"enemies":"Lagavulin","floor":7,"turns":1},{"damage":9,"enemies":"Gremlin Nob","floor":11,"turns":3},{"damage":3,"enemies":"2 Louse","floor":13,"turns":4},{"damage":3,"enemies":"Looter","floor":14,"turns":3},{"damage":65,"enemies":"The Guardian","floor":16,"turns":13},{"damage":15,"enemies":"2 Thieves","floor":18,"turns":2}],"seed_played":"-5213701827743409207","potions_obtained":[{"floor":4,"key":"Block Potion"},{"floor":7,"key":"Strength Potion"},{"floor":16,"key":"EssenceOfSteel"}],"is_trial":false,"path_per_floor":["M","?","?","M","$","R","E","R","T","R","E","?","M","M","R","B",null,"M"],"character_chosen":"IRONCLAD","items_purchased":["Feel No Pain","Medical Kit","Disarm","Headbutt","AttackPotion"],"campfire_rested":0,"item_purchase_floors":[5,5,5,5,5],"current_hp_per_floor":[74,74,74,75,75,75,75,75,75,75,72,77,80,80,80,21,65,50],"gold":136,"neow_bonus":"THREE_ENEMY_KILL","is_prod":false,"is_daily":false,"chose_seed":false,"campfire_upgraded":4,"win_rate":0,"timestamp":1551589022,"path_taken":["M","?","?","?","?","R","E","R","T","R","E","?","M","M","R","BOSS","M"],"build_version":"2019-01-23","purchased_purges":1,"victory":false,"max_hp_per_floor":[75,75,75,75,75,75,75,75,75,75,75,80,80,80,80,80,80,80],"card_choices":[{"not_picked":["Armaments","Thunderclap"],"picked":"Shrug It Off","floor":1},{"not_picked":["Evolve","Perfected Strike"],"picked":"Spot Weakness","floor":4},{"not_picked":["Anger","Shrug It Off","Perfected Strike"],"picked":"SKIP","floor":7},{"not_picked":["Armaments+1","Dual Wield+1"],"picked":"Shrug It Off+1","floor":11},{"not_picked":["Clash","Perfected Strike","Sever Soul"],"picked":"SKIP","floor":13},{"not_picked":["Perfected Strike","Warcry+1"],"picked":"Rupture","floor":14},{"not_picked":["Berserk","Double Tap+1"],"picked":"Offering+1","floor":16}],"player_experience":1964255,"relics_obtained":[{"floor":7,"key":"Shuriken"},{"floor":9,"key":"Toxic Egg 2"},{"floor":11,"key":"Whetstone"}],"event_choices":[{"damage_healed":0,"gold_gain":150,"player_choice":"AGREE","damage_taken":0,"max_hp_gain":0,"max_hp_loss":0,"event_name":"Liars Game","floor":2,"gold_loss":0,"cards_obtained":["Doubt"]},{"damage_healed":0,"gold_gain":275,"player_choice":"Desecrate","damage_taken":0,"max_hp_gain":0,"max_hp_loss":0,"event_name":"Golden Shrine","floor":3,"gold_loss":0,"cards_obtained":["Regret"]},{"damage_healed":0,"gold_gain":0,"player_choice":"Donut","damage_taken":0,"max_hp_gain":5,"max_hp_loss":0,"event_name":"Big Fish","floor":12,"gold_loss":0}],"is_beta":false,"boss_relics":[{"not_picked":["Snecko Eye","Lizard Tail"],"picked":"Eternal Feather"}],"items_purged_floors":[5],"is_endless":false,"potions_floor_spawned":[4,7,16],"killed_by":"2 Thieves","ascension_level":20}