{"gold_per_floor":[117,62,62,81,99,99,114,140,165,165,181,146,146],"floor_reached":13,"playtime":366,"items_purged":[],"score":170,"play_id":"b01c3921-acd4-4ecb-a285-f535e5b2505a","local_time":"20190318141104","is_ascension_mode":true,"campfire_choices":[{"data":"Streamline","floor":6,"key":"SMITH"},{"data":"Loop","floor":10,"key":"SMITH"}],"neow_cost":"NONE","seed_source_timestamp":98451935951400,"circlet_count":0,"master_deck":["AscendersBane","Strike_B","Strike_B","Strike_B","Strike_B","Defend_B","Defend_B","Defend_B","Defend_B","Zap","Dualcast","Streamline+1","Loop+1","Coolheaded","Conserve Battery","Cold Snap"],"relics":["Cracked Core","NeowsBlessing","Potion Belt","Art of War"],"potions_floor_usage":[7,13,13,13],"damage_taken":[{"damage":0,"enemies":"Small Slimes","floor":1,"turns":1},{"damage":0,"enemies":"Cultist","floor":4,"turns":1},{"damage":0,"enemies":"2 Louse","floor":5,"turns":1},{"damage":3,"enemies":"Gremlin Gang","floor":7,"turns":5},{"damage":34,"enemies":"3 Sentries","floor":8,"turns":8},{"damage":29,"enemies":"Exordium Thugs","floor":11,"turns":6},{"damage":21,"enemies":"Gremlin Nob","floor":13,"turns":4}],"seed_played":"-3100373779983141944","potions_obtained":[{"floor":4,"key":"SneckoOil"},{"floor":8,"key":"Dexterity Potion"},{"floor":11,"key":"GamblersBrew"}],"is_trial":false,"path_per_floor":["M","$","?","M","M","R","M","E","T","R","M","?","E"],"character_chosen":"DEFECT","items_purchased":["Fire Potion"],"campfire_rested":0,"item_purchase_floors":[2],"current_hp_per_floor":[64,64,71,71,71,71,68,34,34,34,5,22,1],"gold":146,"neow_bonus":"THREE_ENEMY_KILL","is_prod":false,"is_daily":false,"chose_seed":false,"campfire_upgraded":2,"win_rate":0,"timestamp":1552885864,"path_taken":["M","$","?","M","?","R","M","E","T","R","M","?","E"],"build_version":"2019-01-23","purchased_purges":0,"victory":false,"max_hp_per_floor":[71,71,71,71,71,71,71,71,71,71,71,71,71],"card_choices":[{"not_picked":["Steam","Beam Cell"],"picked":"Streamline","floor":1},{"not_picked":["Sweeping Beam","Compile Driver"],"picked":"Loop","floor":4},{"not_picked":["FTL","Turbo"],"picked":"Coolheaded","floor":5},{"not_picked":["Rebound","Hello World"],"picked":"Conserve Battery","floor":7},{"not_picked":["Compile Driver","Rebound","Hello World"],"picked":"SKIP","floor":8},{"not_picked":["Loop","Ball Lightning"],"picked":"Cold Snap","floor":11}],"player_experience":2347620,"relics_obtained":[{"floor":8,"key":"Potion Belt"},{"floor":9,"key":"Art of War"}],"event_choices":[{"damage_healed":7,"gold_gain":0,"player_choice":"Full Heal","damage_taken":0,"max_hp_gain":0,"max_hp_loss":0,"event_name":"Wheel of Change","floor":3,"gold_loss":0},{"damage_healed":17,"gold_gain":0,"player_choice":"Healed","damage_taken":0,"max_hp_gain":0,"max_hp_loss":0,"event_name":"The Cleric","floor":12,"gold_loss":35}],"is_beta":false,"boss_relics":[],"items_purged_floors":[],"is_endless":false,"potions_floor_spawned":[4,8,11],"killed_by":"Gremlin Nob","ascension_level":20}