{"gold_per_floor":[114,130,130,55,55,55,55,55,111,40,54,70,80,110,110,212,212,226,226,244,244,256,256,274,274,274,293,24,24,0,30,30,134,134,151,167,167,95,115,115,115,115,115,129,129,140,25,45,45,45],"floor_reached":51,"playtime":3353,"items_purged":["Normality"],"score":1102,"play_id":"92abf706-efd2-48b0-aabd-c525c4826e2c","local_time":"20180915123350","is_ascension_mode":true,"campfire_choices":[{"data":"Defragment","floor":6,"key":"SMITH"},{"floor":8,"key":"REST"},{"floor":15,"key":"REST"},{"floor":23,"key":"REST"},{"floor":25,"key":"REST"},{"floor":29,"key":"REST"},{"floor":32,"key":"REST"},{"floor":40,"key":"REST"},{"floor":42,"key":"REST"},{"data":"Creative AI","floor":45,"key":"SMITH"},{"floor":49,"key":"REST"}],"neow_cost":"CURSE","seed_source_timestamp":62356912780528,"circlet_count":0,"master_deck":["Strike_B","Strike_B","Strike_B","Strike_B","Defend_B","Defend_B","Defend_B+1","Defend_B+1","Zap","Dualcast","AscendersBane","Defragment+1","Chaos","Hello World","Amplify+1","BootSequence+1","Loop","Doom and Gloom","Electrodynamics","Leap+1","Writhe","Redo+1","Defragment+1","Sunder","Rainbow+1","Static Discharge","Glacier+1","Fission+1","Rainbow+1","Redo+1","Defragment","Zap+1","Creative AI+1","Capacitor","Storm+1","Master of Strategy+1","Deep Breath+1","Defragment","Stack+1","Chaos+1","Storm","Redo+1"],"relics":["Cracked Core","Turnip","Toxic Egg 2","Tiny Chest","Oddly Smooth Stone","Velvet Choker","Ancient Tea Set","Vajra","Regal Pillow","Boot","Lizard Tail","Letter Opener"],"potions_floor_usage":[12,14,24,25,31,39,50],"damage_taken":[{"damage":9,"enemies":"Jaw Worm","floor":1,"turns":4},{"damage":0,"enemies":"2 Louse","floor":2,"turns":2},{"damage":0,"enemies":"Cultist","floor":11,"turns":4},{"damage":3,"enemies":"Looter","floor":12,"turns":3},{"damage":5,"enemies":"Large Slime","floor":13,"turns":6},{"damage":0,"enemies":"Lagavulin","floor":14,"turns":5},{"damage":44,"enemies":"The Guardian","floor":16,"turns":8},{"damage":26,"enemies":"Shell Parasite","floor":18,"turns":6},{"damage":4,"enemies":"Spheric Guardian","floor":20,"turns":5},{"damage":25,"enemies":"Shelled Parasite and Fungi","floor":22,"turns":6},{"damage":18,"enemies":"Snecko","floor":24,"turns":4},{"damage":28,"enemies":"Centurion and Healer","floor":27,"turns":5},{"damage":25,"enemies":"Gremlin Leader","floor":31,"turns":8},{"damage":29,"enemies":"Champ","floor":33,"turns":12},{"damage":22,"enemies":"3 Darklings","floor":35,"turns":5},{"damage":8,"enemies":"Orb Walker","floor":36,"turns":4},{"damage":33,"enemies":"3 Darklings","floor":39,"turns":4},{"damage":0,"enemies":"Spire Growth","floor":44,"turns":4},{"damage":21,"enemies":"Maw","floor":46,"turns":5},{"damage":1,"enemies":"4 Shapes","floor":48,"turns":5},{"damage":63,"enemies":"Donu and Deca","floor":50,"turns":6}],"seed_played":"2812792847722246743","potions_obtained":[{"floor":1,"key":"FocusPotion"},{"floor":11,"key":"Energy Potion"},{"floor":22,"key":"AttackPotion"},{"floor":24,"key":"Fruit Juice"},{"floor":27,"key":"SteroidPotion"},{"floor":35,"key":"SkillPotion"},{"floor":46,"key":"Block Potion"}],"is_trial":false,"path_per_floor":["M","M","?","$","?","R","?","R","T","$","M","M","M","E","R","B",null,"M","?","M","?","M","R","M","R","T","M","$","R","?","E","R","B",null,"M","M","?","$","M","R","?","R","T","M","R","M","$","M","R","B"],"character_chosen":"DEFECT","items_purchased":["Hello World","Regal Pillow","Glacier+1","SkillPotion","Capacitor","Chaos+1","Storm"],"campfire_rested":9,"item_purchase_floors":[10,28,28,28,38,47,47],"current_hp_per_floor":[59,59,75,75,68,68,53,75,75,75,75,72,67,67,75,31,64,38,38,34,34,9,31,13,40,40,12,12,51,51,26,65,36,69,47,39,39,39,6,45,40,79,79,79,79,58,58,57,80,17],"gold":45,"neow_bonus":"ONE_RARE_RELIC","is_prod":false,"is_daily":false,"chose_seed":false,"campfire_upgraded":2,"win_rate":0,"timestamp":1537004030,"path_taken":["M","M","?","$","?","R","?","R","T","$","M","M","M","E","R","BOSS","M","?","M","?","M","R","M","R","T","M","$","R","?","E","R","BOSS","M","M","?","$","M","R","?","R","T","M","R","M","$","M","R","BOSS"],"build_version":"2018-09-06","purchased_purges":1,"victory":true,"max_hp_per_floor":[75,75,75,75,75,75,75,75,75,75,75,75,75,75,75,75,75,75,75,75,75,75,75,75,80,80,80,80,80,80,80,80,80,80,80,80,80,80,80,80,80,80,80,80,80,80,80,80,80,80],"card_choices":[{"not_picked":["Barrage","Reprogram"],"picked":"Defragment","floor":1},{"not_picked":["Sweeping Beam","Stack"],"picked":"Chaos","floor":2},{"not_picked":["Blizzard","Redo+1"],"picked":"Amplify+1","floor":11},{"not_picked":["Sweeping Beam","Blizzard"],"picked":"BootSequence+1","floor":12},{"not_picked":["Scrape","FTL"],"picked":"Loop","floor":13},{"not_picked":["Consume+1","Beam Cell"],"picked":"Doom and Gloom","floor":14},{"not_picked":["Machine Learning","All For One"],"picked":"Electrodynamics","floor":16},{"not_picked":["Genetic Algorithm+1","Beam Cell"],"picked":"Leap+1","floor":18},{"not_picked":["Gash","Rebound+1"],"picked":"Redo+1","floor":20},{"not_picked":["Aggregate+1","Go for the Eyes"],"picked":"Sunder","floor":22},{"not_picked":["Barrage+1","Steam+1"],"picked":"Rainbow+1","floor":24},{"not_picked":["Compile Driver","Coolheaded+1"],"picked":"Static Discharge","floor":27},{"not_picked":["Sweeping Beam","Streamline"],"picked":"Fission+1","floor":31},{"not_picked":["Core Surge","Thunder Strike"],"picked":"Rainbow+1","floor":33},{"not_picked":["Undo+1","Leap+1"],"picked":"Redo+1","floor":35},{"not_picked":["Sweeping Beam+1","Rip and Tear+1"],"picked":"Defragment","floor":36},{"not_picked":["Barrage","Steam+1"],"picked":"Storm+1","floor":39},{"not_picked":["Trip+1","Good Instincts+1"],"picked":"Master of Strategy+1","floor":41},{"not_picked":["Madness+1","Purity+1"],"picked":"Deep Breath+1","floor":41},{"not_picked":["Heatsinks","Streamline"],"picked":"Defragment","floor":44},{"not_picked":["Reprogram+1","Barrage"],"picked":"Stack+1","floor":46},{"not_picked":["Leap+1","Cold Snap"],"picked":"Redo+1","floor":48}],"player_experience":698291,"relics_obtained":[{"floor":9,"key":"Tiny Chest"},{"floor":14,"key":"Oddly Smooth Stone"},{"floor":26,"key":"Vajra"},{"floor":31,"key":"Boot"},{"floor":43,"key":"Letter Opener"}],"event_choices":[{"event_name":"Big Fish","player_choice":"Banana","floor":3,"damage_taken":0},{"event_name":"Scrap Ooze","player_choice":"success","floor":5,"damage_taken":7},{"event_name":"Shining Light","player_choice":"Entered Light","floor":7,"damage_taken":0},{"event_name":"The Mausoleum","player_choice":"Yes","floor":19,"damage_taken":0},{"event_name":"Duplicator","player_choice":"One dupe","floor":21,"damage_taken":0},{"event_name":"Masked Bandits","player_choice":"Paid Fearfully","floor":30,"damage_taken":0},{"event_name":"Match and Keep!","player_choice":"2 cards matched","floor":37,"damage_taken":0},{"event_name":"SensoryStone","player_choice":"Memory 2","floor":41,"damage_taken":0}],"is_beta":false,"boss_relics":[{"not_picked":["FrozenCore","Pandora\u0027s Box"],"picked":"Velvet Choker"},{"not_picked":["Coffee Dripper","Fusion Hammer"],"picked":"Lizard Tail"}],"items_purged_floors":[4],"is_endless":false,"potions_floor_spawned":[1,11,22,24,27,35,46],"ascension_level":12}