{"path_per_floor":["M","?","?","M","M","E","$","R","T","R","E","M","R","?","R","B",null,"M","?","M","?","M","R","E","M","T","M","R","M","R","M","R","B",null,"M","M","M","?","$","R","E","R","T","M","?","E","R","M","R","B"],"character_chosen":"IRONCLAD","items_purchased":["Offering","Vajra"],"gold_per_floor":[109,209,209,221,233,260,105,105,105,105,139,158,158,158,158,262,262,278,178,193,108,120,120,153,165,190,209,209,227,227,240,240,336,336,350,366,379,379,130,130,162,162,162,178,0,34,34,46,46,46],"floor_reached":51,"campfire_rested":0,"playtime":4539,"current_hp_per_floor":[80,80,73,63,69,53,53,53,53,53,33,37,37,34,34,28,80,78,78,79,79,71,71,48,45,45,45,45,50,50,50,50,41,87,82,89,93,93,93,93,93,93,93,90,90,86,86,85,85,13],"items_purged":["Bash","Strike_R"],"gold":46,"score":562,"play_id":"05c02fca-3db9-4f5e-ad7c-fca9ebeeb817","is_prod":false,"is_daily":false,"is_ascension_mode":false,"campfire_upgraded":9,"path_taken":["M","?","?","?","M","E","$","R","T","R","E","M","R","?","R","BOSS","M","?","M","?","M","R","E","?","T","M","R","M","R","M","R","BOSS","M","M","M","?","$","R","E","R","T","M","?","E","R","?","R","BOSS"],"build_version":"2018-02-05-BETA1","purchased_purges":2,"victory":true,"master_deck":["Strike_R","Strike_R","Strike_R","Defend_R","Defend_R","Defend_R","Reckless Charge","Burning Pact+1","Seeing Red+1","Clash","Headbutt","Armaments+1","Offering+1","Dark Embrace+1","Whirlwind+1","Offering+1","Disarm","J.A.X.","Shrug It Off+1","Feed+1","Iron Wave","Iron Wave+1","True Grit+1","Pommel Strike+1","Feed","Headbutt+1","Flame Barrier+1","Warcry","Fiend Fire+1","Thunderclap+1","Disarm+1","Warcry+1"],"max_hp_per_floor":[80,80,80,80,80,80,80,80,80,80,80,80,80,80,80,80,80,80,80,80,80,80,80,80,80,80,80,80,80,80,83,83,87,87,87,95,95,95,95,95,95,95,95,95,95,95,95,95,95,95],"relics":["Burning Blood","Frozen Eye","War Paint","Blood Vial","Pen Nib","Mark of Pain","Girya","Lantern","Bag of Preparation","Lizard Tail","Vajra","Bird Faced Urn","Unceasing Top","Red Mask","Molten Egg 2"],"card_choices":[{"not_picked":["Second Wind","Burning Pact"],"picked":"Seeing Red"},{"not_picked":["Hemokinesis","Sword Boomerang"],"picked":"Clash"},{"not_picked":["Dual Wield","Disarm"],"picked":"Headbutt"},{"not_picked":["Warcry","Blood for Blood"],"picked":"Armaments"},{"not_picked":["Sever Soul","Pommel Strike"],"picked":"Dark Embrace"},{"not_picked":["Twin Strike","Flex"],"picked":"Whirlwind"},{"not_picked":["Dark Embrace","Juggernaut"],"picked":"Offering"},{"not_picked":["Corruption","True Grit"],"picked":"Disarm"},{"not_picked":["Pummel","Warcry"],"picked":"Shrug It Off"},{"not_picked":["Perfected Strike","Burning Pact"],"picked":"Feed"},{"not_picked":["Burning Pact","Dropkick"],"picked":"Iron Wave"},{"not_picked":["Combust","Seeing Red"],"picked":"Iron Wave"},{"not_picked":["Disarm","Warcry"],"picked":"True Grit"},{"not_picked":["Seeing Red","Whirlwind"],"picked":"Pommel Strike"},{"not_picked":["Brutality","Demon Form"],"picked":"Feed"},{"not_picked":["Clash","Intimidate"],"picked":"Headbutt"},{"not_picked":["Warcry","True Grit"],"picked":"Flame Barrier"},{"not_picked":["Twin Strike","Shrug It Off"],"picked":"Warcry"},{"not_picked":["Twin Strike","Sword Boomerang"],"picked":"Fiend Fire"},{"not_picked":["True Grit","Pommel Strike"],"picked":"Thunderclap"},{"not_picked":["Battle Trance","Twin Strike"],"picked":"Disarm"},{"not_picked":["Headbutt","Clothesline"],"picked":"Warcry"}],"player_experience":6569,"potions_floor_usage":[5,6,16,24,31,33,44,48,50,50],"damage_taken":[{"damage":2,"enemies":"2 Louse","floor":1,"turns":3},{"damage":16,"enemies":"Blue Slaver","floor":4,"turns":4},{"damage":0,"enemies":"Small Slimes","floor":5,"turns":2},{"damage":31,"enemies":"Lagavulin","floor":6,"turns":6},{"damage":26,"enemies":"3 Sentries","floor":11,"turns":8},{"damage":4,"enemies":"Looter","floor":12,"turns":2},{"damage":14,"enemies":"Slime Boss","floor":16,"turns":5},{"damage":8,"enemies":"3 Byrds","floor":18,"turns":3},{"damage":7,"enemies":"Shell Parasite","floor":20,"turns":2},{"damage":15,"enemies":"3 Cultists","floor":22,"turns":3},{"damage":31,"enemies":"Gremlin Leader","floor":24,"turns":5},{"damage":11,"enemies":"Snake Plant","floor":25,"turns":3},{"damage":8,"enemies":"Centurion and Healer","floor":27,"turns":3},{"damage":3,"enemies":"Snecko","floor":29,"turns":2},{"damage":11,"enemies":"Chosen and Byrds","floor":31,"turns":2},{"damage":21,"enemies":"Automaton","floor":33,"turns":4},{"damage":11,"enemies":"Flame Bruiser 1 Orb","floor":35,"turns":3},{"damage":9,"enemies":"3 Shapes","floor":36,"turns":3},{"damage":4,"enemies":"Sphere and 2 Shapes","floor":37,"turns":1},{"damage":8,"enemies":"2 Orb Walkers","floor":41,"turns":2},{"damage":11,"enemies":"4 Shapes","floor":44,"turns":1},{"damage":12,"enemies":"Giant Head","floor":46,"turns":2},{"damage":11,"enemies":"Maw","floor":48,"turns":4},{"damage":138,"enemies":"Awakened One","floor":50,"turns":13}],"event_choices":[{"event_name":"Golden Shrine","player_choice":"Pray","floor":2,"damage_taken":0},{"event_name":"Golden Wing","player_choice":"Card Removal","floor":3,"damage_taken":0},{"event_name":"Scrap Ooze","player_choice":"success","floor":14,"damage_taken":3},{"event_name":"Drug Dealer","player_choice":"Got JAXXED","floor":19,"damage_taken":0},{"event_name":"Addict","player_choice":"Obtained Relic","floor":21,"damage_taken":0},{"event_name":"The Lab","player_choice":"Got Potions","floor":38,"damage_taken":0},{"event_name":"Tomb of Lord Red Mask","player_choice":"Paid","floor":45,"damage_taken":0}],"boss_relics":[{"not_picked":["White Beast Statue","Velvet Choker"],"picked":"Mark of Pain"},{"not_picked":["Eternal Feather","Orrery"],"picked":"Lizard Tail"}],"potions_floor_spawned":[1,4,11,16,20,24,25,29,31,36,48],"seed_played":"-5884452009411443944","ascension_level":0,"is_trial":false}