{"gold_per_floor":[99,99,99,99,99,99,99,99,99,99,99,99,99,24,24,24,24,24,24,24,24,24,24,24,24,24,24,24,24,24,24,24,24],"floor_reached":33,"playtime":1269,"items_purged":["Strike_B"],"score":607,"play_id":"97d6a3a8-445f-4792-bbb3-41b023faa596","local_time":"20190425142000","is_ascension_mode":true,"campfire_choices":[{"data":"Sunder","floor":8,"key":"SMITH"},{"data":"Chaos","floor":11,"key":"SMITH"},{"data":"Hologram","floor":15,"key":"SMITH"},{"floor":25,"key":"REST"},{"data":"Skim","floor":29,"key":"SMITH"},{"floor":32,"key":"REST"}],"neow_cost":"NONE","seed_source_timestamp":267446028321500,"circlet_count":0,"master_deck":["AscendersBane","Defend_B","Defend_B","Defend_B","Defend_B","Zap","Dualcast","Ball Lightning","Self Repair","Sunder+1","Chaos+1","Hologram+1","Genetic Algorithm","Machine Learning","Fission","Tempest","Bite","Bite","Bite","Bite","Bite","Cold Snap","Force Field","Skim+1","Necronomicurse"],"relics":["Ectoplasm","Golden Idol","Anchor","Regal Pillow","Snecko Eye","Juzu Bracelet","Mercury Hourglass","Happy Flower","Necronomicon"],"potions_floor_usage":[6,16,23,33],"damage_taken":[{"damage":2,"enemies":"2 Louse","floor":1,"turns":3},{"damage":5,"enemies":"Small Slimes","floor":2,"turns":3},{"damage":1,"enemies":"Cultist","floor":4,"turns":3},{"damage":19,"enemies":"3 Sentries","floor":6,"turns":7},{"damage":34,"enemies":"Large Slime","floor":7,"turns":5},{"damage":0,"enemies":"Blue Slaver","floor":10,"turns":2},{"damage":6,"enemies":"Lagavulin","floor":13,"turns":6},{"damage":17,"enemies":"The Guardian","floor":16,"turns":10},{"damage":1,"enemies":"Spheric Guardian","floor":18,"turns":3},{"damage":18,"enemies":"3 Byrds","floor":19,"turns":4},{"damage":26,"enemies":"Slavers","floor":23,"turns":5},{"damage":40,"enemies":"Cultist and Chosen","floor":24,"turns":5},{"damage":49,"enemies":"Book of Stabbing","floor":28,"turns":5},{"damage":94,"enemies":"Collector","floor":33,"turns":10}],"seed_played":"5261107195216977065","potions_obtained":[{"floor":4,"key":"AttackPotion"},{"floor":6,"key":"Strength Potion"},{"floor":13,"key":"Block Potion"},{"floor":28,"key":"SneckoOil"}],"is_trial":false,"path_per_floor":["M","M","?","M","?","E","M","R","T","M","R","?","E","$","R","B",null,"M","M","?","$","?","E","M","R","T","$","E","R","?","$","R","B"],"character_chosen":"DEFECT","items_purchased":[],"campfire_rested":2,"item_purchase_floors":[],"current_hp_per_floor":[62,57,57,63,63,51,26,26,26,35,35,40,43,43,43,35,61,69,58,58,58,58,55,32,67,67,67,33,33,12,12,47,0],"gold":24,"neow_bonus":"BOSS_RELIC","is_prod":false,"is_daily":false,"chose_seed":false,"campfire_upgraded":4,"win_rate":0,"timestamp":1556169600,"path_taken":["M","M","?","M","?","E","?","R","T","M","R","?","E","$","R","BOSS","M","M","?","$","?","E","M","R","T","?","E","R","?","$","R","BOSS"],"build_version":"2019-01-23","purchased_purges":1,"victory":false,"max_hp_per_floor":[71,71,64,64,64,64,64,64,64,64,64,69,69,69,69,69,69,69,69,69,69,69,69,69,69,69,69,69,69,69,69,69,69],"card_choices":[{"not_picked":["Streamline","Conserve Battery"],"picked":"Ball Lightning","floor":1},{"not_picked":["Streamline","Hello World"],"picked":"Self Repair","floor":2},{"not_picked":["Aggregate","Steam"],"picked":"Sunder","floor":4},{"not_picked":["Static Discharge","Doom and Gloom"],"picked":"Chaos","floor":6},{"not_picked":["Barrage","Go for the Eyes"],"picked":"Hologram","floor":7},{"not_picked":["Barrage","Genetic Algorithm","Conserve Battery"],"picked":"SKIP","floor":10},{"not_picked":["Barrage","Conserve Battery"],"picked":"Genetic Algorithm","floor":10},{"not_picked":["Cold Snap","Amplify"],"picked":"Machine Learning","floor":13},{"not_picked":["All For One","Reboot"],"picked":"Fission","floor":16},{"not_picked":["Redo+1","Undo","Steam Power"],"picked":"SKIP","floor":18},{"not_picked":["Ball Lightning","Leap+1"],"picked":"Tempest","floor":19},{"not_picked":["Reprogram","Leap"],"picked":"Cold Snap","floor":23},{"not_picked":["Coolheaded","Streamline"],"picked":"Force Field","floor":24},{"not_picked":["Ball Lightning","Undo"],"picked":"Skim","floor":28}],"player_experience":3365761,"relics_obtained":[{"floor":6,"key":"Blood Vial"},{"floor":9,"key":"Anchor"},{"floor":13,"key":"Regal Pillow"},{"floor":23,"key":"Juzu Bracelet"},{"floor":26,"key":"Mercury Hourglass"},{"floor":28,"key":"Happy Flower"},{"floor":30,"key":"Necronomicon"}],"event_choices":[{"damage_healed":0,"gold_gain":0,"player_choice":"Lose Max HP","damage_taken":0,"relics_obtained":["Golden Idol"],"max_hp_gain":0,"max_hp_loss":7,"event_name":"Golden Idol","floor":3,"gold_loss":0},{"damage_healed":0,"gold_gain":50,"player_choice":"Pray","damage_taken":0,"max_hp_gain":0,"max_hp_loss":0,"event_name":"Golden Shrine","floor":5,"gold_loss":0},{"damage_healed":0,"gold_gain":0,"player_choice":"Donut","damage_taken":0,"max_hp_gain":5,"max_hp_loss":0,"event_name":"Big Fish","floor":12,"gold_loss":0},{"damage_healed":0,"gold_gain":0,"player_choice":"Became a vampire (Vial)","damage_taken":0,"max_hp_gain":0,"max_hp_loss":0,"event_name":"Vampires","floor":20,"relics_lost":["Blood Vial"],"gold_loss":0,"cards_obtained":["Bite","Bite","Bite","Bite","Bite"]},{"damage_healed":0,"gold_gain":50,"player_choice":"Stole From Cult","damage_taken":0,"max_hp_gain":0,"max_hp_loss":0,"event_name":"Nest","floor":22,"gold_loss":0},{"damage_healed":0,"gold_gain":0,"player_choice":"Obtained Book","damage_taken":21,"max_hp_gain":0,"max_hp_loss":0,"event_name":"Cursed Tome","floor":30,"gold_loss":0}],"is_beta":false,"boss_relics":[{"not_picked":["Pandora\u0027s Box","Coffee Dripper"],"picked":"Snecko Eye"}],"items_purged_floors":[14],"is_endless":false,"potions_floor_spawned":[4,6,13,28],"killed_by":"Collector","ascension_level":20}