{"path_per_floor":["M","$","?","T","$","R","M","?","T","E","M","R","M","E","R","B",null,"M","$","M","M","?","R"],"character_chosen":"IRONCLAD","items_purchased":["Anger","Thunderclap","Demon Form","Regal Pillow"],"gold_per_floor":[118,72,72,99,76,76,95,95,121,159,174,174,199,234,234,355,355,343,48,67,91,6,6],"floor_reached":24,"campfire_rested":3,"playtime":2091,"current_hp_per_floor":[70,70,54,54,54,78,80,80,80,70,76,76,77,67,80,66,80,73,73,52,18,18,57],"items_purged":[],"gold":6,"play_id":"6c417c9b-26b7-48ba-8cda-a2357ba27a59","is_prod":false,"is_daily":false,"is_ascension_mode":false,"campfire_upgraded":1,"path_taken":["M","?","?","?","$","R","M","?","T","E","M","R","?","E","R","BOSS","M","$","M","M","?","R","M"],"build_version":"2018-02-01-PROD3","purchased_purges":0,"victory":false,"master_deck":["Strike_R","Strike_R","Strike_R","Strike_R","Defend_R+1","Defend_R","Defend_R","Bash+1","Doubt","Impervious","Perfected Strike+1","Iron Wave+1","Anger","Thunderclap","Armaments+1","Clash","Seeing Red","Seeing Red","Shrug It Off","Juggernaut","Warcry","Cleave","True Grit","Shrug It Off","Warcry","Shrug It Off+1","Demon Form","Sentinel","Inflame"],"max_hp_per_floor":[80,80,80,80,80,80,80,80,80,80,80,80,80,80,80,80,80,80,80,80,80,80,80],"relics":["Burning Blood","Omamori","Golden Idol","War Paint","Prayer Wheel","Toolbox","Orrery","Regal Pillow","Unceasing Top"],"card_choices":[{"not_picked":["Shockwave","True Grit"],"picked":"Iron Wave"},{"not_picked":["Combust","Corruption"],"picked":"Armaments"},{"not_picked":["Dual Wield","Shockwave"],"picked":"Clash"},{"not_picked":["Havoc","Body Slam"],"picked":"Seeing Red"},{"not_picked":["Dual Wield","Havoc"],"picked":"Seeing Red"},{"not_picked":["Heavy Blade","Spot Weakness"],"picked":"Shrug It Off"},{"not_picked":["Double Tap","Fiend Fire"],"picked":"Juggernaut"},{"not_picked":["Spot Weakness","Pommel Strike"],"picked":"Warcry"},{"not_picked":["Perfected Strike","Sword Boomerang"],"picked":"Cleave"},{"not_picked":["Second Wind","Headbutt"],"picked":"True Grit"},{"not_picked":["Armaments","Headbutt"],"picked":"Shrug It Off"},{"not_picked":["Seeing Red","Perfected Strike"],"picked":"Warcry"},{"not_picked":["Pommel Strike","Rampage"],"picked":"Shrug It Off"},{"not_picked":["Offering","Wild Strike"],"picked":"Sentinel"},{"not_picked":["Hemokinesis","Armaments"],"picked":"Inflame"}],"player_experience":58771,"potions_floor_usage":[10,14,21,24],"damage_taken":[{"damage":16,"enemies":"Blue Slaver","floor":1,"turns":4},{"damage":1,"enemies":"Cultist","floor":7,"turns":3},{"damage":16,"enemies":"Gremlin Nob","floor":10,"turns":5},{"damage":0,"enemies":"Small Slimes","floor":11,"turns":3},{"damage":5,"enemies":"2 Fungi Beasts","floor":13,"turns":3},{"damage":16,"enemies":"3 Sentries","floor":14,"turns":6},{"damage":20,"enemies":"The Guardian","floor":16,"turns":8},{"damage":13,"enemies":"2 Thieves","floor":18,"turns":4},{"damage":27,"enemies":"Chosen","floor":20,"turns":7},{"damage":40,"enemies":"Snake Plant","floor":21,"turns":6},{"damage":65,"enemies":"Chosen and Byrds","floor":24,"turns":6}],"event_choices":[{"event_name":"Shining Light","player_choice":"Entered Light","floor":3,"damage_taken":0},{"event_name":"Golden Idol","player_choice":"Take Wound","floor":8,"damage_taken":0},{"event_name":"Addict","player_choice":"Obtained Relic","floor":22,"damage_taken":0}],"boss_relics":[{"not_picked":["Philosopher\u0027s Stone","Snecko Eye"],"picked":"Orrery"}],"potions_floor_spawned":[1,13,20,21],"seed_played":"-4995396918660466847","killed_by":"Chosen and Byrds","ascension_level":0,"is_trial":false}