{"gold_per_floor":[113,78,78,91,14,14,42,60,60,60],"floor_reached":10,"playtime":333,"items_purged":[],"score":125,"play_id":"18c9b6ae-4de7-4cd0-b854-4e0be121159a","local_time":"20190314141929","is_ascension_mode":true,"campfire_choices":[{"data":"Rainbow","floor":6,"key":"SMITH"}],"neow_cost":"NONE","seed_source_timestamp":974638993876,"circlet_count":0,"master_deck":["AscendersBane","Strike_B","Strike_B","Strike_B","Strike_B","Defend_B","Defend_B","Defend_B","Defend_B","Zap","Dualcast","Seek","Capacitor","Chaos","Rainbow+1","Force Field","Self Repair"],"relics":["Cracked Core","Pantograph","StoneCalendar","Letter Opener"],"potions_floor_usage":[],"damage_taken":[{"damage":5,"enemies":"Small Slimes","floor":1,"turns":3},{"damage":0,"enemies":"Cultist","floor":4,"turns":3},{"damage":40,"enemies":"Gremlin Nob","floor":7,"turns":4},{"damage":14,"enemies":"Jaw Worm","floor":8,"turns":4},{"damage":18,"enemies":"3 Sentries","floor":10,"turns":3}],"seed_played":"-6927291565736356489","potions_obtained":[{"floor":1,"key":"Dexterity Potion"},{"floor":7,"key":"Strength Potion"}],"is_trial":false,"path_per_floor":["M","?","?","M","$","R","E","M","T","E"],"character_chosen":"DEFECT","items_purchased":["Rainbow"],"campfire_rested":0,"item_purchase_floors":[5],"current_hp_per_floor":[59,71,71,71,71,71,31,17,17,0],"gold":60,"neow_bonus":"ONE_RANDOM_RARE_CARD","is_prod":false,"is_daily":false,"chose_seed":false,"campfire_upgraded":1,"win_rate":0,"timestamp":1552565969,"path_taken":["M","?","?","M","$","R","E","M","T","E"],"build_version":"2019-01-23","purchased_purges":0,"victory":false,"max_hp_per_floor":[71,71,71,71,71,71,71,71,71,71],"card_choices":[{"not_picked":["Compile Driver","Stack"],"picked":"Capacitor","floor":1},{"not_picked":["Leap","Stack"],"picked":"Chaos","floor":4},{"not_picked":["Sweeping Beam","Steam Power"],"picked":"Force Field","floor":7},{"not_picked":["Beam Cell","Barrage"],"picked":"Self Repair","floor":8}],"player_experience":1094386,"relics_obtained":[{"floor":7,"key":"StoneCalendar"},{"floor":9,"key":"Letter Opener"}],"event_choices":[{"damage_healed":17,"gold_gain":0,"player_choice":"Healed","damage_taken":0,"max_hp_gain":0,"max_hp_loss":0,"event_name":"The Cleric","floor":2,"gold_loss":35},{"damage_healed":0,"gold_gain":0,"player_choice":"Gave Potion","damage_taken":0,"relics_obtained":["Pantograph"],"max_hp_gain":0,"max_hp_loss":0,"event_name":"WeMeetAgain","floor":3,"gold_loss":0}],"is_beta":false,"boss_relics":[],"items_purged_floors":[],"is_endless":false,"potions_floor_spawned":[1,7],"killed_by":"3 Sentries","ascension_level":18}