{"gold_per_floor":[116,86,105,121,139,169,169,169,249,277,277],"floor_reached":11,"playtime":232,"items_purged":[],"score":166,"play_id":"f943e704-e893-4e01-8bf2-5edb2bc40e8c","local_time":"20190322221723","is_ascension_mode":true,"campfire_choices":[{"floor":8,"key":"REST"}],"neow_cost":"NONE","seed_source_timestamp":272568065556200,"circlet_count":0,"master_deck":["AscendersBane","Strike_R","Strike_R","Strike_R","Strike_R","Strike_R","Defend_R","Defend_R","Defend_R","Defend_R","Bash","Corruption","Shrug It Off","Juggernaut","Sentinel","Shrug It Off"],"relics":["Burning Blood","NeowsBlessing","Nunchaku","Shuriken","Happy Flower"],"potions_floor_usage":[6,10,11],"damage_taken":[{"damage":0,"enemies":"Small Slimes","floor":1,"turns":1},{"damage":0,"enemies":"Cultist","floor":3,"turns":1},{"damage":0,"enemies":"2 Louse","floor":4,"turns":1},{"damage":16,"enemies":"Exordium Wildlife","floor":5,"turns":5},{"damage":59,"enemies":"Gremlin Nob","floor":6,"turns":6},{"damage":23,"enemies":"Lagavulin","floor":10,"turns":8},{"damage":11,"enemies":"Gremlin Gang","floor":11,"turns":2}],"seed_played":"6148583925090653829","potions_obtained":[{"floor":2,"key":"EssenceOfSteel"},{"floor":2,"key":"GamblersBrew"},{"floor":6,"key":"PowerPotion"}],"is_trial":false,"path_per_floor":["M","?","M","M","M","E","?","R","T","E","M"],"character_chosen":"IRONCLAD","items_purchased":[],"campfire_rested":1,"item_purchase_floors":[],"current_hp_per_floor":[74,74,75,75,65,12,12,34,34,17,6],"gold":277,"neow_bonus":"THREE_ENEMY_KILL","is_prod":false,"is_daily":false,"chose_seed":false,"campfire_upgraded":0,"win_rate":0,"timestamp":1553260643,"path_taken":["M","?","M","?","?","E","?","R","T","E","M"],"build_version":"2019-01-23","purchased_purges":0,"victory":false,"max_hp_per_floor":[75,75,75,75,75,75,75,75,75,75,75],"card_choices":[{"not_picked":["Wild Strike","Havoc"],"picked":"Corruption","floor":1},{"not_picked":["Sword Boomerang","Cleave"],"picked":"Shrug It Off","floor":3},{"not_picked":["Corruption","Anger","Bloodletting"],"picked":"SKIP","floor":4},{"not_picked":["Headbutt","Rage"],"picked":"Juggernaut","floor":5},{"not_picked":["Brutality","Armaments"],"picked":"Sentinel","floor":6},{"not_picked":["Corruption","Twin Strike"],"picked":"Shrug It Off","floor":10}],"player_experience":2483511,"relics_obtained":[{"floor":6,"key":"Nunchaku"},{"floor":9,"key":"Shuriken"},{"floor":10,"key":"Happy Flower"}],"event_choices":[{"damage_healed":0,"gold_gain":0,"player_choice":"Bought 2 Potions","damage_taken":0,"max_hp_gain":0,"max_hp_loss":0,"event_name":"The Woman in Blue","floor":2,"gold_loss":0},{"damage_healed":0,"gold_gain":0,"player_choice":"Ignored","damage_taken":0,"max_hp_gain":0,"max_hp_loss":0,"event_name":"Liars Game","floor":7,"gold_loss":0}],"is_beta":false,"boss_relics":[],"items_purged_floors":[],"is_endless":false,"potions_floor_spawned":[6],"killed_by":"Gremlin Gang","ascension_level":20}