{"gold_per_floor":[114,114,130,33,33,33,47,60,60,60,3,78,121,139,139,139],"floor_reached":16,"playtime":351,"items_purged":[],"score":200,"play_id":"f445804d-3fbc-43fb-8f52-bf9b9f4a6ea4","local_time":"20190305134437","is_ascension_mode":true,"campfire_choices":[{"data":"Demon Form","floor":6,"key":"SMITH"},{"data":"Bash","floor":10,"key":"SMITH"},{"data":"Sword Boomerang","floor":15,"key":"SMITH"}],"neow_cost":"NONE","seed_source_timestamp":43867582937800,"circlet_count":0,"master_deck":["AscendersBane","Strike_R","Strike_R","Strike_R","Strike_R","Strike_R","Defend_R","Defend_R","Defend_R","Defend_R","Bash+1","Ghostly Armor","Panacea","Demon Form+1","Shrug It Off","Feel No Pain","Sword Boomerang+1"],"relics":["Burning Blood","NeowsBlessing","Golden Idol","Bag of Marbles","Question Card"],"potions_floor_usage":[13,16,16],"damage_taken":[{"damage":0,"enemies":"Jaw Worm","floor":1,"turns":1},{"damage":0,"enemies":"Cultist","floor":3,"turns":1},{"damage":0,"enemies":"2 Louse","floor":7,"turns":1},{"damage":19,"enemies":"Blue Slaver","floor":8,"turns":5},{"damage":9,"enemies":"Lagavulin","floor":13,"turns":7},{"damage":2,"enemies":"2 Fungi Beasts","floor":14,"turns":6},{"damage":39,"enemies":"Slime Boss","floor":16,"turns":7}],"seed_played":"-2022505573967199347","potions_obtained":[{"floor":8,"key":"FearPotion"},{"floor":13,"key":"PowerPotion"}],"is_trial":false,"path_per_floor":["M","?","M","$","?","R","M","M","T","R","$","?","E","M","R","B"],"character_chosen":"IRONCLAD","items_purchased":["Panacea","Fire Potion"],"campfire_rested":0,"item_purchase_floors":[4,11],"current_hp_per_floor":[74,48,54,54,54,54,60,47,47,47,47,36,33,37,37,0],"gold":139,"neow_bonus":"THREE_ENEMY_KILL","is_prod":false,"is_daily":false,"chose_seed":false,"campfire_upgraded":3,"win_rate":0,"timestamp":1551761077,"path_taken":["M","?","M","$","?","R","?","M","T","R","?","?","E","M","R","BOSS"],"build_version":"2019-01-23","purchased_purges":0,"victory":false,"max_hp_per_floor":[75,75,75,75,75,75,75,75,75,75,75,75,75,75,75,75],"card_choices":[{"not_picked":["Headbutt","Reckless Charge"],"picked":"Ghostly Armor","floor":1},{"not_picked":["Dual Wield","Sentinel","Twin Strike"],"picked":"SKIP","floor":3},{"not_picked":["Havoc","Thunderclap"],"picked":"Shrug It Off","floor":7},{"not_picked":["Armaments","Wild Strike","Body Slam"],"picked":"SKIP","floor":8},{"not_picked":["Havoc","Perfected Strike"],"picked":"Feel No Pain","floor":13},{"not_picked":["Clothesline","Anger","Combust"],"picked":"Sword Boomerang","floor":14}],"player_experience":2020658,"relics_obtained":[{"floor":9,"key":"Bag of Marbles"},{"floor":13,"key":"Question Card"}],"event_choices":[{"damage_healed":0,"gold_gain":0,"player_choice":"Take Damage","damage_taken":26,"relics_obtained":["Golden Idol"],"max_hp_gain":0,"max_hp_loss":0,"event_name":"Golden Idol","floor":2,"gold_loss":0},{"damage_healed":0,"gold_gain":0,"player_choice":"1 cards matched","damage_taken":0,"max_hp_gain":0,"max_hp_loss":0,"event_name":"Match and Keep!","floor":5,"gold_loss":0,"cards_obtained":["Demon Form"]},{"damage_healed":0,"gold_gain":75,"player_choice":"Gather Gold","damage_taken":11,"max_hp_gain":0,"max_hp_loss":0,"event_name":"World of Goop","floor":12,"gold_loss":0}],"is_beta":false,"boss_relics":[],"items_purged_floors":[],"is_endless":false,"potions_floor_spawned":[8,13,14],"killed_by":"Slime Boss","ascension_level":20}