{"gold_per_floor":[116,128,23,23,34,59,59,90,90,90,108,108,108,141,141,215,215,228,18,31,31,31],"floor_reached":22,"playtime":586,"items_purged":["Strike_R","Strike_R"],"score":404,"play_id":"2707ac0e-7a1e-4faf-96d2-98e6638ec3cf","local_time":"20190319131133","is_ascension_mode":true,"campfire_choices":[{"data":"Immolate","floor":7,"key":"SMITH"},{"data":"True Grit","floor":10,"key":"SMITH"},{"data":"Demon Form","floor":15,"key":"SMITH"}],"neow_cost":"NONE","seed_source_timestamp":181061507632500,"circlet_count":0,"master_deck":["AscendersBane","Strike_R","Strike_R","Defend_R","Defend_R","Defend_R","Defend_R","Bash+1","True Grit+1","Immolate+1","Evolve","Inflame","Demon Form+1","Impervious"],"relics":["Burning Blood","Smiling Mask","PreservedInsect","Ornamental Fan","Art of War","Bag of Marbles","Oddly Smooth Stone","Empty Cage","Ancient Tea Set"],"potions_floor_usage":[6,16,16,20],"damage_taken":[{"damage":6,"enemies":"Cultist","floor":1,"turns":3},{"damage":10,"enemies":"Small Slimes","floor":2,"turns":4},{"damage":7,"enemies":"Jaw Worm","floor":5,"turns":4},{"damage":29,"enemies":"Gremlin Nob","floor":6,"turns":4},{"damage":15,"enemies":"3 Sentries","floor":8,"turns":5},{"damage":0,"enemies":"2 Fungi Beasts","floor":11,"turns":1},{"damage":8,"enemies":"Gremlin Nob","floor":14,"turns":3},{"damage":34,"enemies":"The Guardian","floor":16,"turns":10},{"damage":13,"enemies":"Chosen","floor":18,"turns":7},{"damage":45,"enemies":"Shell Parasite","floor":20,"turns":5},{"damage":5,"enemies":"Sentry and Sphere","floor":22,"turns":3}],"seed_played":"4448269451582016643","potions_obtained":[{"floor":5,"key":"LiquidBronze"},{"floor":6,"key":"Poison Potion"},{"floor":8,"key":"Poison Potion"},{"floor":18,"key":"SkillPotion"}],"is_trial":false,"path_per_floor":["M","M","$","?","M","E","R","E","T","R","M","?","T","E","R","B",null,"M","$","M","?","M"],"character_chosen":"IRONCLAD","items_purchased":["Fire Potion","Ancient Tea Set"],"campfire_rested":0,"item_purchase_floors":[3,19],"current_hp_per_floor":[68,64,64,64,63,40,40,31,31,31,37,62,62,60,60,32,62,55,55,16,16,11],"gold":31,"neow_bonus":"RANDOM_COMMON_RELIC","is_prod":false,"is_daily":false,"chose_seed":false,"campfire_upgraded":3,"win_rate":0,"timestamp":1552968693,"path_taken":["M","M","?","?","?","E","R","E","T","R","M","?","?","E","R","BOSS","M","$","M","?","M"],"build_version":"2019-01-23","purchased_purges":2,"victory":false,"max_hp_per_floor":[75,75,75,75,75,75,75,75,75,75,75,75,75,75,75,75,72,72,72,72,72,72],"card_choices":[{"not_picked":["Cleave","Burning Pact"],"picked":"True Grit","floor":1},{"not_picked":["Heavy Blade","Warcry","Clothesline"],"picked":"SKIP","floor":2},{"not_picked":["Corruption","Cleave"],"picked":"Evolve","floor":5},{"not_picked":["Blood for Blood","Clash"],"picked":"Inflame","floor":6},{"not_picked":["Heavy Blade","Clash","Spot Weakness"],"picked":"SKIP","floor":8},{"not_picked":["Sever Soul","Clothesline","Reckless Charge"],"picked":"SKIP","floor":11},{"not_picked":["Wild Strike","Rupture"],"picked":"Demon Form","floor":14},{"not_picked":["Berserk","Double Tap"],"picked":"Impervious","floor":16},{"not_picked":["Shockwave","Fire Breathing+1","Hemokinesis+1"],"picked":"SKIP","floor":18},{"not_picked":["Headbutt+1","Wild Strike","Twin Strike"],"picked":"SKIP","floor":20}],"player_experience":2372028,"relics_obtained":[{"floor":6,"key":"PreservedInsect"},{"floor":8,"key":"Ornamental Fan"},{"floor":9,"key":"Art of War"},{"floor":13,"key":"Bag of Marbles"},{"floor":14,"key":"Oddly Smooth Stone"}],"event_choices":[{"damage_healed":0,"gold_gain":0,"player_choice":"2 cards matched","damage_taken":0,"max_hp_gain":0,"max_hp_loss":0,"event_name":"Match and Keep!","floor":4,"gold_loss":0,"cards_obtained":["Parasite","Immolate"]},{"damage_healed":25,"gold_gain":0,"player_choice":"Banana","damage_taken":0,"max_hp_gain":0,"max_hp_loss":0,"event_name":"Big Fish","floor":12,"gold_loss":0},{"damage_healed":0,"gold_gain":0,"player_choice":"Upgraded","damage_taken":0,"max_hp_gain":0,"max_hp_loss":0,"event_name":"Upgrade Shrine","floor":21,"gold_loss":0,"cards_upgraded":["Bash"]}],"is_beta":false,"boss_relics":[{"not_picked":["Ectoplasm","Sozu"],"picked":"Empty Cage"}],"items_purged_floors":[3,19],"is_endless":false,"potions_floor_spawned":[5,6,8,18],"killed_by":"Sentry and Sphere","ascension_level":20}