{"path_per_floor":["M","?","?","M","?","M","T","M","T","M","R","$","E","M","R","B",null,"M","M","$","M"],"character_chosen":"IRONCLAD","items_purchased":["Thread and Needle","Hemokinesis","Rupture"],"gold_per_floor":[115,115,115,131,81,97,179,191,215,227,227,227,256,276,276,380,380,397,414,23,42,42],"floor_reached":22,"campfire_rested":2,"playtime":1284,"current_hp_per_floor":[74,74,58,63,63,66,66,58,58,62,80,80,56,64,80,28,67,49,28,28,13,0],"items_purged":[],"gold":42,"score":254,"play_id":"27015e7c-091a-4d31-8fdc-0cc2cf9d5140","local_time":"20180408215553","is_prod":false,"is_daily":false,"is_ascension_mode":true,"campfire_upgraded":0,"timestamp":1523213753,"path_taken":["M","?","?","?","?","M","?","M","T","M","R","$","E","M","R","BOSS","M","M","$","M","M"],"build_version":"2018-04-05v2","purchased_purges":0,"victory":false,"master_deck":["Strike_R","Strike_R","Strike_R+1","Strike_R","Strike_R+1","Defend_R","Defend_R","Defend_R","Defend_R","Bash","Parasite","Immolate","Armaments","Cleave","Havoc","Rupture","Seeing Red","Wild Strike","Offering","Headbutt+1","Inflame","Hemokinesis","Rupture","Fire Breathing+1"],"max_hp_per_floor":[80,80,80,80,80,80,80,80,80,80,80,80,80,80,80,80,80,80,80,80,80,80],"relics":["Burning Blood","Omamori","Toolbox","Blood Vial","Ancient Tea Set","Black Star","Thread and Needle"],"card_choices":[{"not_picked":["Double Tap","Juggernaut"],"picked":"Immolate","floor":0},{"not_picked":["Headbutt","Searing Blow"],"picked":"Armaments","floor":1},{"not_picked":["Armaments","Flex"],"picked":"Cleave","floor":4},{"not_picked":["Pummel","Dark Embrace"],"picked":"Havoc","floor":8},{"not_picked":["True Grit","Heavy Blade"],"picked":"Rupture","floor":10},{"not_picked":["Dark Embrace","Armaments"],"picked":"Seeing Red","floor":13},{"not_picked":["Dual Wield","Body Slam"],"picked":"Wild Strike","floor":14},{"not_picked":["Juggernaut","Exhume"],"picked":"Offering","floor":16},{"not_picked":["Shrug It Off","True Grit"],"picked":"Headbutt","floor":18},{"not_picked":["Iron Wave","Thunderclap"],"picked":"Inflame","floor":19},{"not_picked":["Reckless Charge","Cleave"],"picked":"Fire Breathing","floor":21}],"player_experience":365734,"potions_floor_usage":[6,10,16,16,22],"damage_taken":[{"damage":4,"enemies":"2 Louse","floor":1,"turns":4},{"damage":1,"enemies":"Cultist","floor":4,"turns":3},{"damage":3,"enemies":"Small Slimes","floor":6,"turns":3},{"damage":14,"enemies":"Blue Slaver","floor":8,"turns":3},{"damage":4,"enemies":"Red Slaver","floor":10,"turns":3},{"damage":30,"enemies":"3 Sentries","floor":13,"turns":9},{"damage":0,"enemies":"Large Slime","floor":14,"turns":5},{"damage":58,"enemies":"The Guardian","floor":16,"turns":14},{"damage":26,"enemies":"3 Byrds","floor":18,"turns":6},{"damage":29,"enemies":"Shell Parasite","floor":19,"turns":4},{"damage":23,"enemies":"Snake Plant","floor":21,"turns":4},{"damage":20,"enemies":"Centurion and Healer","floor":22,"turns":4}],"event_choices":[{"event_name":"Accursed Blacksmith","player_choice":"Rummage","floor":2,"damage_taken":0},{"event_name":"Shining Light","player_choice":"Entered Light","floor":3,"damage_taken":0},{"event_name":"The Cleric","player_choice":"Card Removal","floor":5,"damage_taken":0}],"boss_relics":[{"not_picked":["Runic Cube","Tiny House"],"picked":"Black Star"}],"potions_floor_spawned":[4,8,13,14,21],"seed_played":"-4844059280673692816","killed_by":"Centurion and Healer","ascension_level":7,"is_trial":false}