{"gold_per_floor":[117,132,151,29,29,64,64,82,82,111,122,147,171,231,243,255],"floor_reached":16,"playtime":523,"items_purged":[],"score":244,"play_id":"142f501c-677b-47b8-a6af-288608983d27","local_time":"20190317214113","is_ascension_mode":true,"campfire_choices":[{"data":"Darkness","floor":7,"key":"SMITH"},{"data":"Discovery","floor":15,"key":"SMITH"}],"neow_cost":"NONE","seed_source_timestamp":38904251720300,"circlet_count":0,"master_deck":["AscendersBane","Strike_B","Strike_B","Strike_B","Strike_B","Defend_B","Defend_B","Defend_B","Defend_B","Zap","Dualcast","FTL","Darkness+1","Discovery+1","Coolheaded","Conserve Battery","Chill","Coolheaded"],"relics":["Cracked Core","NeowsBlessing","Art of War","Bottled Lightning","Gambling Chip","MawBank","DataDisk"],"potions_floor_usage":[6,8,10,12],"damage_taken":[{"damage":0,"enemies":"Cultist","floor":1,"turns":1},{"damage":0,"enemies":"2 Louse","floor":2,"turns":1},{"damage":0,"enemies":"Jaw Worm","floor":3,"turns":1},{"damage":20,"enemies":"3 Sentries","floor":6,"turns":7},{"damage":3,"enemies":"Red Slaver","floor":8,"turns":3},{"damage":24,"enemies":"Gremlin Nob","floor":10,"turns":4},{"damage":0,"enemies":"3 Louse","floor":11,"turns":1},{"damage":10,"enemies":"3 Sentries","floor":12,"turns":7},{"damage":0,"enemies":"Blue Slaver","floor":13,"turns":4},{"damage":3,"enemies":"Hexaghost","floor":16,"turns":9}],"seed_played":"978246414782101124","potions_obtained":[{"floor":2,"key":"Block Potion"},{"floor":3,"key":"AttackPotion"},{"floor":8,"key":"Fruit Juice"},{"floor":11,"key":"PowerPotion"}],"is_trial":false,"path_per_floor":["M","M","M","$","?","E","R","M","T","E","M","E","M","T","R","B"],"character_chosen":"DEFECT","items_purchased":["Discovery","Coolheaded"],"campfire_rested":0,"item_purchase_floors":[4,4],"current_hp_per_floor":[64,64,64,64,64,44,44,46,46,22,22,12,12,12,12,9],"gold":255,"neow_bonus":"THREE_ENEMY_KILL","is_prod":false,"is_daily":false,"chose_seed":false,"campfire_upgraded":2,"win_rate":0,"timestamp":1552826473,"path_taken":["M","M","?","$","?","E","R","M","T","E","M","E","M","?","R","BOSS"],"build_version":"2019-01-23","purchased_purges":0,"victory":false,"max_hp_per_floor":[71,71,71,71,71,71,71,76,76,76,76,76,76,76,76,76],"card_choices":[{"not_picked":["Stack","Ball Lightning"],"picked":"FTL","floor":1},{"not_picked":["Go for the Eyes","Gash","Reprogram"],"picked":"SKIP","floor":2},{"not_picked":["Rebound","Fusion","Darkness"],"picked":"SKIP","floor":3},{"not_picked":["Rebound","Fusion"],"picked":"Darkness","floor":3},{"not_picked":["Ball Lightning","Barrage","Double Energy"],"picked":"SKIP","floor":6},{"not_picked":["Sweeping Beam","Stack"],"picked":"Conserve Battery","floor":8},{"not_picked":["Leap","Turbo","Force Field"],"picked":"SKIP","floor":10},{"not_picked":["Reprogram","Tempest","Barrage"],"picked":"SKIP","floor":11},{"not_picked":["Turbo","Beam Cell"],"picked":"Chill","floor":12},{"not_picked":["Amplify","Force Field"],"picked":"Coolheaded","floor":13}],"player_experience":2334884,"relics_obtained":[{"floor":6,"key":"Art of War"},{"floor":9,"key":"Bottled Lightning"},{"floor":10,"key":"Gambling Chip"},{"floor":12,"key":"MawBank"},{"floor":14,"key":"DataDisk"}],"event_choices":[{"damage_healed":0,"gold_gain":0,"player_choice":"Leave","damage_taken":0,"max_hp_gain":0,"max_hp_loss":0,"event_name":"The Cleric","floor":5,"gold_loss":0}],"is_beta":false,"boss_relics":[],"items_purged_floors":[],"is_endless":false,"potions_floor_spawned":[2,3,8,11],"killed_by":"Hexaghost","ascension_level":20}