{"path_per_floor":["M","?","M","?","$","R","?","M","T","M","$","T","E","M","R","B",null,"M","M","?","?","?","R","E","$","T","?"],"character_chosen":"IRONCLAD","items_purchased":["Darkstone Periapt","Wild Strike","Kunai"],"gold_per_floor":[111,111,129,304,19,19,19,29,29,48,48,95,130,141,141,241,241,258,246,246,246,246,246,272,19,42,42],"floor_reached":28,"campfire_rested":2,"playtime":1373,"current_hp_per_floor":[80,68,66,66,66,80,80,80,80,74,74,74,68,78,78,68,80,64,33,33,39,39,64,28,28,28,28],"items_purged":[],"gold":42,"play_id":"777daf4b-0bfe-4c11-bf38-1746485c5da4","is_prod":false,"is_daily":false,"is_ascension_mode":false,"campfire_upgraded":1,"path_taken":["M","?","M","?","?","R","?","M","T","M","?","?","E","M","R","BOSS","M","M","?","?","?","R","E","?","T","?","M"],"build_version":"2018-02-01-PROD3","purchased_purges":0,"victory":false,"master_deck":["Strike_R","Strike_R","Strike_R","Strike_R","Strike_R","Defend_R","Defend_R","Defend_R","Defend_R","Bash","Flame Barrier","Uppercut","Doubt","Wild Strike","Wild Strike","Heavy Blade","Feel No Pain","Demon Form+1","Demon Form","Clothesline+1","Clash","Writhe","Infernal Blade"],"max_hp_per_floor":[80,80,80,80,80,80,80,80,80,80,80,80,80,80,80,80,80,80,80,80,86,86,86,100,100,100,100],"relics":["Burning Blood","Juzu Bracelet","Vajra","Darkstone Periapt","Calipers","Oddly Smooth Stone","Black Star","Gremlin Horn","Dead Branch","Mango","Kunai","Bag of Marbles","Omamori","Nloth\u0027s Gift"],"card_choices":[{"not_picked":["Feel No Pain","Thunderclap"],"picked":"Flame Barrier"},{"not_picked":["Wild Strike","Disarm"],"picked":"Uppercut"},{"not_picked":["Body Slam","Sentinel"],"picked":"Wild Strike"},{"not_picked":["Clash","Thunderclap"],"picked":"Heavy Blade"},{"not_picked":["Second Wind","Havoc"],"picked":"Feel No Pain"},{"not_picked":["Sentinel","Power Through"],"picked":"Demon Form"},{"not_picked":["Brutality","Impervious"],"picked":"Demon Form"},{"not_picked":["Perfected Strike","Cleave"],"picked":"Clothesline"},{"not_picked":["Burning Pact","Corruption"],"picked":"Clash"},{"not_picked":["Clash","Juggernaut"],"picked":"Infernal Blade"}],"player_experience":80926,"potions_floor_usage":[13,14,16,19,24],"damage_taken":[{"damage":6,"enemies":"Cultist","floor":1,"turns":3},{"damage":8,"enemies":"Small Slimes","floor":3,"turns":3},{"damage":6,"enemies":"2 Louse","floor":8,"turns":2},{"damage":12,"enemies":"Exordium Wildlife","floor":10,"turns":4},{"damage":12,"enemies":"3 Sentries","floor":13,"turns":7},{"damage":11,"enemies":"Lots of Slimes","floor":14,"turns":6},{"damage":16,"enemies":"Slime Boss","floor":16,"turns":6},{"damage":22,"enemies":"Shell Parasite","floor":18,"turns":7},{"damage":37,"enemies":"2 Thieves","floor":19,"turns":4},{"damage":56,"enemies":"Slavers","floor":24,"turns":7},{"damage":36,"enemies":"Snake Plant","floor":28,"turns":5}],"event_choices":[{"event_name":"Scrap Ooze","player_choice":"success","floor":2,"damage_taken":12},{"event_name":"Liars Game","player_choice":"agreed","floor":4,"damage_taken":0},{"event_name":"The Cleric","player_choice":"Leave","floor":7,"damage_taken":0},{"event_name":"Drug Dealer","player_choice":"Ignored","floor":20,"damage_taken":0},{"event_name":"The Mausoleum","player_choice":"Yes","floor":21,"damage_taken":0},{"event_name":"Purifier","player_choice":"Skipped","floor":22,"damage_taken":0},{"event_name":"N\u0027loth","player_choice":"Traded a Matryoshka","floor":27,"damage_taken":0}],"boss_relics":[{"not_picked":["White Beast Statue","Runic Dome"],"picked":"Black Star"}],"potions_floor_spawned":[1,13,14,18,19],"seed_played":"3186957543309177400","killed_by":"Snake Plant","ascension_level":0,"is_trial":false}