{"gold_per_floor":[111,71,88,88,107,107,134,134,134,148,148,181,181,46,46,125,125,138,138,138,156,156,156,186,186,186,203,203,237,250,283,283,358,358,372,387,387],"floor_reached":37,"playtime":1568,"items_purged":[],"score":850,"play_id":"8eae8ba8-4c11-4142-ad66-29cbbb64d3ed","local_time":"20190424200740","is_ascension_mode":true,"campfire_choices":[{"data":"Bash","floor":6,"key":"SMITH"},{"data":"Armaments","floor":11,"key":"SMITH"},{"data":"Disarm","floor":15,"key":"SMITH"},{"data":"Uppercut","floor":23,"key":"SMITH"},{"data":"Inflame","floor":25,"key":"SMITH"},{"floor":28,"key":"REST"},{"floor":32,"key":"REST"}],"neow_cost":"NONE","seed_source_timestamp":201604718734000,"circlet_count":0,"master_deck":["AscendersBane","Strike_R","Defend_R","Defend_R","Defend_R","Defend_R","Reaper","Twin Strike","Shrug It Off","Armaments+1","Uppercut+1","Disarm+1","Offering","Flame Barrier+1","Feel No Pain","True Grit","Inflame+1","True Grit+1","Demon Form","Inflame+1","Seeing Red+1","Berserk+1","True Grit+1"],"relics":["Burning Blood","Regal Pillow","Gremlin Horn","Vajra","Velvet Choker","Bottled Tornado","Shuriken","Bottled Lightning","War Paint","Astrolabe"],"potions_floor_usage":[10,16,16,16,24,33,33],"damage_taken":[{"damage":10,"enemies":"Small Slimes","floor":1,"turns":4},{"damage":6,"enemies":"Cultist","floor":3,"turns":3},{"damage":14,"enemies":"Jaw Worm","floor":5,"turns":3},{"damage":2,"enemies":"Gremlin Gang","floor":10,"turns":3},{"damage":47,"enemies":"3 Sentries","floor":12,"turns":12},{"damage":23,"enemies":"Hexaghost","floor":16,"turns":10},{"damage":40,"enemies":"3 Byrds","floor":18,"turns":6},{"damage":6,"enemies":"Chosen","floor":21,"turns":7},{"damage":51,"enemies":"Slavers","floor":24,"turns":9},{"damage":25,"enemies":"Shelled Parasite and Fungi","floor":27,"turns":6},{"damage":29,"enemies":"Gremlin Leader","floor":29,"turns":6},{"damage":6,"enemies":"Snake Plant","floor":30,"turns":5},{"damage":45,"enemies":"Slavers","floor":31,"turns":9},{"damage":56,"enemies":"Collector","floor":33,"turns":20},{"damage":42,"enemies":"3 Darklings","floor":35,"turns":7},{"damage":45,"enemies":"Orb Walker","floor":36,"turns":7},{"damage":27,"enemies":"Transient","floor":37,"turns":3}],"seed_played":"-4642920561094063828","potions_obtained":[{"floor":2,"key":"Explosive Potion"},{"floor":2,"key":"EntropicBrew"},{"floor":21,"key":"Weak Potion"},{"floor":24,"key":"Dexterity Potion"},{"floor":29,"key":"PowerPotion"},{"floor":33,"key":"SkillPotion"}],"is_trial":false,"path_per_floor":["M","?","M","?","M","R","T","?","T","M","R","E","$","$","R","B",null,"M","?","?","M","?","R","E","R","T","M","R","E","M","E","R","B",null,"M","M","M"],"character_chosen":"IRONCLAD","items_purchased":["Disarm","PowerPotion"],"campfire_rested":2,"item_purchase_floors":[14,14],"current_hp_per_floor":[71,71,71,75,67,67,67,67,67,75,75,45,45,45,45,43,67,44,44,44,49,49,49,21,21,21,10,47,67,75,52,75,31,64,62,44,17],"gold":387,"neow_bonus":"ONE_RANDOM_RARE_CARD","is_prod":false,"is_daily":false,"chose_seed":false,"campfire_upgraded":5,"win_rate":0,"timestamp":1556104060,"path_taken":["M","?","?","?","?","R","?","?","T","?","R","E","?","$","R","BOSS","M","?","?","?","?","R","E","R","T","M","R","E","M","E","R","BOSS","M","M","M"],"build_version":"2019-01-23","purchased_purges":0,"victory":false,"max_hp_per_floor":[75,75,75,75,75,75,75,75,75,75,75,75,75,75,75,75,75,75,75,75,75,75,75,75,75,75,75,75,75,75,75,75,75,75,75,75,75],"card_choices":[{"not_picked":["Anger","Flex","Dual Wield"],"picked":"SKIP","floor":1},{"not_picked":["Power Through","Heavy Blade"],"picked":"Twin Strike","floor":3},{"not_picked":["Searing Blow","Clash"],"picked":"Shrug It Off","floor":5},{"not_picked":["Clash","Sword Boomerang"],"picked":"Armaments","floor":10},{"not_picked":["Dual Wield","Reckless Charge"],"picked":"Uppercut","floor":12},{"not_picked":["Fiend Fire","Juggernaut"],"picked":"Offering","floor":16},{"not_picked":["Twin Strike","Flex"],"picked":"Flame Barrier","floor":18},{"not_picked":["Iron Wave","Spot Weakness"],"picked":"True Grit","floor":21},{"not_picked":["Power Through","Wild Strike"],"picked":"Inflame","floor":24},{"not_picked":["Metallicize","Heavy Blade","Hemokinesis"],"picked":"SKIP","floor":27},{"not_picked":["Headbutt","Warcry"],"picked":"True Grit","floor":29},{"not_picked":["Flex","Seeing Red","Brutality"],"picked":"SKIP","floor":30},{"not_picked":["Bloodletting","Thunderclap","Warcry"],"picked":"SKIP","floor":31},{"not_picked":["Juggernaut","Bludgeon"],"picked":"Demon Form","floor":33},{"not_picked":["Wild Strike","True Grit+1","Uppercut+1"],"picked":"SKIP","floor":35},{"not_picked":["Twin Strike+1","Clothesline"],"picked":"True Grit+1","floor":36}],"player_experience":3349485,"relics_obtained":[{"floor":7,"key":"Regal Pillow"},{"floor":9,"key":"Gremlin Horn"},{"floor":12,"key":"Vajra"},{"floor":24,"key":"Bottled Tornado"},{"floor":26,"key":"Shuriken"},{"floor":29,"key":"Bottled Lightning"},{"floor":31,"key":"War Paint"}],"event_choices":[{"damage_healed":0,"gold_gain":0,"player_choice":"Bought 3 Potions","damage_taken":0,"max_hp_gain":0,"max_hp_loss":0,"event_name":"The Woman in Blue","floor":2,"gold_loss":0},{"damage_healed":4,"gold_gain":0,"player_choice":"Full Heal","damage_taken":0,"max_hp_gain":0,"max_hp_loss":0,"event_name":"Wheel of Change","floor":4,"gold_loss":0},{"cards_removed":["Strike_R"],"damage_healed":0,"gold_gain":0,"player_choice":"Offered Basic","damage_taken":0,"max_hp_gain":0,"max_hp_loss":0,"event_name":"Bonfire Elementals","floor":8,"gold_loss":0},{"damage_healed":0,"gold_gain":0,"player_choice":"Read","damage_taken":0,"max_hp_gain":0,"max_hp_loss":0,"event_name":"The Library","floor":19,"gold_loss":0,"cards_obtained":["Feel No Pain"]},{"cards_removed":["Strike_R"],"damage_healed":0,"gold_gain":0,"player_choice":"Elegance","damage_taken":0,"max_hp_gain":0,"max_hp_loss":0,"event_name":"Back to Basics","floor":20,"gold_loss":0},{"damage_healed":0,"gold_gain":0,"player_choice":"Ignored","damage_taken":0,"max_hp_gain":0,"max_hp_loss":0,"event_name":"N\u0027loth","floor":22,"gold_loss":0}],"is_beta":false,"boss_relics":[{"not_picked":["Black Blood","Runic Pyramid"],"picked":"Velvet Choker"},{"not_picked":["Orrery","Calling Bell"],"picked":"Astrolabe"}],"items_purged_floors":[],"is_endless":false,"potions_floor_spawned":[3,5,21,24,29,31,33],"killed_by":"Transient","ascension_level":20}