{"path_per_floor":["M","M","?","M","?","M","R","M","T","R","M","R","?","M","R"],"character_chosen":"DEFECT","items_purchased":[],"gold_per_floor":[115,126,126,139,139,158,158,171,216,216,236,236,236,246,246,246],"floor_reached":16,"campfire_rested":0,"playtime":675,"item_purchase_floors":[],"current_hp_per_floor":[63,62,62,62,47,44,44,44,44,44,44,44,44,23,23,0],"items_purged":[],"gold":246,"score":127,"play_id":"5b16c73f-b977-44db-8b4e-1e384263ccb4","local_time":"20180521175035","is_prod":false,"is_daily":false,"chose_seed":false,"is_ascension_mode":true,"campfire_upgraded":4,"timestamp":1526896235,"campfire_choices":[{"data":"Fusion","floor":7,"key":"SMITH"},{"data":"Zap","floor":10,"key":"SMITH"},{"data":"Multi-Cast","floor":12,"key":"SMITH"},{"data":"Loop","floor":15,"key":"SMITH"}],"path_taken":["M","M","?","M","?","M","R","M","T","R","M","R","?","?","R","BOSS"],"build_version":"2018-05-18","seed_source_timestamp":869518104706099,"purchased_purges":0,"victory":false,"master_deck":["Strike_B","Strike_B","Strike_B","Strike_B","Defend_B","Defend_B","Defend_B","Defend_B+1","Zap+1","Dualcast+1","Multi-Cast+1","Conserve Battery","Chill","Fusion+1","Loop+1","BootSequence","Normality","Darkness"],"max_hp_per_floor":[75,75,75,75,75,75,75,75,75,75,75,75,75,75,75,75],"relics":["Cracked Core","Pen Nib","Ornamental Fan"],"card_choices":[{"not_picked":["Beam Cell","Axe Kick","Steam"],"picked":"SKIP","floor":1},{"not_picked":["Barrage","Stack"],"picked":"Conserve Battery","floor":2},{"not_picked":["Ball Lightning","Steam"],"picked":"Chill","floor":4},{"not_picked":["Skim","Turbo"],"picked":"Fusion","floor":6},{"not_picked":["Hologram","FTL"],"picked":"Loop","floor":8},{"not_picked":["Recycle","Ball Lightning"],"picked":"BootSequence","floor":11},{"not_picked":["Cold Snap","Rebound"],"picked":"Darkness","floor":14}],"player_experience":393280,"potions_floor_usage":[],"damage_taken":[{"damage":5,"enemies":"2 Louse","floor":1,"turns":2},{"damage":1,"enemies":"Cultist","floor":2,"turns":3},{"damage":0,"enemies":"Small Slimes","floor":4,"turns":3},{"damage":3,"enemies":"Looter","floor":6,"turns":3},{"damage":0,"enemies":"2 Fungi Beasts","floor":8,"turns":4},{"damage":0,"enemies":"3 Louse","floor":11,"turns":3},{"damage":21,"enemies":"Gremlin Gang","floor":14,"turns":6},{"damage":25,"enemies":"Slime Boss","floor":16,"turns":3}],"relics_obtained":[{"floor":9,"key":"Pen Nib"}],"event_choices":[{"event_name":"The Woman in Blue","player_choice":"Bought 0 Potions","floor":3,"damage_taken":0},{"event_name":"Shining Light","player_choice":"Entered Light","floor":5,"damage_taken":0},{"event_name":"Accursed Blacksmith","player_choice":"Rummage","floor":13,"damage_taken":0}],"boss_relics":[],"items_purged_floors":[],"potions_floor_spawned":[4,6],"seed_played":"7179146991148042895","killed_by":"Slime Boss","ascension_level":7,"potions_obtained":[{"floor":4,"key":"Dexterity Potion"},{"floor":6,"key":"Strength Potion"}],"is_trial":false}