{"gold_per_floor":[113,113,113,133,133,133,150,162,162,172,29,43,43,54,54,126,126,143,58,8,19,31,31],"floor_reached":23,"playtime":1086,"items_purged":[],"score":352,"play_id":"b2393a8c-1297-47fe-a762-39e152207ed4","local_time":"20190320192001","is_ascension_mode":true,"campfire_choices":[{"floor":6,"key":"REST"},{"floor":13,"key":"REST"},{"floor":15,"key":"REST"}],"neow_cost":"NONE","seed_source_timestamp":536638464510400,"circlet_count":0,"master_deck":["AscendersBane","Strike_B","Strike_B","Strike_B","Strike_B","Defend_B","Defend_B","Defend_B","Defend_B","Zap","Dualcast","Steam","Redo","Doom and Gloom","Amplify","Barrage","Storm","Chill","Ball Lightning","Heatsinks","Electrodynamics","Doom and Gloom","Creative AI","Chill","BootSequence","Redo"],"relics":["Cracked Core","Cables","White Beast Statue","Juzu Bracelet"],"potions_floor_usage":[8,10,16,23],"damage_taken":[{"damage":5,"enemies":"2 Louse","floor":1,"turns":3},{"damage":9,"enemies":"Small Slimes","floor":4,"turns":3},{"damage":1,"enemies":"Cultist","floor":7,"turns":3},{"damage":8,"enemies":"3 Louse","floor":8,"turns":4},{"damage":29,"enemies":"Gremlin Gang","floor":10,"turns":3},{"damage":9,"enemies":"Large Slime","floor":12,"turns":4},{"damage":11,"enemies":"Looter","floor":14,"turns":2},{"damage":27,"enemies":"The Guardian","floor":16,"turns":10},{"damage":46,"enemies":"Shell Parasite","floor":18,"turns":6},{"damage":11,"enemies":"Spheric Guardian","floor":21,"turns":4},{"damage":0,"enemies":"3 Cultists","floor":22,"turns":3},{"damage":14,"enemies":"Gremlin Leader","floor":23,"turns":4}],"seed_played":"7260103029399686766","potions_obtained":[{"floor":4,"key":"SpeedPotion"},{"floor":8,"key":"Block Potion"},{"floor":10,"key":"Ancient Potion"},{"floor":14,"key":"EssenceOfSteel"},{"floor":18,"key":"SneckoOil"},{"floor":21,"key":"EssenceOfSteel"}],"is_trial":false,"path_per_floor":["M","?","?","M","?","R","M","M","T","M","$","M","R","M","R","B",null,"M","?","?","M","M","E"],"character_chosen":"DEFECT","items_purchased":["Ball Lightning","Heatsinks"],"campfire_rested":3,"item_purchase_floors":[11,11],"current_hp_per_floor":[59,59,48,39,39,60,59,51,51,22,22,13,34,23,44,17,58,12,12,12,1,1,0],"gold":31,"neow_bonus":"THREE_CARDS","is_prod":false,"is_daily":false,"chose_seed":false,"campfire_upgraded":0,"win_rate":0,"timestamp":1553102401,"path_taken":["M","?","?","M","?","R","M","M","T","?","$","M","R","M","R","BOSS","M","?","?","M","M","E"],"build_version":"2019-01-23","purchased_purges":0,"victory":false,"max_hp_per_floor":[71,71,71,71,71,71,71,71,71,71,71,71,71,71,71,71,71,71,71,71,71,71,71],"card_choices":[{"not_picked":["Coolheaded","Leap"],"picked":"Steam","floor":0},{"not_picked":["Compile Driver","Leap"],"picked":"Redo","floor":1},{"not_picked":["Barrage","Sweeping Beam"],"picked":"Doom and Gloom","floor":4},{"not_picked":["Hologram","Sweeping Beam"],"picked":"Barrage","floor":7},{"not_picked":["Lockon","Ball Lightning"],"picked":"Storm","floor":8},{"not_picked":["Auto Shields","Sweeping Beam"],"picked":"Chill","floor":10},{"not_picked":["Darkness","Fusion"],"picked":"Electrodynamics","floor":12},{"not_picked":["Compile Driver","Melter"],"picked":"Doom and Gloom","floor":14},{"not_picked":["Reboot","Rainbow"],"picked":"Creative AI","floor":16},{"not_picked":["Coolheaded","Glacier"],"picked":"Chill","floor":18},{"not_picked":["Barrage","Steam"],"picked":"BootSequence","floor":21},{"not_picked":["Steam","Gash+1"],"picked":"Redo","floor":22}],"player_experience":1116407,"relics_obtained":[{"floor":9,"key":"Cables"}],"event_choices":[{"damage_healed":0,"gold_gain":0,"player_choice":"Ignored","damage_taken":0,"max_hp_gain":0,"max_hp_loss":0,"event_name":"Shining Light","floor":2,"gold_loss":0},{"damage_healed":0,"gold_gain":0,"player_choice":"Fled","damage_taken":11,"max_hp_gain":0,"max_hp_loss":0,"event_name":"Scrap Ooze","floor":3,"gold_loss":0},{"damage_healed":0,"gold_gain":0,"player_choice":"1 cards matched","damage_taken":0,"max_hp_gain":0,"max_hp_loss":0,"event_name":"Match and Keep!","floor":5,"gold_loss":0,"cards_obtained":["Amplify"]},{"damage_healed":0,"gold_gain":0,"player_choice":"Obtained Relic","damage_taken":0,"relics_obtained":["Juzu Bracelet"],"max_hp_gain":0,"max_hp_loss":0,"event_name":"Addict","floor":19,"gold_loss":85},{"damage_healed":0,"gold_gain":0,"player_choice":"Bet on Murderer","damage_taken":0,"max_hp_gain":0,"max_hp_loss":0,"event_name":"The Joust","floor":20,"gold_loss":50}],"is_beta":false,"boss_relics":[{"not_picked":["Calling Bell","Runic Pyramid"],"picked":"White Beast Statue"}],"items_purged_floors":[],"is_endless":false,"potions_floor_spawned":[4,8,10,14,18,21,22],"killed_by":"Gremlin Leader","ascension_level":18}