{"gold_per_floor":[368,368,368,378,378,409,409,19,72,89,115,40,40,68,68,68],"floor_reached":16,"playtime":368,"items_purged":["Clumsy"],"score":212,"play_id":"dcd97366-86c3-4a3f-8c12-203dd6358b72","local_time":"20190321211526","is_ascension_mode":true,"campfire_choices":[{"data":"Chaos","floor":7,"key":"SMITH"},{"data":"Hologram","floor":15,"key":"SMITH"}],"neow_cost":"CURSE","seed_source_timestamp":182313593601100,"circlet_count":0,"master_deck":["AscendersBane","Strike_B+1","Strike_B","Strike_B","Defend_B","Defend_B+1","Defend_B+1","Defend_B","Zap+1","Dualcast","Chaos+1","Coolheaded","Gash","Hologram+1"],"relics":["Cracked Core","FaceOfCleric","Blue Candle","Torii","War Paint","Odd Mushroom","Art of War"],"potions_floor_usage":[14,14,16],"damage_taken":[{"damage":0,"enemies":"Small Slimes","floor":1,"turns":4},{"damage":0,"enemies":"Jaw Worm","floor":4,"turns":3},{"damage":9,"enemies":"Lagavulin","floor":6,"turns":7},{"damage":0,"enemies":"Cultist","floor":10,"turns":2},{"damage":16,"enemies":"The Mushroom Lair","floor":11,"turns":4},{"damage":44,"enemies":"Gremlin Nob","floor":14,"turns":5},{"damage":0,"enemies":"Hexaghost","floor":16,"turns":4}],"seed_played":"5144656192476728599","potions_obtained":[{"floor":1,"key":"Fire Potion"},{"floor":4,"key":"EssenceOfSteel"},{"floor":14,"key":"Dexterity Potion"}],"is_trial":false,"path_per_floor":["M","?","?","M","?","E","R","$","T","M","?","$","?","E","R","B"],"character_chosen":"DEFECT","items_purchased":["Torii","Coolheaded"],"campfire_rested":0,"item_purchase_floors":[8,8],"current_hp_per_floor":[64,43,71,71,71,63,63,63,63,64,49,49,49,6,6,6],"gold":68,"neow_bonus":"TWO_FIFTY_GOLD","is_prod":false,"is_daily":false,"chose_seed":false,"campfire_upgraded":2,"win_rate":0,"timestamp":1553170526,"path_taken":["M","?","?","?","?","E","R","$","T","?","?","?","?","E","R","BOSS"],"build_version":"2019-01-23","purchased_purges":1,"victory":false,"max_hp_per_floor":[71,71,71,71,71,72,72,72,72,73,74,74,74,75,75,75],"card_choices":[{"not_picked":["Gash","Go for the Eyes","Hologram"],"picked":"SKIP","floor":1},{"not_picked":["Steam Power","Beam Cell"],"picked":"Chaos","floor":4},{"not_picked":["Beam Cell","Steam","Barrage"],"picked":"SKIP","floor":6},{"not_picked":["Ball Lightning","Conserve Battery","Aggregate"],"picked":"SKIP","floor":10},{"not_picked":["Rip and Tear","FTL"],"picked":"Hologram","floor":14}],"player_experience":2454138,"relics_obtained":[{"floor":6,"key":"Blue Candle"},{"floor":9,"key":"War Paint"},{"floor":11,"key":"Odd Mushroom"},{"floor":14,"key":"Art of War"}],"event_choices":[{"damage_healed":0,"gold_gain":0,"player_choice":"Entered Light","damage_taken":21,"max_hp_gain":0,"max_hp_loss":0,"event_name":"Shining Light","floor":2,"gold_loss":0,"cards_upgraded":["Strike_B","Defend_B"]},{"damage_healed":28,"gold_gain":0,"player_choice":"Full Heal","damage_taken":0,"max_hp_gain":0,"max_hp_loss":0,"event_name":"Wheel of Change","floor":3,"gold_loss":0},{"damage_healed":0,"gold_gain":0,"player_choice":"Trade","damage_taken":0,"relics_obtained":["FaceOfCleric"],"max_hp_gain":0,"max_hp_loss":0,"event_name":"FaceTrader","floor":5,"gold_loss":0},{"damage_healed":0,"gold_gain":0,"player_choice":"Fought Mushrooms","damage_taken":0,"max_hp_gain":0,"max_hp_loss":0,"event_name":"Mushrooms","floor":11,"gold_loss":0},{"damage_healed":0,"gold_gain":0,"cards_transformed":["Strike_B"],"player_choice":"Change","damage_taken":0,"max_hp_gain":0,"max_hp_loss":0,"event_name":"Living Wall","floor":13,"gold_loss":0,"cards_obtained":["Gash"]}],"is_beta":false,"boss_relics":[],"items_purged_floors":[12],"is_endless":false,"potions_floor_spawned":[1,4,14],"killed_by":"Hexaghost","ascension_level":20}