{"gold_per_floor":[114,124,94,94,94,94,120,29,54,54,54,67,67,100,100,176,226,240,5,23,34,34],"floor_reached":22,"playtime":1148,"items_purged":[],"score":317,"play_id":"4f867f43-153d-4823-9e76-6e5e2064649e","local_time":"20180917210555","is_ascension_mode":true,"campfire_choices":[{"floor":6.0,"key":"REST"},{"floor":11.0,"key":"REST"},{"floor":13.0,"key":"REST"},{"floor":15.0,"key":"REST"}],"neow_cost":"PERCENT_DAMAGE","seed_source_timestamp":0,"circlet_count":0,"master_deck":["Strike_B","Strike_B","Strike_B","Strike_B","Defend_B","Defend_B","Defend_B","Defend_B","Zap","Dualcast","AscendersBane","Conserve Battery","Storm+1","Defragment","Hello World","Stack","Auto Shields+1","Rainbow","Coolheaded","Barrage","Static Discharge","FTL","Capacitor","Ball Lightning"],"special_seed":0,"relics":["Cracked Core","Ginger","Bottled Flame","Smiling Mask","DataDisk","Art of War","Tiny House"],"potions_floor_usage":[18,20,21],"damage_taken":[{"damage":4.0,"enemies":"Jaw Worm","floor":1.0,"turns":3.0},{"damage":0.0,"enemies":"Cultist","floor":2.0,"turns":3.0},{"damage":50.0,"enemies":"3 Sentries","floor":7.0,"turns":13.0},{"damage":0.0,"enemies":"2 Louse","floor":12.0,"turns":3.0},{"damage":9.0,"enemies":"Lagavulin","floor":14.0,"turns":6.0},{"damage":17.0,"enemies":"Slime Boss","floor":16.0,"turns":7.0},{"damage":29,"enemies":"2 Thieves","floor":18,"turns":4},{"damage":8,"enemies":"3 Byrds","floor":20,"turns":4},{"damage":12,"enemies":"Snecko","floor":21,"turns":5},{"damage":29,"enemies":"Centurion and Healer","floor":22,"turns":2}],"seed_played":"6417424747713771290","potions_obtained":[{"floor":1.0,"key":"Block Potion"},{"floor":3.0,"key":"EssenceOfSteel"},{"floor":14.0,"key":"Swift Potion"},{"floor":17.0,"key":"Energy Potion"}],"is_trial":false,"path_per_floor":["M","M","?","?","T","R","E","$","T","?","R","M","R","E","R","B",null,"M","$","M","M"],"character_chosen":"DEFECT","items_purchased":["Hello World","Block Potion","FocusPotion","Static Discharge","Block Potion","FTL"],"campfire_rested":4,"item_purchase_floors":[8,8,19,19,19,19],"current_hp_per_floor":[46,46,46,46,46,68,18,18,18,18,40,40,62,53,75,58,76,47,47,39,27,0],"gold":34,"neow_bonus":"ONE_RARE_RELIC","is_prod":false,"is_daily":false,"chose_seed":false,"campfire_upgraded":0,"win_rate":0,"timestamp":1537207555,"path_taken":["M","M","?","?","?","R","E","$","T","?","R","M","R","E","R","BOSS","M","$","M","M","M"],"build_version":"2018-09-06","purchased_purges":0,"victory":false,"max_hp_per_floor":[75,75,75,75,75,75,75,75,75,75,75,75,75,75,75,75,80,80,80,80,80,80],"card_choices":[{"not_picked":["Undo","Hologram"],"picked":"Conserve Battery","floor":1.0},{"not_picked":["Barrage","Turbo"],"picked":"Storm","floor":2.0},{"not_picked":["Beam Cell","Barrage"],"picked":"Defragment","floor":7.0},{"not_picked":["Consume","Sweeping Beam"],"picked":"Stack","floor":12.0},{"not_picked":["Turbo","Blizzard"],"picked":"Auto Shields","floor":14.0},{"not_picked":["Fission","Core Surge"],"picked":"Rainbow","floor":16.0},{"not_picked":["Reinforced Body","Sweeping Beam"],"picked":"Coolheaded","floor":17.0},{"not_picked":["Steam Power","Go for the Eyes+1"],"picked":"Barrage","floor":18},{"not_picked":["Loop","Sunder"],"picked":"Capacitor","floor":20},{"not_picked":["Rip and Tear","Stack"],"picked":"Ball Lightning","floor":21}],"player_experience":708595,"relics_obtained":[{"floor":5.0,"key":"Bottled Flame"},{"floor":7.0,"key":"Smiling Mask"},{"floor":9.0,"key":"DataDisk"},{"floor":14.0,"key":"Art of War"}],"event_choices":[{"event_name":"The Woman in Blue","player_choice":"Bought 2 Potions","floor":3.0,"damage_taken":0.0},{"event_name":"Golden Wing","player_choice":"Ignored","floor":4.0,"damage_taken":0.0},{"event_name":"Living Wall","player_choice":"Grow","floor":10.0,"damage_taken":0.0}],"is_beta":false,"boss_relics":[{"not_picked":["White Beast Statue","Snecko Eye"],"picked":"Tiny House"}],"items_purged_floors":[],"is_endless":false,"potions_floor_spawned":[1,14],"killed_by":"Centurion and Healer","ascension_level":13}