{"gold_per_floor":[118,118,193,158,170,170,196,196,196,207,236,253,278,278,278,356,356,373,237,237,247,197,197,197,197,242,257,282,295,310,323,323,400,400,418,343,360,221,221,221,240,240,267,267,267,95,109,59,59,59,59,59,59,9,42,42],"floor_reached":57,"playtime":2506,"items_purged":["Strike_B","Defend_B","Hello World","Strike_B","Defend_B","Turbo+1"],"score":2556,"play_id":"db7fe478-8817-4e36-9703-4a4ff0613dd2","local_time":"20190319000151","is_ascension_mode":true,"campfire_choices":[{"data":"Zap","floor":6.0,"key":"SMITH"},{"data":"Defragment","floor":8.0,"key":"SMITH"},{"data":"White Noise","floor":15.0,"key":"SMITH"},{"data":"Self Repair","floor":23.0,"key":"SMITH"},{"data":"Dualcast","floor":25.0,"key":"SMITH"},{"data":"Lockon","floor":32.0,"key":"SMITH"},{"data":"Defragment","floor":40.0,"key":"SMITH"},{"data":"Consume","floor":42.0,"key":"SMITH"},{"data":"Coolheaded","floor":44.0,"key":"SMITH"},{"floor":49.0,"key":"RECALL"},{"data":"Echo Form","floor":53.0,"key":"SMITH"}],"neow_cost":"NONE","seed_source_timestamp":131543909890200,"circlet_count":0,"master_deck":["AscendersBane","Defend_B","Zap+1","Dualcast+1","Self Repair+1","Lockon+1","Defragment+1","White Noise+1","Cold Snap","Echo Form+1","Chill","Glacier","Coolheaded+1","Cold Snap","Electrodynamics","Consume+1","Defragment+1","Capacitor+1","Chill","Blizzard+1"],"special_seed":0,"relics":["Cracked Core","NeowsBlessing","Mercury Hourglass","Art of War","Smiling Mask","Odd Mushroom","Lantern","Nuclear Battery","DataDisk","Coffee Dripper","Anchor","Pantograph"],"potions_floor_usage":[56,56],"damage_taken":[{"damage":0.0,"enemies":"Jaw Worm","floor":1.0,"turns":1.0},{"damage":0.0,"enemies":"2 Louse","floor":5.0,"turns":1.0},{"damage":0.0,"enemies":"Lagavulin","floor":7.0,"turns":1.0},{"damage":3.0,"enemies":"Small Slimes","floor":10.0,"turns":3.0},{"damage":37.0,"enemies":"Gremlin Nob","floor":11.0,"turns":4.0},{"damage":16.0,"enemies":"Blue Slaver","floor":12.0,"turns":3.0},{"damage":17.0,"enemies":"The Mushroom Lair","floor":13.0,"turns":3.0},{"damage":8.0,"enemies":"Hexaghost","floor":16.0,"turns":7.0},{"damage":17.0,"enemies":"3 Byrds","floor":18.0,"turns":3.0},{"damage":11.0,"enemies":"Spheric Guardian","floor":21.0,"turns":5.0},{"damage":2.0,"enemies":"Cultist and Chosen","floor":27.0,"turns":9.0},{"damage":29.0,"enemies":"Book of Stabbing","floor":28.0,"turns":7.0},{"damage":25.0,"enemies":"Shelled Parasite and Fungi","floor":29.0,"turns":7.0},{"damage":10.0,"enemies":"Centurion and Healer","floor":30.0,"turns":12.0},{"damage":0.0,"enemies":"Snake Plant","floor":31.0,"turns":5.0},{"damage":24.0,"enemies":"Automaton","floor":33.0,"turns":13.0},{"damage":18.0,"enemies":"3 Darklings","floor":35.0,"turns":5.0},{"damage":7.0,"enemies":"Orb Walker","floor":37.0,"turns":4.0},{"damage":17.0,"enemies":"Transient","floor":41.0,"turns":6.0},{"damage":0.0,"enemies":"Maw","floor":47.0,"turns":7.0},{"damage":36.0,"enemies":"Awakened One","floor":50.0,"turns":20.0},{"damage":14.0,"enemies":"Time Eater","floor":51.0,"turns":23.0},{"damage":41.0,"enemies":"Shield and Spear","floor":55.0,"turns":12.0},{"damage":56,"enemies":"The Heart","floor":56,"turns":14}],"seed_played":"-8790796231268044765","potions_obtained":[{"floor":1.0,"key":"SteroidPotion"},{"floor":5.0,"key":"SkillPotion"},{"floor":11.0,"key":"PowerPotion"},{"floor":18.0,"key":"Dexterity Potion"},{"floor":27.0,"key":"Poison Potion"},{"floor":31.0,"key":"EssenceOfSteel"},{"floor":41.0,"key":"Dexterity Potion"}],"is_trial":false,"path_per_floor":["M","?","?","?","M","R","E","R","T","M","E","M","?","?","R","B",null,"M","$","?","M","$","R","?","R","T","M","E","M","M","M","R","B",null,"M","?","M","$","?","R","M","R","T","R","?","$","M","$","R","B","B",null,"R","$","E","B",null],"character_chosen":"DEFECT","items_purchased":["Chill","Defragment","FocusPotion","Chill"],"campfire_rested":0,"item_purchase_floors":[19,38,46,46],"current_hp_per_floor":[64,64,53,70,70,70,71,71,71,71,41,32,22,22,22,21,59,42,42,42,38,38,38,38,38,38,56,47,42,52,71,71,67,70,52,52,55,55,55,55,48,48,48,48,48,48,68,68,68,52,58,68,68,68,37,16],"gold":42,"neow_bonus":"THREE_ENEMY_KILL","is_prod":false,"is_daily":false,"chose_seed":false,"campfire_upgraded":10,"win_rate":0,"timestamp":1552921311,"path_taken":["M","?","?","?","M","R","E","R","T","M","E","M","?","?","R","BOSS","M","$","?","M","$","R","?","R","T","M","E","M","?","M","R","BOSS","M","?","?","$","?","R","M","R","T","R","?","$","M","$","R","BOSS","BOSS","R","$","E","BOSS"],"build_version":"2019-01-23","purchased_purges":6,"victory":true,"max_hp_per_floor":[71,71,71,71,71,71,71,71,71,71,71,71,71,71,71,71,71,71,71,71,71,71,71,71,71,71,71,71,71,71,71,71,71,71,71,71,71,71,71,71,71,71,71,71,71,71,71,71,71,71,71,71,71,71,71,71],"card_choices":[{"not_picked":["Compile Driver","Sweeping Beam"],"picked":"Self Repair","floor":1.0},{"not_picked":["Gash","Steam Power","Undo"],"picked":"SKIP","floor":5.0},{"not_picked":["Turbo","Reinforced Body"],"picked":"Defragment","floor":7.0},{"not_picked":["Gash","Redo","FTL"],"picked":"SKIP","floor":10.0},{"not_picked":["Compile Driver","Thunder Strike"],"picked":"White Noise","floor":11.0},{"not_picked":["Ball Lightning","Compile Driver","Sweeping Beam"],"picked":"SKIP","floor":12.0},{"not_picked":["Turbo","Scrape"],"picked":"Cold Snap","floor":13.0},{"not_picked":["Hyperbeam","Multi-Cast"],"picked":"Echo Form","floor":16.0},{"not_picked":["Streamline","Hologram"],"picked":"Turbo+1","floor":18.0},{"not_picked":["Leap","Steam","Static Discharge"],"picked":"SKIP","floor":21.0},{"not_picked":["Stack","Steam"],"picked":"Coolheaded","floor":27.0},{"not_picked":["Barrage","Heatsinks","Gash"],"picked":"SKIP","floor":28.0},{"not_picked":["Leap+1","Beam Cell"],"picked":"Cold Snap","floor":29.0},{"not_picked":["Hyperbeam","Barrage","Sweeping Beam"],"picked":"SKIP","floor":30.0},{"not_picked":["Hyperbeam","Barrage","Sweeping Beam"],"picked":"SKIP","floor":30.0},{"not_picked":["Coolheaded+1","Fusion"],"picked":"Hello World","floor":31.0},{"not_picked":["Machine Learning","Reboot"],"picked":"Electrodynamics","floor":33.0},{"not_picked":["Redo","Hologram","BootSequence"],"picked":"SKIP","floor":35.0},{"not_picked":["Steam Power","Skim+1"],"picked":"Consume","floor":37.0},{"not_picked":["Stack+1","BootSequence"],"picked":"Capacitor+1","floor":41.0},{"not_picked":["Rip and Tear","Force Field","Turbo"],"picked":"SKIP","floor":47.0},{"not_picked":["Steam Power","Turbo"],"picked":"Blizzard+1","floor":55.0}],"player_experience":2365367,"relics_obtained":[{"floor":7.0,"key":"Mercury Hourglass"},{"floor":9.0,"key":"Art of War"},{"floor":11.0,"key":"Smiling Mask"},{"floor":13.0,"key":"Odd Mushroom"},{"floor":28.0,"key":"DataDisk"},{"floor":43.0,"key":"Anchor"},{"floor":55.0,"key":"Pantograph"}],"event_choices":[{"damage_healed":0.0,"max_hp_gain":0.0,"max_hp_loss":0.0,"gold_gain":0.0,"cards_transformed":["Defend_B"],"event_name":"Living Wall","player_choice":"Change","floor":2.0,"gold_loss":0.0,"damage_taken":0.0,"cards_obtained":["Lockon"]},{"damage_healed":0.0,"max_hp_gain":0.0,"max_hp_loss":0.0,"gold_gain":75.0,"event_name":"World of Goop","player_choice":"Gather Gold","floor":3.0,"gold_loss":0.0,"damage_taken":11.0},{"damage_healed":17.0,"max_hp_gain":0.0,"max_hp_loss":0.0,"gold_gain":0.0,"event_name":"The Cleric","player_choice":"Healed","floor":4.0,"gold_loss":35.0,"damage_taken":0.0},{"damage_healed":0.0,"max_hp_gain":0.0,"max_hp_loss":0.0,"gold_gain":0.0,"event_name":"Mushrooms","player_choice":"Fought Mushrooms","floor":13.0,"gold_loss":0.0,"damage_taken":0.0},{"damage_healed":0.0,"max_hp_gain":0.0,"max_hp_loss":0.0,"gold_gain":0.0,"event_name":"Dead Adventurer","player_choice":"Searched \u00271\u0027 times","floor":14.0,"gold_loss":0.0,"damage_taken":0.0,"relics_obtained":["Lantern"]},{"damage_healed":0.0,"max_hp_gain":0.0,"max_hp_loss":0.0,"gold_gain":0.0,"event_name":"The Library","player_choice":"Read","floor":20.0,"gold_loss":0.0,"damage_taken":0.0,"cards_obtained":["Glacier"]},{"damage_healed":0.0,"max_hp_gain":0.0,"max_hp_loss":0.0,"gold_gain":0.0,"event_name":"Vampires","player_choice":"Ignored","floor":24.0,"gold_loss":0.0,"damage_taken":0.0},{"cards_removed":["Strike_B"],"damage_healed":0.0,"max_hp_gain":0.0,"max_hp_loss":0.0,"gold_gain":0.0,"event_name":"Designer","player_choice":"Single Remove","floor":36.0,"gold_loss":75.0,"damage_taken":0.0},{"damage_healed":0.0,"max_hp_gain":0.0,"max_hp_loss":0.0,"gold_gain":0.0,"event_name":"Mysterious Sphere","player_choice":"Ignored","floor":39.0,"gold_loss":0.0,"damage_taken":0.0},{"cards_removed":["Strike_B"],"damage_healed":0.0,"max_hp_gain":0.0,"max_hp_loss":0.0,"gold_gain":0.0,"event_name":"Purifier","player_choice":"Purged","floor":45.0,"gold_loss":0.0,"damage_taken":0.0}],"is_beta":false,"boss_relics":[{"not_picked":["Eternal Feather","Empty Cage"],"picked":"Nuclear Battery"},{"not_picked":["FrozenCore","Pandora\u0027s Box"],"picked":"Coffee Dripper"}],"items_purged_floors":[19,22,38,46,48,54],"is_endless":false,"potions_floor_spawned":[1,5,11,18,27,28,31,37,41],"ascension_level":20}