{"gold_per_floor":[113,129,129,145,295,295,313,313,313,340,1,60,70,20,20,92,92,107,107,14,14,30,30,41,41,66,66,78,91,110,129,129,205,205,220,3,19,19],"floor_reached":38,"playtime":5334,"items_purged":["Doubt"],"score":718,"play_id":"5186a726-0a27-4dfc-8c9b-52ced57f3e0b","local_time":"20190314183713","is_ascension_mode":true,"campfire_choices":[{"floor":6,"key":"REST"},{"floor":8,"key":"REST"},{"floor":15,"key":"REST"},{"floor":23,"key":"REST"},{"floor":25,"key":"REST"},{"floor":27,"key":"REST"},{"floor":32,"key":"REST"}],"neow_cost":"NONE","seed_source_timestamp":11429035782034,"circlet_count":0,"master_deck":["AscendersBane","Strike_B","Strike_B","Strike_B","Strike_B","Defend_B","Defend_B","Defend_B","Defend_B","Zap","Dualcast","Cold Snap","Ball Lightning","Redo","Rainbow","Ball Lightning","Steam","Redo","Rainbow","Double Energy","White Noise","Cold Snap","Steam","Ball Lightning","Cold Snap","Loop","Sweeping Beam+1","White Noise","Seek","Fusion","Defragment","Chill","Hello World"],"relics":["Cracked Core","Cables","Shuriken","Dead Branch","OrangePellets","Thread and Needle","Black Star","Orichalcum","Inserter"],"potions_floor_usage":[10,12,16,18,24,31,35,38,38],"damage_taken":[{"damage":0,"enemies":"Cultist","floor":1,"turns":3},{"damage":12,"enemies":"Jaw Worm","floor":2,"turns":4},{"damage":0,"enemies":"Small Slimes","floor":4,"turns":2},{"damage":10,"enemies":"3 Louse","floor":7,"turns":3},{"damage":21,"enemies":"3 Sentries","floor":10,"turns":7},{"damage":1,"enemies":"Gremlin Nob","floor":12,"turns":3},{"damage":2,"enemies":"Gremlin Gang","floor":13,"turns":4},{"damage":65,"enemies":"Hexaghost","floor":16,"turns":10},{"damage":31,"enemies":"2 Thieves","floor":18,"turns":4},{"damage":0,"enemies":"Chosen","floor":22,"turns":4},{"damage":27,"enemies":"Centurion and Healer","floor":24,"turns":6},{"damage":14,"enemies":"Cultist and Chosen","floor":28,"turns":5},{"damage":7,"enemies":"3 Cultists","floor":29,"turns":5},{"damage":3,"enemies":"Snecko","floor":30,"turns":5},{"damage":13,"enemies":"Centurion and Healer","floor":31,"turns":7},{"damage":28,"enemies":"Champ","floor":33,"turns":13},{"damage":50,"enemies":"3 Darklings","floor":35,"turns":8},{"damage":0,"enemies":"Orb Walker","floor":37,"turns":4},{"damage":17,"enemies":"Transient","floor":38,"turns":5}],"seed_played":"-1468528822075061083","potions_obtained":[{"floor":2,"key":"Strength Potion"},{"floor":13,"key":"SkillPotion"},{"floor":16,"key":"Poison Potion"},{"floor":18,"key":"SpeedPotion"},{"floor":30,"key":"SpeedPotion"},{"floor":31,"key":"SneckoOil"},{"floor":35,"key":"Poison Potion"},{"floor":37,"key":"PowerPotion"}],"is_trial":false,"path_per_floor":["M","M","?","M","?","R","M","R","T","E","$","?","M","$","R","B",null,"M","?","$","?","M","R","M","R","T","R","M","M","M","M","R","B",null,"M","$","M","M"],"character_chosen":"DEFECT","items_purchased":["OrangePellets","PowerPotion","Redo","White Noise","Cold Snap","Defragment","Chill","Dexterity Potion"],"campfire_rested":7,"item_purchase_floors":[11,11,14,20,20,36,36,36],"current_hp_per_floor":[64,52,52,52,52,71,61,71,71,50,50,49,47,47,68,3,54,23,23,23,23,23,44,17,38,38,59,45,38,35,22,43,15,57,7,7,7,0],"gold":19,"neow_bonus":"ONE_RANDOM_RARE_CARD","is_prod":false,"is_daily":false,"chose_seed":false,"campfire_upgraded":0,"win_rate":0,"timestamp":1552581433,"path_taken":["M","M","?","?","?","R","M","R","T","E","$","?","M","?","R","BOSS","M","?","$","?","?","R","?","R","T","R","M","M","M","M","R","BOSS","M","$","M","M"],"build_version":"2019-01-23","purchased_purges":1,"victory":false,"max_hp_per_floor":[71,71,71,71,71,71,71,71,71,71,71,71,71,71,71,71,71,71,71,71,71,71,71,71,71,71,71,71,71,71,71,71,71,71,71,71,71,71],"card_choices":[{"not_picked":["Steam","Stack"],"picked":"Cold Snap","floor":1},{"not_picked":["Fission","Consume"],"picked":"Ball Lightning","floor":2},{"not_picked":["Genetic Algorithm","Go for the Eyes","Reinforced Body"],"picked":"SKIP","floor":4},{"not_picked":["Coolheaded","Compile Driver"],"picked":"Redo","floor":7},{"not_picked":["Rip and Tear","Blizzard"],"picked":"Rainbow","floor":10},{"not_picked":["Fusion","Leap"],"picked":"Ball Lightning","floor":12},{"not_picked":["Leap","Barrage"],"picked":"Steam","floor":13},{"not_picked":["Hyperbeam","Machine Learning"],"picked":"Rainbow","floor":16},{"not_picked":["Go for the Eyes","Stack"],"picked":"Double Energy","floor":18},{"not_picked":["Coolheaded","Fusion"],"picked":"Steam","floor":22},{"not_picked":["Genetic Algorithm","Leap"],"picked":"Ball Lightning","floor":24},{"not_picked":["Reprogram","Compile Driver"],"picked":"Cold Snap","floor":28},{"not_picked":["Streamline","Genetic Algorithm+1"],"picked":"Loop","floor":29},{"not_picked":["Rebound","Streamline"],"picked":"Sweeping Beam+1","floor":30},{"not_picked":["Skim+1","Turbo"],"picked":"White Noise","floor":31},{"not_picked":["All For One","Machine Learning"],"picked":"Seek","floor":33},{"not_picked":["Aggregate+1","Scrape+1"],"picked":"Fusion","floor":35},{"not_picked":["Consume","Sweeping Beam+1"],"picked":"Hello World","floor":37}],"player_experience":1097585,"relics_obtained":[{"floor":9,"key":"Shuriken"},{"floor":10,"key":"Dead Branch"},{"floor":12,"key":"Thread and Needle"},{"floor":26,"key":"Orichalcum"}],"event_choices":[{"cards_removed":["Meteor Strike"],"damage_healed":0,"gold_gain":0,"player_choice":"Gave Card","damage_taken":0,"relics_obtained":["Cables"],"max_hp_gain":0,"max_hp_loss":0,"event_name":"WeMeetAgain","floor":3,"gold_loss":0},{"damage_healed":0,"gold_gain":150,"player_choice":"AGREE","damage_taken":0,"max_hp_gain":0,"max_hp_loss":0,"event_name":"Liars Game","floor":5,"gold_loss":0,"cards_obtained":["Doubt"]},{"damage_healed":0,"gold_gain":0,"player_choice":"Searched \u00271\u0027 times","damage_taken":0,"max_hp_gain":0,"max_hp_loss":0,"event_name":"Dead Adventurer","floor":12,"gold_loss":0},{"damage_healed":0,"gold_gain":0,"player_choice":"Ignored","damage_taken":0,"max_hp_gain":0,"max_hp_loss":0,"event_name":"Beggar","floor":19,"gold_loss":0},{"damage_healed":0,"gold_gain":0,"player_choice":"Ignored","damage_taken":0,"max_hp_gain":0,"max_hp_loss":0,"event_name":"Purifier","floor":21,"gold_loss":0}],"is_beta":false,"boss_relics":[{"not_picked":["Empty Cage","Astrolabe"],"picked":"Black Star"},{"not_picked":["Snecko Eye","Calling Bell"],"picked":"Inserter"}],"items_purged_floors":[11],"is_endless":false,"potions_floor_spawned":[2,13,16,18,30,31,35,37],"killed_by":"Transient","ascension_level":18}