{"gold_per_floor":[366,331,348,348,59,59,71,71,71,104,104,139,158,170,170,246,246,257,257,84,54,65,65,65,94,94,119,131,156,168,213,225,311,323,350,376,403,172,191,191,191,191,240,257,167,184,184,54,54,54],"floor_reached":51,"playtime":1482,"items_purged":["Bite","Shame"],"score":1245,"play_id":"a1dc0580-3429-4220-aa43-a16c8c58b6b8","local_time":"20190216182238","is_ascension_mode":true,"campfire_choices":[{"data":"Defragment","floor":6,"key":"SMITH"},{"data":"Zap","floor":8,"key":"SMITH"},{"data":"Capacitor","floor":15,"key":"SMITH"},{"data":"Biased Cognition","floor":23,"key":"SMITH"},{"data":"Blizzard","floor":28,"key":"SMITH"},{"data":"Seek","floor":30,"key":"SMITH"},{"data":"Consume","floor":32,"key":"SMITH"},{"data":"Consume","floor":40,"key":"SMITH"},{"data":"Capacitor","floor":47,"key":"SMITH"},{"floor":49,"key":"REST"}],"neow_cost":"PERCENT_DAMAGE","seed_source_timestamp":202341172081800,"circlet_count":0,"master_deck":["AscendersBane","Defend_B","Defend_B","Defend_B","Defend_B","Zap+1","Dualcast+1","Ball Lightning","Coolheaded","Defragment+1","Capacitor+1","Seek+1","Cold Snap","Biased Cognition+1","Bite","Bite","Bite","Bite","Leap","Blizzard+1","Coolheaded+1","Chill","Consume+1","Reboot","Coolheaded","Capacitor+1","Electrodynamics","Consume+1","Panacea","Bandage Up","Glacier+1"],"relics":["FrozenCore","ClockworkSouvenir","Dodecahedron","Darkstone Periapt","Ginger","Cursed Key","Strawberry","Bronze Scales","MawBank","Mango","DataDisk"],"potions_floor_usage":[10,10,16,25,27,27,31,46,50],"damage_taken":[{"damage":0,"enemies":"2 Louse","floor":1,"turns":1},{"damage":2,"enemies":"Jaw Worm","floor":3,"turns":3},{"damage":2,"enemies":"Cultist","floor":7,"turns":3},{"damage":14,"enemies":"3 Sentries","floor":10,"turns":5},{"damage":24,"enemies":"Gremlin Nob","floor":12,"turns":4},{"damage":8,"enemies":"Blue Slaver","floor":13,"turns":3},{"damage":8,"enemies":"3 Louse","floor":14,"turns":4},{"damage":25,"enemies":"Slime Boss","floor":16,"turns":10},{"damage":2,"enemies":"Chosen","floor":18,"turns":4},{"damage":5,"enemies":"Spheric Guardian","floor":22,"turns":4},{"damage":7,"enemies":"Book of Stabbing","floor":25,"turns":6},{"damage":43,"enemies":"Slavers","floor":27,"turns":6},{"damage":9,"enemies":"Chosen and Byrds","floor":29,"turns":4},{"damage":0,"enemies":"Gremlin Leader","floor":31,"turns":7},{"damage":2,"enemies":"Collector","floor":33,"turns":9},{"damage":0,"enemies":"Orb Walker","floor":35,"turns":5},{"damage":0,"enemies":"3 Shapes","floor":36,"turns":4},{"damage":12,"enemies":"Transient","floor":37,"turns":5},{"damage":13,"enemies":"Sphere and 2 Shapes","floor":39,"turns":6},{"damage":0,"enemies":"3 Darklings","floor":44,"turns":2},{"damage":36,"enemies":"4 Shapes","floor":46,"turns":4},{"damage":11,"enemies":"Donu and Deca","floor":50,"turns":7}],"seed_played":"2740200730648296989","potions_obtained":[{"floor":1,"key":"Regen Potion"},{"floor":10,"key":"Regen Potion"},{"floor":21,"key":"Weak Potion"},{"floor":25,"key":"Dexterity Potion"},{"floor":27,"key":"Fire Potion"},{"floor":29,"key":"FairyPotion"},{"floor":33,"key":"Block Potion"},{"floor":46,"key":"FairyPotion"}],"is_trial":false,"path_per_floor":["M","?","M","?","$","R","M","R","T","E","?","E","M","M","R","B",null,"M","?","$","?","M","R","?","E","T","E","R","M","R","E","R","B",null,"M","M","M","$","M","R","?","?","T","M","?","M","R","$","R","B",null],"character_chosen":"DEFECT","items_purchased":["ClockworkSouvenir","Defragment","Explosive Potion","Block Potion","FearPotion","Electrodynamics","Regen Potion","AttackPotion"],"campfire_rested":1,"item_purchase_floors":[5,5,5,20,20,38,48,48],"current_hp_per_floor":[46,63,61,61,61,61,59,59,59,59,59,35,27,19,19,9,56,54,49,49,49,46,46,46,56,62,27,27,28,28,60,60,76,76,76,76,74,74,76,76,76,66,72,74,74,50,50,50,74,82],"gold":54,"neow_bonus":"TWO_FIFTY_GOLD","is_prod":false,"is_daily":false,"chose_seed":false,"campfire_upgraded":9,"win_rate":0,"timestamp":1550308958,"path_taken":["M","?","M","?","?","R","?","R","T","E","?","E","M","M","R","BOSS","M","?","$","?","?","R","?","E","T","E","R","M","R","E","R","BOSS","M","?","M","$","M","R","?","?","T","M","?","?","R","$","R","BOSS"],"build_version":"2019-01-23","purchased_purges":2,"victory":true,"max_hp_per_floor":[71,71,71,71,71,71,71,71,71,71,71,71,71,71,71,71,71,71,49,49,49,49,49,49,56,62,62,62,62,62,76,76,76,76,76,76,76,76,76,76,76,76,82,82,82,82,82,82,82,82],"card_choices":[{"not_picked":["Go for the Eyes","Rebound"],"picked":"Ball Lightning","floor":1},{"not_picked":["Go for the Eyes","Steam"],"picked":"Coolheaded","floor":3},{"not_picked":["Buffer","Barrage"],"picked":"Capacitor","floor":7},{"not_picked":["Leap","Genetic Algorithm"],"picked":"Seek","floor":10},{"not_picked":["Skim","Rebound","Leap"],"picked":"SKIP","floor":12},{"not_picked":["Ball Lightning","Rebound"],"picked":"Cold Snap","floor":13},{"not_picked":["Recycle","Conserve Battery","Leap"],"picked":"SKIP","floor":14},{"not_picked":["Core Surge","Meteor Strike"],"picked":"Biased Cognition","floor":16},{"not_picked":["Turbo","Redo","Force Field"],"picked":"SKIP","floor":18},{"not_picked":["Force Field","Ball Lightning"],"picked":"Leap","floor":22},{"not_picked":["Lockon","Rip and Tear"],"picked":"Blizzard","floor":25},{"not_picked":["Amplify","Undo"],"picked":"Coolheaded+1","floor":27},{"not_picked":["Redo","Tempest"],"picked":"Chill","floor":29},{"not_picked":["Compile Driver","Steam"],"picked":"Consume","floor":31},{"not_picked":["Meteor Strike","All For One"],"picked":"Reboot","floor":33},{"not_picked":["Doom and Gloom","Gash"],"picked":"Cold Snap","floor":35},{"not_picked":["Compile Driver","Steam"],"picked":"Coolheaded","floor":36},{"not_picked":["White Noise","Streamline"],"picked":"Capacitor","floor":37},{"not_picked":["Force Field","Rebound"],"picked":"Consume","floor":39},{"not_picked":["Transmutation","Trip"],"picked":"Panacea","floor":42},{"not_picked":["Forethought","Purity"],"picked":"Bandage Up","floor":42},{"not_picked":["Redo","White Noise"],"picked":"Glacier+1","floor":44},{"not_picked":["Turbo","Heatsinks","Stack+1"],"picked":"SKIP","floor":46}],"player_experience":89064,"relics_obtained":[{"floor":9,"key":"Dodecahedron"},{"floor":10,"key":"Darkstone Periapt"},{"floor":12,"key":"Ginger"},{"floor":25,"key":"Strawberry"},{"floor":26,"key":"Bronze Scales"},{"floor":27,"key":"MawBank"},{"floor":31,"key":"Mango"},{"floor":43,"key":"DataDisk"}],"event_choices":[{"damage_healed":17,"gold_gain":0,"player_choice":"Healed","damage_taken":0,"max_hp_gain":0,"max_hp_loss":0,"event_name":"The Cleric","floor":2,"gold_loss":35},{"damage_healed":0,"gold_gain":0,"player_choice":"Ignored","damage_taken":0,"max_hp_gain":0,"max_hp_loss":0,"event_name":"Liars Game","floor":4,"gold_loss":0},{"cards_removed":["Strike_B"],"damage_healed":0,"gold_gain":0,"player_choice":"Forget","damage_taken":0,"max_hp_gain":0,"max_hp_loss":0,"event_name":"Living Wall","floor":11,"gold_loss":0},{"damage_healed":0,"gold_gain":0,"player_choice":"Became a vampire","damage_taken":0,"max_hp_gain":0,"max_hp_loss":22,"event_name":"Vampires","floor":19,"gold_loss":0,"cards_obtained":["Bite","Bite","Bite","Bite","Bite"]},{"damage_healed":0,"gold_gain":0,"player_choice":"Bought 2 Potions","damage_taken":0,"max_hp_gain":0,"max_hp_loss":0,"event_name":"The Woman in Blue","floor":21,"gold_loss":0},{"damage_healed":0,"gold_gain":0,"player_choice":"Ignored","damage_taken":0,"max_hp_gain":0,"max_hp_loss":0,"event_name":"N\u0027loth","floor":24,"gold_loss":0},{"cards_removed":["Cold Snap"],"damage_healed":0,"gold_gain":0,"player_choice":"Removed Attack","damage_taken":0,"max_hp_gain":0,"max_hp_loss":0,"event_name":"Falling","floor":41,"gold_loss":0},{"damage_healed":0,"gold_gain":0,"player_choice":"Memory 3","damage_taken":10,"max_hp_gain":0,"max_hp_loss":0,"event_name":"SensoryStone","floor":42,"gold_loss":0},{"cards_removed":["Regret"],"damage_healed":0,"gold_gain":0,"player_choice":"Upgrade and Remove","damage_taken":0,"max_hp_gain":0,"max_hp_loss":0,"event_name":"Designer","floor":45,"gold_loss":90,"cards_upgraded":["Dualcast"]}],"is_beta":false,"boss_relics":[{"not_picked":["Black Star","Fusion Hammer"],"picked":"Cursed Key"},{"not_picked":["Lizard Tail","Runic Dome"],"picked":"FrozenCore"}],"items_purged_floors":[20,38],"is_endless":false,"potions_floor_spawned":[1,7,10,25,27,29,33,39,44,46],"ascension_level":14}