{"gold_per_floor":[116,81,96,96,96,123,123,141,141,141,10,10,24,34,34,111,111,127,137,26,37,37,37,37,37,37,50,50,96,96],"floor_reached":30,"playtime":1486,"items_purged":[],"score":458,"play_id":"e7788e72-b695-411e-adb2-fab1fcbe8b6a","local_time":"20190402203144","is_ascension_mode":true,"campfire_choices":[{"floor":7.0,"key":"REST"},{"floor":10.0,"key":"REST"},{"floor":12.0,"key":"REST"},{"data":"Storm","floor":15.0,"key":"SMITH"},{"floor":23.0,"key":"REST"},{"floor":24.0,"key":"REST"},{"floor":28.0,"key":"REST"}],"neow_cost":"NONE","seed_source_timestamp":1659985317183232,"circlet_count":0,"master_deck":["AscendersBane","Strike_B","Strike_B","Strike_B","Strike_B","Defend_B","Defend_B","Defend_B","Defend_B","Zap","Dualcast","White Noise+1","Cold Snap","Auto Shields","Storm+1","White Noise","White Noise","Echo Form","Ball Lightning+1","Cold Snap","Cold Snap","Writhe","White Noise"],"special_seed":0,"relics":["Cracked Core","Ornamental Fan","Symbiotic Virus","WingedGreaves","The Courier","Frozen Egg 2","Art of War"],"potions_floor_usage":[],"damage_taken":[{"damage":6.0,"enemies":"Cultist","floor":1.0,"turns":4.0},{"damage":4.0,"enemies":"Jaw Worm","floor":3.0,"turns":3.0},{"damage":55.0,"enemies":"3 Sentries","floor":6.0,"turns":10.0},{"damage":3.0,"enemies":"Small Slimes","floor":8.0,"turns":3.0},{"damage":0.0,"enemies":"Exordium Wildlife","floor":13.0,"turns":1.0},{"damage":9.0,"enemies":"Lots of Slimes","floor":14.0,"turns":3.0},{"damage":9.0,"enemies":"Slime Boss","floor":16.0,"turns":7.0},{"damage":22.0,"enemies":"3 Byrds","floor":18.0,"turns":5.0},{"damage":8.0,"enemies":"Chosen","floor":19.0,"turns":5.0},{"damage":20.0,"enemies":"Sentry and Sphere","floor":21.0,"turns":4.0},{"damage":18.0,"enemies":"Colosseum Slavers","floor":25.0,"turns":6.0},{"damage":27.0,"enemies":"Centurion and Healer","floor":27.0,"turns":4.0},{"damage":48,"enemies":"Gremlin Leader","floor":30,"turns":4}],"seed_played":"7456975235442062836","potions_obtained":[{"floor":3.0,"key":"FearPotion"},{"floor":13.0,"key":"Dexterity Potion"},{"floor":21.0,"key":"Strength Potion"}],"is_trial":false,"path_per_floor":["M","?","M","?","?","E","R","M","T","R","$","R","M","M","R","B",null,"M","M","$","M","?","R","R","?","T","M","R","T","E"],"character_chosen":"DEFECT","items_purchased":["Storm","AttackPotion","PowerPotion","Cold Snap"],"campfire_rested":6,"item_purchase_floors":[11,11,20,20],"current_hp_per_floor":[65,78,74,69,69,14,37,34,34,57,57,78,78,69,69,60,74,52,44,44,24,24,47,70,52,52,25,48,48,0],"gold":96,"neow_bonus":"TEN_PERCENT_HP_BONUS","is_prod":false,"is_daily":false,"chose_seed":false,"campfire_upgraded":1,"win_rate":0,"timestamp":1554226304,"path_taken":["M","?","M","?","?","E","R","M","T","R","$","R","?","M","R","BOSS","M","?","$","?","?","R","R","?","T","M","R","?","E"],"build_version":"2019-01-23","purchased_purges":0,"victory":false,"max_hp_per_floor":[78,78,78,78,78,78,78,78,78,78,78,78,78,78,78,78,78,78,78,78,78,78,78,78,78,78,78,78,78,78],"card_choices":[{"not_picked":["Sweeping Beam","Go for the Eyes","Turbo"],"picked":"SKIP","floor":1.0},{"not_picked":["Ball Lightning","Barrage"],"picked":"White Noise","floor":3.0},{"not_picked":["Coolheaded","Tempest"],"picked":"Cold Snap","floor":6.0},{"not_picked":["Stack","Turbo"],"picked":"Auto Shields","floor":8.0},{"not_picked":["Leap","Ball Lightning"],"picked":"White Noise","floor":13.0},{"not_picked":["Recycle","FTL"],"picked":"White Noise","floor":14.0},{"not_picked":["Multi-Cast","Amplify"],"picked":"Echo Form","floor":16.0},{"not_picked":["Gash","Beam Cell","Go for the Eyes"],"picked":"SKIP","floor":18.0},{"not_picked":["Scrape","Glacier"],"picked":"Ball Lightning+1","floor":19.0},{"not_picked":["Streamline","Tempest"],"picked":"Cold Snap","floor":21.0},{"not_picked":["Ball Lightning","Blizzard"],"picked":"White Noise","floor":27.0}],"player_experience":1153942,"relics_obtained":[{"floor":6.0,"key":"Symbiotic Virus"},{"floor":9.0,"key":"WingedGreaves"},{"floor":26.0,"key":"Frozen Egg 2"},{"floor":29.0,"key":"Art of War"}],"event_choices":[{"damage_healed":19.0,"max_hp_gain":0.0,"max_hp_loss":0.0,"gold_gain":0.0,"event_name":"The Cleric","player_choice":"Healed","floor":2.0,"gold_loss":35.0,"damage_taken":0.0},{"damage_healed":0.0,"max_hp_gain":0.0,"max_hp_loss":0.0,"gold_gain":0.0,"event_name":"Scrap Ooze","player_choice":"Success","floor":4.0,"gold_loss":0.0,"damage_taken":5.0,"relics_obtained":["Ornamental Fan"]},{"damage_healed":0.0,"max_hp_gain":0.0,"max_hp_loss":0.0,"gold_gain":0.0,"event_name":"Living Wall","player_choice":"Grow","floor":5.0,"gold_loss":0.0,"damage_taken":0.0,"cards_upgraded":["White Noise"]},{"damage_healed":0.0,"max_hp_gain":0.0,"max_hp_loss":0.0,"gold_gain":0.0,"event_name":"The Mausoleum","player_choice":"Opened","floor":22.0,"gold_loss":0.0,"damage_taken":0.0,"relics_obtained":["The Courier"],"cards_obtained":["Writhe"]},{"damage_healed":0.0,"max_hp_gain":0.0,"max_hp_loss":0.0,"gold_gain":0.0,"event_name":"Colosseum","player_choice":"Fight","floor":25.0,"gold_loss":0.0,"damage_taken":0.0},{"damage_healed":0.0,"max_hp_gain":0.0,"max_hp_loss":0.0,"gold_gain":0.0,"event_name":"Colosseum","player_choice":"Fled From Nobs","floor":25.0,"gold_loss":0.0,"damage_taken":0.0}],"is_beta":false,"boss_relics":[{"not_picked":["Empty Cage","Velvet Choker","Cursed Key"]}],"items_purged_floors":[],"is_endless":false,"potions_floor_spawned":[3,13,21],"killed_by":"Gremlin Leader","ascension_level":18}