{"gold_per_floor":[111,25,25,41,41,71,87,119,119,119,137,63,74,86,86,159,159,176,176,176,193,204,204,254,254,254,272,298,170,170,131,131,131],"floor_reached":33,"playtime":1570,"items_purged":[],"score":570,"play_id":"956df982-2523-4771-89a9-41feeab43515","local_time":"20190326192851","is_ascension_mode":true,"campfire_choices":[{"floor":10.0,"key":"REST"},{"data":"Chaos","floor":15.0,"key":"SMITH"},{"floor":23,"key":"REST"},{"data":"Electrodynamics","floor":25,"key":"SMITH"},{"floor":32,"key":"REST"}],"neow_cost":"NONE","seed_source_timestamp":1054962523200515,"circlet_count":0,"master_deck":["AscendersBane","Strike_B","Strike_B","Strike_B","Strike_B","Defend_B","Defend_B","Defend_B","Zap","Dualcast","Compile Driver","White Noise+1","Doom and Gloom","Self Repair","Glacier","Barrage+1","Cold Snap+1","Chaos+1","Fusion","Electrodynamics+1","Loop+1","Steam+1","Machine Learning","Hello World","Cold Snap+1","Biased Cognition","Self Repair"],"special_seed":0,"relics":["Cracked Core","NeowsBlessing","Regal Pillow","Molten Egg 2","Orichalcum","Matryoshka","Sozu","Boot","Sundial","Question Card"],"potions_floor_usage":[22,27],"damage_taken":[{"damage":0.0,"enemies":"Cultist","floor":1.0,"turns":1.0},{"damage":0.0,"enemies":"Jaw Worm","floor":4.0,"turns":1.0},{"damage":0.0,"enemies":"3 Sentries","floor":6.0,"turns":1.0},{"damage":3.0,"enemies":"2 Louse","floor":7.0,"turns":2.0},{"damage":45.0,"enemies":"Lagavulin","floor":8.0,"turns":6.0},{"damage":16.0,"enemies":"Exordium Thugs","floor":11.0,"turns":4.0},{"damage":5.0,"enemies":"Looter","floor":13.0,"turns":4.0},{"damage":13.0,"enemies":"Lots of Slimes","floor":14.0,"turns":4.0},{"damage":31.0,"enemies":"Slime Boss","floor":16.0,"turns":9.0},{"damage":4,"enemies":"3 Byrds","floor":18,"turns":2},{"damage":33,"enemies":"2 Thieves","floor":21,"turns":3},{"damage":11,"enemies":"Snecko","floor":22,"turns":5},{"damage":3,"enemies":"Centurion and Healer","floor":27,"turns":6},{"damage":20,"enemies":"Gremlin Leader","floor":28,"turns":6},{"damage":76,"enemies":"Collector","floor":33,"turns":9}],"seed_played":"-6068627499492768345","potions_obtained":[{"floor":1.0,"key":"EssenceOfSteel"},{"floor":8.0,"key":"Ancient Potion"},{"floor":14.0,"key":"AttackPotion"},{"floor":16.0,"key":"Fire Potion"}],"is_trial":false,"path_per_floor":["M","$","$","M","?","E","M","E","T","R","M","?","M","M","R","B",null,"M","?","?","M","M","R","?","R","T","M","E","$","?","$","R","B"],"character_chosen":"DEFECT","items_purchased":["White Noise","Hello World","Cold Snap+1","Self Repair"],"campfire_rested":3,"item_purchase_floors":[2,29,29,31],"current_hp_per_floor":[64,64,64,64,64,64,68,30,30,66,57,57,66,60,60,36,62,65,65,65,32,28,64,64,64,64,68,55,55,55,55,71,0],"gold":131,"neow_bonus":"THREE_ENEMY_KILL","is_prod":false,"is_daily":false,"chose_seed":false,"campfire_upgraded":2,"win_rate":0,"timestamp":1553621331,"path_taken":["M","?","$","M","?","E","M","E","T","R","?","?","M","M","R","BOSS","M","?","?","M","?","R","?","R","T","M","E","$","?","$","R","BOSS"],"build_version":"2019-01-23","purchased_purges":0,"victory":false,"max_hp_per_floor":[71,71,71,71,71,71,71,71,71,71,71,71,71,71,71,71,71,71,71,71,71,71,71,71,71,71,71,71,71,71,71,71,71],"card_choices":[{"not_picked":["Double Energy","Skim"],"picked":"Compile Driver","floor":1.0},{"not_picked":["Turbo","Beam Cell"],"picked":"Doom and Gloom","floor":4.0},{"not_picked":["Leap","Turbo"],"picked":"Self Repair","floor":6.0},{"not_picked":["Go for the Eyes","Streamline"],"picked":"Glacier","floor":7.0},{"not_picked":["Scrape","Steam"],"picked":"Barrage","floor":8.0},{"not_picked":["Steam","Undo"],"picked":"Cold Snap+1","floor":11.0},{"not_picked":["Gash+1","Rebound+1"],"picked":"Chaos","floor":13.0},{"not_picked":["Compile Driver+1","Gash+1"],"picked":"Fusion","floor":14.0},{"not_picked":["All For One+1","Thunder Strike+1"],"picked":"Electrodynamics","floor":16.0},{"not_picked":["Genetic Algorithm","Steam"],"picked":"Loop","floor":18},{"not_picked":["Gash+1","Go for the Eyes+1","Compile Driver+1"],"picked":"SKIP","floor":21},{"not_picked":["Double Energy","Rebound+1"],"picked":"Steam+1","floor":22},{"not_picked":["Go for the Eyes+1","Undo","Turbo+1"],"picked":"SKIP","floor":27},{"not_picked":["Go for the Eyes+1","Melter+1"],"picked":"Machine Learning","floor":28}],"player_experience":1133798,"relics_obtained":[{"floor":6.0,"key":"Regal Pillow"},{"floor":8.0,"key":"Molten Egg 2"},{"floor":9.0,"key":"Orichalcum"},{"floor":26,"key":"Boot"},{"floor":26,"key":"Sundial"},{"floor":28,"key":"Question Card"}],"event_choices":[{"damage_healed":0.0,"max_hp_gain":0.0,"max_hp_loss":0.0,"gold_gain":0.0,"event_name":"Accursed Blacksmith","player_choice":"Forge","floor":5.0,"gold_loss":0.0,"damage_taken":0.0,"cards_upgraded":["White Noise"]},{"damage_healed":0.0,"max_hp_gain":0.0,"max_hp_loss":0.0,"gold_gain":0.0,"event_name":"WeMeetAgain","player_choice":"Paid Gold","floor":12.0,"gold_loss":74.0,"damage_taken":0.0,"relics_obtained":["Matryoshka"]},{"damage_healed":0,"gold_gain":0,"player_choice":"Ignored","damage_taken":0,"max_hp_gain":0,"max_hp_loss":0,"event_name":"Beggar","floor":19,"gold_loss":0},{"damage_healed":0,"gold_gain":0,"player_choice":"Upgraded","damage_taken":0,"max_hp_gain":0,"max_hp_loss":0,"event_name":"Upgrade Shrine","floor":20,"gold_loss":0,"cards_upgraded":["Loop"]},{"damage_healed":0,"gold_gain":50,"player_choice":"Stole From Cult","damage_taken":0,"max_hp_gain":0,"max_hp_loss":0,"event_name":"Nest","floor":24,"gold_loss":0},{"damage_healed":0,"gold_gain":0,"cards_transformed":["Defend_B"],"player_choice":"Transformed","damage_taken":0,"max_hp_gain":0,"max_hp_loss":0,"event_name":"Transmorgrifier","floor":30,"gold_loss":0,"cards_obtained":["Biased Cognition"]}],"is_beta":false,"boss_relics":[{"not_picked":["Velvet Choker","Empty Cage"],"picked":"Sozu"}],"items_purged_floors":[],"is_endless":false,"potions_floor_spawned":[1,8,14,16,18,22,27,28],"killed_by":"Collector","ascension_level":18}