{"path_per_floor":["M","M","?","M","$","E","?","?","T","M","M","R","M","M","R","B",null,"M","$","?","$","M","R","E","M","T","R","?","R","$","?","R"],"character_chosen":"THE_SILENT","items_purchased":["Infinite Blades","Singing Bowl","Outmaneuver"],"gold_per_floor":[113,131,131,142,67,95,95,122,195,214,229,229,240,259,259,359,359,372,75,75,25,37,37,72,85,85,85,10,10,10,10,10],"floor_reached":33,"campfire_rested":0,"playtime":3564,"current_hp_per_floor":[67,67,67,59,59,37,37,20,20,20,18,18,18,15,15,17,70,54,54,49,49,45,45,13,14,14,14,14,14,14,14,14],"items_purged":["Regret","Pain","Normality"],"gold":10,"play_id":"f54b3085-c710-4709-b83d-eae29a4ece2b","is_prod":false,"is_daily":false,"is_ascension_mode":false,"campfire_upgraded":4,"path_taken":["M","M","?","M","$","E","?","?","T","M","?","R","?","M","R","BOSS","M","$","?","$","M","R","E","M","T","R","?","R","?","?","R","BOSS"],"build_version":"2018-02-01-PROD3","purchased_purges":3,"victory":false,"master_deck":["Defend_G","Defend_G","Defend_G","Survivor","Neutralize+1","Skewer","Leg Sweep","Deflect","Backstab","Heel Hook","Well Laid Plans","Acrobatics","Footwork+1","Blur","Phantasmal Killer+1","Acrobatics+1","Infinite Blades+1","Outmaneuver+1","Bite","Bite","Bite","Bite","Bite","Backflip"],"max_hp_per_floor":[70,70,70,70,70,70,70,70,70,70,70,70,70,70,70,70,70,70,70,49,49,49,49,51,53,53,50,50,50,50,50,50],"relics":["Lizard Tail","Unceasing Top","Peace Pipe","Odd Mushroom","Paper Crane","Calling Bell","Smiling Mask","Ancient Tea Set","Bronze Scales","Singing Bowl","Juzu Bracelet","Sundial"],"card_choices":[{"not_picked":["Prepared","Quick Slash"],"picked":"Skewer"},{"not_picked":["Acrobatics","PiercingWail"],"picked":"Leg Sweep"},{"not_picked":["Acrobatics","Quick Slash"],"picked":"Deflect"},{"not_picked":["Unload","Poisoned Stab"],"picked":"Backstab"},{"not_picked":["Dodge and Roll","Calculated Gamble"],"picked":"Heel Hook"},{"not_picked":["Dagger Spray","Catalyst"],"picked":"Well Laid Plans"},{"not_picked":["Prepared","Cloak And Dagger"],"picked":"Acrobatics"},{"not_picked":["Dodge and Roll","Deflect"],"picked":"Footwork"},{"not_picked":["Prepared","Underhanded Strike"],"picked":"Blur"},{"not_picked":["Night Terror","Doppelganger"],"picked":"Phantasmal Killer"},{"not_picked":["Underhanded Strike","Skewer"],"picked":"Acrobatics"},{"not_picked":["Heel Hook","Cloak And Dagger"],"picked":"Backflip"}],"player_experience":152157,"potions_floor_usage":[6,16,16,16,25,33],"damage_taken":[{"damage":3,"enemies":"Jaw Worm","floor":1,"turns":5},{"damage":0,"enemies":"Small Slimes","floor":2,"turns":4},{"damage":8,"enemies":"2 Louse","floor":4,"turns":3},{"damage":22,"enemies":"Lagavulin","floor":6,"turns":6},{"damage":17,"enemies":"The Mushroom Lair","floor":8,"turns":9},{"damage":0,"enemies":"Red Slaver","floor":10,"turns":5},{"damage":2,"enemies":"3 Louse","floor":11,"turns":4},{"damage":0,"enemies":"Large Slime","floor":13,"turns":6},{"damage":3,"enemies":"Looter","floor":14,"turns":3},{"damage":13,"enemies":"Slime Boss","floor":16,"turns":22},{"damage":16,"enemies":"3 Byrds","floor":18,"turns":7},{"damage":8,"enemies":"Shell Parasite","floor":22,"turns":6},{"damage":46,"enemies":"Slavers","floor":24,"turns":10},{"damage":46,"enemies":"Cultist and Chosen","floor":25,"turns":10},{"damage":49,"enemies":"Automaton","floor":33,"turns":6}],"event_choices":[{"event_name":"Big Fish","player_choice":"Box","floor":3,"damage_taken":0},{"event_name":"Accursed Blacksmith","player_choice":"Forge","floor":7,"damage_taken":0},{"event_name":"Mushrooms","player_choice":"Fought Mushrooms","floor":8,"damage_taken":0},{"event_name":"Vampires","player_choice":"Became a vampire","floor":20,"damage_taken":0},{"event_name":"Beggar","player_choice":"Gave Gold","floor":28,"damage_taken":0},{"event_name":"Back to Basics","player_choice":"Elegance","floor":31,"damage_taken":0}],"boss_relics":[{"not_picked":["Snecko Eye","Black Star"],"picked":"Calling Bell"}],"potions_floor_spawned":[2,8,10,14,16,24],"seed_played":"5470179216313587720","killed_by":"Automaton","ascension_level":0,"is_trial":false}