{"path_per_floor":["M","?","M","?","M","E","M","E","T","T","E","M","?","M","R","B",null,"M","?","T","$","M","R","M","R","T","R","E","M","M","M","R","B",null,"M","M","M","M","?","R","M","?","T","?","$","R","E","M","R"],"character_chosen":"IRONCLAD","items_purchased":["Spot Weakness","Iron Wave","Secret Weapon","Bag of Marbles","Regen Potion"],"gold_per_floor":[114,114,125,125,140,175,192,253,253,278,305,322,322,339,339,439,439,454,454,454,63,73,73,92,92,117,117,142,156,171,182,182,278,278,298,311,328,343,343,343,362,362,362,362,67,67,96,115,115],"floor_reached":50,"campfire_rested":0,"playtime":5796,"current_hp_per_floor":[72,72,72,72,72,53,61,29,29,29,28,40,33,46,46,41,72,72,72,72,72,49,49,61,61,61,61,58,30,36,56,56,34,76,76,72,62,49,49,49,54,54,54,54,54,54,60,50,50],"items_purged":["Strike_R","Strike_R"],"gold":115,"play_id":"14f3c8cc-d014-464e-b026-9d2613ce42cf","is_prod":false,"is_daily":false,"is_ascension_mode":false,"campfire_upgraded":6,"path_taken":["M","?","M","?","M","E","M","E","T","?","E","?","?","M","R","BOSS","M","?","?","$","M","R","M","R","T","R","E","M","M","M","R","BOSS","M","M","M","M","?","R","M","?","T","?","$","R","E","M","R","BOSS"],"build_version":"2018-01-25-PROD3","purchased_purges":2,"victory":false,"master_deck":["Strike_R","Strike_R","Defend_R","Bash+1","Double Tap+1","Clash","Heavy Blade","Uppercut+1","Warcry+1","Clash+1","Offering+1","Headbutt","Flex+1","Impervious","Dropkick+1","Heavy Blade+1","Headbutt+1","Combust+1","Spot Weakness","Iron Wave+1","Secret Weapon","Uppercut+1","Iron Wave+1","Feed+1","Armaments+1","Headbutt+1","Disarm","Fiend Fire","Cleave","Sever Soul+1","Iron Wave+1","Pommel Strike+1","Inflame","Berserk"],"max_hp_per_floor":[72,72,72,72,72,72,72,72,72,72,72,72,72,72,72,72,72,72,72,72,72,72,72,72,72,72,72,72,72,72,72,72,76,76,76,76,76,76,76,76,76,76,76,76,76,76,80,80,80],"relics":["Burning Blood","Magic Flower","Frozen Eye","Regal Pillow","Tiny Chest","Molten Egg","Meat on the Bone","Astrolabe","Nloth\u0027s Gift","Gambling Chip","Toxic Egg","Mercury Hourglass","Velvet Choker","Girya","Bag of Marbles","Juzu Bracelet"],"card_choices":[{"not_picked":["Battle Trance","Feel No Pain"],"picked":"Double Tap"},{"not_picked":["Perfected Strike","Sever Soul"],"picked":"Clash"},{"not_picked":["Iron Wave","Power Through"],"picked":"Heavy Blade"},{"not_picked":["Blood for Blood","Shrug It Off"],"picked":"Uppercut"},{"not_picked":["Power Through","Bloodletting"],"picked":"Warcry"},{"not_picked":["Offering","Twin Strike"],"picked":"Clash"},{"not_picked":["Clash","Body Slam"],"picked":"Offering"},{"not_picked":["Thunderclap","Sever Soul"],"picked":"Headbutt"},{"not_picked":["Body Slam","Flame Barrier"],"picked":"Flex"},{"not_picked":["Fiend Fire","Offering"],"picked":"Impervious"},{"not_picked":["Blood for Blood","Thunderclap"],"picked":"Combust"},{"not_picked":["Clothesline","Burning Pact"],"picked":"Uppercut"},{"not_picked":["Cleave","Body Slam"],"picked":"Iron Wave"},{"not_picked":["Rampage","Fiend Fire"],"picked":"Feed"},{"not_picked":["Headbutt","Iron Wave"],"picked":"Armaments"},{"not_picked":["Warcry","Body Slam"],"picked":"Headbutt"},{"not_picked":["Sever Soul","Iron Wave"],"picked":"Disarm"},{"not_picked":["Brutality","Offering"],"picked":"Fiend Fire"},{"not_picked":["Body Slam","Clothesline"],"picked":"Cleave"},{"not_picked":["Shrug It Off","Anger"],"picked":"Sever Soul"},{"not_picked":["Fiend Fire","Pommel Strike"],"picked":"Iron Wave"},{"not_picked":["Thunderclap","Anger"],"picked":"Pommel Strike"},{"not_picked":["Offering","Rampage"],"picked":"Inflame"},{"not_picked":["Armaments","Limit Break"],"picked":"Berserk"}],"player_experience":43011,"potions_floor_usage":[8,11,30,30,33,47,48,48,50,50],"damage_taken":[{"damage":6,"enemies":"Jaw Worm","floor":1,"turns":3},{"damage":8,"enemies":"Small Slimes","floor":3,"turns":3},{"damage":8,"enemies":"Cultist","floor":5,"turns":3},{"damage":28,"enemies":"Lagavulin","floor":6,"turns":4},{"damage":1,"enemies":"2 Fungi Beasts","floor":7,"turns":3},{"damage":41,"enemies":"3 Sentries","floor":8,"turns":8},{"damage":10,"enemies":"Gremlin Nob","floor":11,"turns":3},{"damage":15,"enemies":"Looter","floor":12,"turns":3},{"damage":14,"enemies":"Exordium Thugs","floor":14,"turns":3},{"damage":32,"enemies":"The Guardian","floor":16,"turns":5},{"damage":4,"enemies":"Spheric Guardian","floor":18,"turns":2},{"damage":32,"enemies":"3 Byrds","floor":22,"turns":5},{"damage":15,"enemies":"Snake Plant","floor":24,"turns":2},{"damage":30,"enemies":"Slavers","floor":28,"turns":5},{"damage":55,"enemies":"Slaver and Parasite","floor":29,"turns":5},{"damage":36,"enemies":"Sentry and Sphere","floor":30,"turns":4},{"damage":7,"enemies":"Snake Plant","floor":31,"turns":3},{"damage":55,"enemies":"Collector","floor":33,"turns":8},{"damage":5,"enemies":"Orb Walker","floor":35,"turns":2},{"damage":13,"enemies":"3 Darklings","floor":36,"turns":6},{"damage":19,"enemies":"4 Shapes","floor":37,"turns":3},{"damage":22,"enemies":"Sphere and 2 Shapes","floor":38,"turns":4},{"damage":22,"enemies":"Maw","floor":41,"turns":6},{"damage":37,"enemies":"2 Orb Walkers","floor":47,"turns":4},{"damage":19,"enemies":"4 Shapes","floor":48,"turns":3},{"damage":52,"enemies":"Awakened One","floor":50,"turns":8}],"event_choices":[{"event_name":"Living Wall","player_choice":"Grow","floor":2,"damage_taken":0},{"event_name":"Big Fish","player_choice":"Box","floor":4,"damage_taken":0},{"event_name":"Golden Wing","player_choice":"Card Removal","floor":13,"damage_taken":0},{"event_name":"N\u0027loth","player_choice":"Traded a Pen Nib","floor":19,"damage_taken":0},{"event_name":"Accursed Blacksmith","player_choice":"Forge","floor":39,"damage_taken":0},{"event_name":"Tomb of Lord Red Mask","player_choice":"Ignored","floor":42,"damage_taken":0}],"boss_relics":[{"not_picked":["Black Blood","Question Card"],"picked":"Astrolabe"},{"not_picked":["Runic Pyramid","Runic Dome"],"picked":"Velvet Choker"}],"potions_floor_spawned":[1,3,7,12,22,28,33,35,47,48],"seed_played":"-6513187372903546368","killed_by":"Awakened One","ascension_level":0,"is_trial":false}