{"gold_per_floor":[110,121,121,136,154,189,205,215,215,5,5,5,32,49,49,126,126,136,136,148,166,182,182,214,214,214,228,258,272,285,385,385,461,461,477,477,477,60,74,74,104,104,104,139,239,270,270,289,289,289,289],"floor_reached":52,"playtime":3516,"items_purged":["Pain","Defend_B"],"score":2363,"play_id":"0cf20182-baba-4393-80e8-7848d5c6db94","local_time":"20190422143931","is_ascension_mode":true,"campfire_choices":[{"floor":11,"key":"REST"},{"data":"Consume","floor":15,"key":"SMITH"},{"data":"Discovery","floor":23,"key":"SMITH"},{"floor":25,"key":"REST"},{"data":"Consume","floor":32,"key":"SMITH"},{"data":"Blizzard","floor":40,"key":"SMITH"},{"floor":42,"key":"REST"},{"data":"Echo Form","floor":47,"key":"SMITH"},{"floor":49,"key":"REST"}],"neow_cost":"NONE","seed_source_timestamp":7165039971600,"circlet_count":0,"master_deck":["AscendersBane","Strike_B","Strike_B","Strike_B","Defend_B","Defend_B","Defend_B","Zap","Dualcast","Glacier","Melter","Consume+1","Capacitor","Self Repair","Discovery+1","Blizzard+1","Echo Form","Hologram","Glacier","Glacier","Consume+1","Creative AI","Bandage Up","Echo Form+1","Enlightenment","Meteor Strike"],"relics":["Cracked Core","NeowsBlessing","WarpedTongs","Darkstone Periapt","Bottled Lightning","Bag of Preparation","Snecko Eye","Meat on the Bone","Letter Opener","Mango","Kunai","Nuclear Battery","DollysMirror","Regal Pillow","Boot","DataDisk","Turnip","Omamori"],"potions_floor_usage":[16,16,21,24,30,31,39],"damage_taken":[{"damage":0,"enemies":"Small Slimes","floor":1,"turns":1},{"damage":0,"enemies":"Cultist","floor":2,"turns":1},{"damage":0,"enemies":"Jaw Worm","floor":4,"turns":1},{"damage":1,"enemies":"2 Fungi Beasts","floor":5,"turns":5},{"damage":15,"enemies":"Lagavulin","floor":6,"turns":9},{"damage":4,"enemies":"Blue Slaver","floor":7,"turns":5},{"damage":17,"enemies":"Looter","floor":8,"turns":4},{"damage":22,"enemies":"3 Sentries","floor":13,"turns":13},{"damage":8,"enemies":"Exordium Thugs","floor":14,"turns":4},{"damage":0,"enemies":"The Guardian","floor":16,"turns":12},{"damage":6,"enemies":"3 Byrds","floor":18,"turns":4},{"damage":19,"enemies":"Shell Parasite","floor":20,"turns":7},{"damage":43,"enemies":"Centurion and Healer","floor":21,"turns":14},{"damage":14,"enemies":"Cultist and Chosen","floor":22,"turns":23},{"damage":60,"enemies":"Slavers","floor":24,"turns":5},{"damage":8,"enemies":"3 Cultists","floor":27,"turns":5},{"damage":6,"enemies":"Book of Stabbing","floor":28,"turns":9},{"damage":0,"enemies":"Snecko","floor":29,"turns":6},{"damage":0,"enemies":"Centurion and Healer","floor":30,"turns":6},{"damage":2,"enemies":"Colosseum Slavers","floor":31,"turns":6},{"damage":28,"enemies":"Colosseum Nobs","floor":31,"turns":4},{"damage":0,"enemies":"Automaton","floor":33,"turns":17},{"damage":20,"enemies":"3 Shapes","floor":35,"turns":8},{"damage":3,"enemies":"Orb Walker","floor":39,"turns":12},{"damage":79,"enemies":"Reptomancer","floor":41,"turns":9},{"damage":24,"enemies":"Nemesis","floor":44,"turns":7},{"damage":0,"enemies":"Mind Bloom Boss Battle","floor":45,"turns":5},{"damage":32,"enemies":"Reptomancer","floor":46,"turns":5},{"damage":22,"enemies":"Jaw Worm Horde","floor":48,"turns":3},{"damage":14,"enemies":"Donu and Deca","floor":50,"turns":8},{"damage":0,"enemies":"Time Eater","floor":51,"turns":7}],"seed_played":"-5401593318761308484","potions_obtained":[{"floor":1,"key":"AttackPotion"},{"floor":4,"key":"SkillPotion"},{"floor":18,"key":"FearPotion"},{"floor":20,"key":"Regen Potion"},{"floor":22,"key":"SkillPotion"},{"floor":27,"key":"Swift Potion"},{"floor":30,"key":"PowerPotion"},{"floor":35,"key":"Block Potion"},{"floor":44,"key":"EntropicBrew"}],"is_trial":false,"path_per_floor":["M","M","?","M","M","E","M","M","T","$","R","?","E","M","R","B",null,"M","$","M","M","M","R","E","R","T","M","E","M","M","?","R","B",null,"M","?","?","$","M","R","E","R","T","E","?","E","R","M","R","B","B",null],"character_chosen":"DEFECT","items_purchased":["Self Repair","Discovery","DollysMirror","Enlightenment"],"campfire_rested":4,"item_purchase_floors":[10,10,38,38],"current_hp_per_floor":[64,64,64,64,63,48,44,27,27,27,48,48,33,32,32,39,63,64,64,65,57,63,63,10,31,31,55,69,71,71,57,57,64,80,74,64,64,64,83,83,18,58,58,64,75,47,47,41,81,85,85],"gold":289,"neow_bonus":"THREE_ENEMY_KILL","is_prod":false,"is_daily":false,"chose_seed":false,"campfire_upgraded":5,"win_rate":0,"timestamp":1555911571,"path_taken":["M","M","?","M","?","E","M","M","T","?","R","?","E","M","R","BOSS","M","?","M","M","M","R","E","R","T","M","E","M","M","?","R","BOSS","M","?","?","$","M","R","E","R","T","E","?","E","R","?","R","BOSS","BOSS"],"build_version":"2019-01-23","purchased_purges":2,"victory":true,"max_hp_per_floor":[71,71,71,71,71,71,71,71,71,71,71,71,71,71,71,71,71,71,71,71,71,71,71,71,71,71,71,71,71,71,85,85,85,85,85,85,85,85,85,85,85,85,85,85,85,85,85,85,85,85,85],"card_choices":[{"not_picked":["Rebound","Blizzard"],"picked":"Glacier","floor":1},{"not_picked":["FTL","Turbo"],"picked":"Melter","floor":2},{"not_picked":["Barrage","Compile Driver"],"picked":"Consume","floor":4},{"not_picked":["Genetic Algorithm","Chaos","Steam"],"picked":"SKIP","floor":5},{"not_picked":["Coolheaded","Compile Driver"],"picked":"Capacitor","floor":6},{"not_picked":["Skim","Hello World","Melter"],"picked":"SKIP","floor":7},{"not_picked":["Leap","Streamline","Sweeping Beam"],"picked":"SKIP","floor":8},{"not_picked":["Steam","Aggregate","Barrage"],"picked":"SKIP","floor":13},{"not_picked":["Redo","Ball Lightning"],"picked":"Blizzard","floor":14},{"not_picked":["Rainbow","Hyperbeam"],"picked":"Echo Form","floor":16},{"not_picked":["Chaos","Sweeping Beam"],"picked":"Hologram","floor":18},{"not_picked":["Beam Cell","Reprogram","Gash"],"picked":"SKIP","floor":20},{"not_picked":["Steam","Hologram","Cold Snap"],"picked":"SKIP","floor":21},{"not_picked":["Stack","Hologram"],"picked":"Glacier","floor":22},{"not_picked":["Hologram","Biased Cognition","Lockon"],"picked":"SKIP","floor":24},{"not_picked":["Conserve Battery","Fusion","Go for the Eyes+1"],"picked":"SKIP","floor":27},{"not_picked":["Leap","Compile Driver","Redo"],"picked":"SKIP","floor":28},{"not_picked":["Conserve Battery","Lockon","Rebound"],"picked":"SKIP","floor":29},{"not_picked":["Hologram","Steam+1"],"picked":"Glacier","floor":30},{"not_picked":["Hologram+1","Compile Driver"],"picked":"Consume","floor":31},{"not_picked":["Rainbow","Core Surge"],"picked":"Creative AI","floor":33},{"not_picked":["Cold Snap","Stack","Barrage"],"picked":"SKIP","floor":35},{"not_picked":["Good Instincts","Flash of Steel"],"picked":"Bandage Up","floor":36},{"not_picked":["Barrage","Beam Cell+1","Rebound"],"picked":"SKIP","floor":39},{"not_picked":["Barrage","Heatsinks"],"picked":"Meteor Strike","floor":41},{"not_picked":["Genetic Algorithm","Multi-Cast","Hologram"],"picked":"SKIP","floor":44},{"not_picked":["Conserve Battery+1","Storm","Heatsinks"],"picked":"SKIP","floor":46},{"not_picked":["Conserve Battery+1","Storm","Heatsinks"],"picked":"SKIP","floor":46},{"not_picked":["Rebound","Cold Snap+1","Rip and Tear"],"picked":"SKIP","floor":48}],"player_experience":3294403,"relics_obtained":[{"floor":6,"key":"Darkstone Periapt"},{"floor":9,"key":"Bottled Lightning"},{"floor":13,"key":"Bag of Preparation"},{"floor":24,"key":"Meat on the Bone"},{"floor":28,"key":"Letter Opener"},{"floor":31,"key":"Mango"},{"floor":31,"key":"Kunai"},{"floor":41,"key":"Regal Pillow"},{"floor":43,"key":"Boot"},{"floor":44,"key":"DataDisk"},{"floor":45,"key":"Turnip"},{"floor":46,"key":"Omamori"}],"event_choices":[{"damage_healed":0,"gold_gain":0,"player_choice":"Rummage","damage_taken":0,"relics_obtained":["WarpedTongs"],"max_hp_gain":0,"max_hp_loss":0,"event_name":"Accursed Blacksmith","floor":3,"gold_loss":0,"cards_obtained":["Pain"]},{"cards_removed":["Strike_B"],"damage_healed":0,"gold_gain":0,"player_choice":"Purged","damage_taken":0,"max_hp_gain":0,"max_hp_loss":0,"event_name":"Purifier","floor":12,"gold_loss":0},{"damage_healed":0,"gold_gain":0,"player_choice":"Fight","damage_taken":0,"max_hp_gain":0,"max_hp_loss":0,"event_name":"Colosseum","floor":31,"gold_loss":0},{"damage_healed":0,"gold_gain":0,"player_choice":"Fought Nobs","damage_taken":0,"max_hp_gain":0,"max_hp_loss":0,"event_name":"Colosseum","floor":31,"gold_loss":0},{"damage_healed":0,"gold_gain":0,"player_choice":"Memory 3","damage_taken":10,"max_hp_gain":0,"max_hp_loss":0,"event_name":"SensoryStone","floor":36,"gold_loss":0},{"damage_healed":0,"gold_gain":0,"player_choice":"Ignored","damage_taken":0,"max_hp_gain":0,"max_hp_loss":0,"event_name":"Mysterious Sphere","floor":37,"gold_loss":0},{"damage_healed":0,"gold_gain":0,"player_choice":"Fight","damage_taken":0,"max_hp_gain":0,"max_hp_loss":0,"event_name":"MindBloom","floor":45,"gold_loss":0}],"is_beta":false,"boss_relics":[{"not_picked":["Eternal Feather","Busted Crown"],"picked":"Snecko Eye"},{"not_picked":["Empty Cage","Pandora\u0027s Box"],"picked":"Nuclear Battery"}],"items_purged_floors":[10,38],"is_endless":false,"potions_floor_spawned":[1,4,7,14,18,20,22,27,30,31,35,44,45],"ascension_level":20}