{"gold_per_floor":[99,99,99,99,99,99,24,24,24,0,0,0,0,0,0,0,0,0,0,0,0,0,0,0,0,0,0,0,0,0,0,0,0,0,0,0,0,0,0,0],"floor_reached":40,"playtime":1257,"items_purged":["Strike_B"],"score":832,"play_id":"a438fc60-7c21-4694-921e-e149fa69c719","local_time":"20190407194015","is_ascension_mode":true,"campfire_choices":[{"data":"Creative AI","floor":6,"key":"SMITH"},{"data":"Self Repair","floor":13,"key":"SMITH"},{"data":"Melter","floor":15,"key":"SMITH"},{"data":"Electrodynamics","floor":23,"key":"SMITH"},{"data":"Coolheaded","floor":25,"key":"SMITH"},{"floor":27,"key":"REST"},{"floor":30,"key":"RECALL"},{"floor":32,"key":"REST"}],"neow_cost":"NONE","seed_source_timestamp":62886123074400,"circlet_count":0,"master_deck":["AscendersBane","Strike_B","Strike_B","Strike_B","Defend_B","Defend_B","Defend_B","Zap","Dualcast","Ball Lightning","Cold Snap","Coolheaded+1","Creative AI+1","Melter+1","Self Repair+1","White Noise","Electrodynamics+1","Core Surge","Echo Form","Deep Breath","Secret Technique"],"relics":["Ectoplasm","Meat on the Bone","Omamori","SsserpentHead","Smiling Mask","Runic Dome","Juzu Bracelet","Ancient Tea Set","Sundial","PreservedInsect","Fusion Hammer","Art of War"],"potions_floor_usage":[5,8,16,22,24],"damage_taken":[{"damage":6,"enemies":"Cultist","floor":1,"turns":4},{"damage":0,"enemies":"Jaw Worm","floor":2,"turns":3},{"damage":5,"enemies":"Small Slimes","floor":3,"turns":3},{"damage":0,"enemies":"2 Fungi Beasts","floor":4,"turns":4},{"damage":7,"enemies":"Exordium Wildlife","floor":5,"turns":5},{"damage":24,"enemies":"Lagavulin","floor":8,"turns":6},{"damage":1,"enemies":"Looter","floor":10,"turns":3},{"damage":20,"enemies":"3 Sentries","floor":14,"turns":8},{"damage":35,"enemies":"Slime Boss","floor":16,"turns":10},{"damage":29,"enemies":"Shell Parasite","floor":18,"turns":4},{"damage":25,"enemies":"2 Thieves","floor":21,"turns":4},{"damage":0,"enemies":"Snake Plant","floor":22,"turns":1},{"damage":30,"enemies":"Slavers","floor":24,"turns":4},{"damage":7,"enemies":"Centurion and Healer","floor":29,"turns":8},{"damage":26,"enemies":"Chosen and Byrds","floor":31,"turns":5},{"damage":36,"enemies":"Collector","floor":33,"turns":8},{"damage":20,"enemies":"3 Shapes","floor":35,"turns":5},{"damage":30,"enemies":"3 Darklings","floor":36,"turns":3},{"damage":41,"enemies":"Nemesis","floor":40,"turns":2}],"seed_played":"8110088422868861812","potions_obtained":[{"floor":2,"key":"FearPotion"},{"floor":4,"key":"Energy Potion"},{"floor":5,"key":"Regen Potion"},{"floor":8,"key":"SmokeBomb"},{"floor":18,"key":"SkillPotion"},{"floor":29,"key":"Dexterity Potion"},{"floor":36,"key":"AttackPotion"}],"is_trial":false,"path_per_floor":["M","M","M","M","M","R","$","E","T","M","?","$","R","E","R","B",null,"M","?","?","M","M","R","E","R","T","R","?","M","R","M","R","B",null,"M","M","?","?","T","E"],"character_chosen":"DEFECT","items_purchased":[],"campfire_rested":2,"item_purchase_floors":[],"current_hp_per_floor":[58,58,53,53,46,46,46,37,37,43,43,43,43,45,45,32,61,54,54,34,31,43,43,35,35,35,57,57,70,70,54,76,50,70,70,50,40,40,40,0],"gold":0,"neow_bonus":"BOSS_RELIC","is_prod":false,"is_daily":false,"chose_seed":false,"campfire_upgraded":5,"win_rate":0,"timestamp":1554633615,"path_taken":["M","?","M","M","M","R","$","E","T","M","?","?","R","E","R","BOSS","M","?","?","M","M","R","E","R","T","R","?","M","R","M","R","BOSS","M","M","?","?","?","E"],"build_version":"2019-01-23","purchased_purges":1,"victory":false,"max_hp_per_floor":[71,71,71,71,71,71,71,71,71,71,71,71,71,71,71,71,71,71,71,76,76,76,76,76,76,76,76,76,76,76,76,76,76,76,76,76,76,76,76,76],"card_choices":[{"not_picked":["Barrage","Rebound"],"picked":"Ball Lightning","floor":1},{"not_picked":["Tempest","Rebound"],"picked":"Cold Snap","floor":2},{"not_picked":["Go for the Eyes","Hologram"],"picked":"Coolheaded","floor":3},{"not_picked":["Leap","Go for the Eyes"],"picked":"Creative AI","floor":4},{"not_picked":["Stack","Gash"],"picked":"Melter","floor":5},{"not_picked":["Darkness","Tempest"],"picked":"Self Repair","floor":8},{"not_picked":["Rebound","Melter","Redo"],"picked":"SKIP","floor":10},{"not_picked":["Redo","Double Energy"],"picked":"White Noise","floor":14},{"not_picked":["Machine Learning","Creative AI"],"picked":"Electrodynamics","floor":16},{"not_picked":["Leap","Stack+1","Double Energy"],"picked":"SKIP","floor":18},{"not_picked":["Auto Shields","Ball Lightning+1","Leap"],"picked":"SKIP","floor":21},{"not_picked":["Stack","Fission"],"picked":"Core Surge","floor":24},{"not_picked":["Stack","Chaos","Heatsinks"],"picked":"SKIP","floor":29},{"not_picked":["Compile Driver+1","Reprogram","Go for the Eyes"],"picked":"SKIP","floor":31},{"not_picked":["Rainbow","Seek"],"picked":"Echo Form","floor":33},{"not_picked":["Undo","Steam","Stack"],"picked":"SKIP","floor":35},{"not_picked":["Fusion","Aggregate","Chaos"],"picked":"SKIP","floor":36},{"not_picked":["Blind","Dramatic Entrance"],"picked":"Deep Breath","floor":37},{"not_picked":["Madness","Thinking Ahead"],"picked":"Secret Technique","floor":37}],"player_experience":2951917,"relics_obtained":[{"floor":8,"key":"Meat on the Bone"},{"floor":9,"key":"Omamori"},{"floor":14,"key":"Smiling Mask"},{"floor":24,"key":"Ancient Tea Set"},{"floor":26,"key":"Sundial"},{"floor":39,"key":"Art of War"}],"event_choices":[{"damage_healed":0,"gold_gain":0,"player_choice":"Trade","damage_taken":0,"relics_obtained":["SsserpentHead"],"max_hp_gain":0,"max_hp_loss":0,"event_name":"FaceTrader","floor":11,"gold_loss":0},{"damage_healed":0,"gold_gain":0,"player_choice":"Stole Relic","damage_taken":0,"relics_obtained":["Juzu Bracelet"],"max_hp_gain":0,"max_hp_loss":0,"event_name":"Addict","floor":19,"gold_loss":0,"cards_obtained":["Shame"]},{"damage_healed":0,"gold_gain":0,"player_choice":"Shed Blood","damage_taken":25,"max_hp_gain":5,"max_hp_loss":0,"event_name":"Forgotten Altar","floor":20,"gold_loss":0},{"damage_healed":0,"gold_gain":0,"player_choice":"Opened","damage_taken":0,"relics_obtained":["PreservedInsect"],"max_hp_gain":0,"max_hp_loss":0,"event_name":"The Mausoleum","floor":28,"gold_loss":0,"cards_obtained":["Writhe"]},{"damage_healed":0,"gold_gain":0,"player_choice":"Memory 3","damage_taken":10,"max_hp_gain":0,"max_hp_loss":0,"event_name":"SensoryStone","floor":37,"gold_loss":0},{"cards_removed":["Defend_B"],"damage_healed":0,"gold_gain":0,"player_choice":"Removed Skill","damage_taken":0,"max_hp_gain":0,"max_hp_loss":0,"event_name":"Falling","floor":38,"gold_loss":0}],"is_beta":false,"boss_relics":[{"not_picked":["Velvet Choker","Tiny House"],"picked":"Runic Dome"},{"not_picked":["Orrery","Eternal Feather"],"picked":"Fusion Hammer"}],"items_purged_floors":[7],"is_endless":false,"potions_floor_spawned":[2,4,5,8,10,18,22,29,36],"killed_by":"Nemesis","ascension_level":20}