{"gold_per_floor":[115,190,207,227,239,239,204,236,263,223,223,36,36,52,52,126,126,136,136,61,74,91,91,91,91,141,141,66,80,80,80],"floor_reached":31,"playtime":1940,"items_purged":[],"score":419,"play_id":"bfe73e9a-bc66-417a-969f-6a7e56a6d730","local_time":"20181201112606","is_ascension_mode":true,"campfire_choices":[{"data":"Chaos","floor":6,"key":"SMITH"},{"floor":11,"key":"REST"},{"data":"Amplify","floor":13,"key":"SMITH"},{"data":"Chaos","floor":15,"key":"SMITH"},{"floor":23,"key":"REST"},{"floor":25,"key":"REST"}],"neow_cost":"NONE","seed_source_timestamp":599367587883219,"circlet_count":0,"master_deck":["AscendersBane","Strike_B","Strike_B","Strike_B","Strike_B","Defend_B","Defend_B+1","Defend_B","Defend_B","Zap","Dualcast","Chaos+1","Steam","Chaos+1","Darkness","Defragment","Amplify+1","Self Repair","Chaos+1","Core Surge","Barrage","Hello World","Fission","Force Field","Compile Driver","Chill","Sunder","Decay","Storm","Conserve Battery"],"relics":["Cracked Core","Centennial Puzzle","War Paint","PreservedInsect","Orrery","Bronze Scales"],"potions_floor_usage":[3,5,8,21,24],"damage_taken":[{"damage":0,"enemies":"Cultist","floor":1,"turns":3},{"damage":11,"enemies":"Small Slimes","floor":3,"turns":5},{"damage":2,"enemies":"2 Louse","floor":4,"turns":3},{"damage":4,"enemies":"Red Slaver","floor":5,"turns":4},{"damage":14,"enemies":"3 Sentries","floor":8,"turns":8},{"damage":6,"enemies":"Exordium Wildlife","floor":14,"turns":5},{"damage":69,"enemies":"Hexaghost","floor":16,"turns":11},{"damage":9,"enemies":"3 Byrds","floor":18,"turns":5},{"damage":27,"enemies":"2 Thieves","floor":20,"turns":5},{"damage":40,"enemies":"Snake Plant","floor":21,"turns":5},{"damage":7,"enemies":"Sentry and Sphere","floor":22,"turns":9},{"damage":29,"enemies":"Colosseum Slavers","floor":24,"turns":5},{"damage":22,"enemies":"Cultist and Chosen","floor":29,"turns":6},{"damage":23,"enemies":"Chosen and Byrds","floor":31,"turns":4}],"seed_played":"-3607013079802779232","potions_obtained":[{"floor":1,"key":"Regen Potion"},{"floor":3,"key":"PowerPotion"},{"floor":4,"key":"Regen Potion"},{"floor":18,"key":"Regen Potion"},{"floor":22,"key":"Swift Potion"}],"is_trial":false,"path_per_floor":["M","?","M","M","M","R","?","E","T","$","R","$","R","M","R","B",null,"M","?","M","M","M","R","?","R","T","?","$","M","?","M"],"character_chosen":"DEFECT","items_purchased":["Defragment","Amplify","Self Repair","Storm"],"campfire_rested":3,"item_purchase_floors":[10,12,12,28],"current_hp_per_floor":[64,53,56,54,62,62,71,57,57,57,71,71,71,71,71,16,57,62,62,42,23,23,44,15,36,36,36,36,21,21,0],"gold":80,"neow_bonus":"RANDOM_COMMON_RELIC","is_prod":false,"is_daily":false,"chose_seed":false,"campfire_upgraded":3,"win_rate":0,"timestamp":1543656366,"path_taken":["M","?","M","M","M","R","?","E","T","$","R","$","R","M","R","BOSS","M","?","M","M","?","R","?","R","T","?","?","M","?","M"],"build_version":"2018-11-15","purchased_purges":0,"victory":false,"max_hp_per_floor":[71,71,71,71,71,71,71,71,71,71,71,71,71,71,71,71,71,71,71,71,71,71,71,71,71,71,71,71,71,71,71],"card_choices":[{"not_picked":["Leap","Sweeping Beam"],"picked":"Chaos","floor":1},{"not_picked":["Go for the Eyes","Coolheaded"],"picked":"Steam","floor":3},{"not_picked":["Genetic Algorithm","Compile Driver","Blizzard"],"picked":"SKIP","floor":4},{"not_picked":["Stack","Streamline"],"picked":"Chaos","floor":5},{"not_picked":["Go for the Eyes","Sweeping Beam"],"picked":"Darkness","floor":8},{"not_picked":["Steam","Turbo"],"picked":"Chaos","floor":14},{"not_picked":["Thunder Strike","Multi-Cast"],"picked":"Core Surge","floor":16},{"not_picked":["Hologram","Coolheaded"],"picked":"Barrage","floor":17},{"not_picked":["Glacier","Coolheaded"],"picked":"Hello World","floor":17},{"not_picked":["Steam Power","Streamline"],"picked":"Fission","floor":17},{"not_picked":["Melter","Rebound"],"picked":"Force Field","floor":17},{"not_picked":["Gash","Hologram"],"picked":"Compile Driver","floor":18},{"not_picked":["Beam Cell","Rebound","Sweeping Beam"],"picked":"SKIP","floor":20},{"not_picked":["Stack","Ball Lightning+1"],"picked":"Chill","floor":21},{"not_picked":["Go for the Eyes","Beam Cell"],"picked":"Sunder","floor":22},{"not_picked":["Rebound","Compile Driver"],"picked":"Conserve Battery","floor":29}],"player_experience":809661,"relics_obtained":[{"floor":8,"key":"War Paint"},{"floor":9,"key":"PreservedInsect"},{"floor":26,"key":"Bronze Scales"}],"event_choices":[{"damage_healed":0,"gold_gain":75,"player_choice":"Gather Gold","damage_taken":11,"max_hp_gain":0,"max_hp_loss":0,"event_name":"World of Goop","floor":2,"gold_loss":0},{"damage_healed":17,"gold_gain":0,"player_choice":"Healed","damage_taken":0,"max_hp_gain":0,"max_hp_loss":0,"event_name":"The Cleric","floor":7,"gold_loss":35},{"damage_healed":0,"gold_gain":0,"player_choice":"Ignored","damage_taken":0,"max_hp_gain":0,"max_hp_loss":0,"event_name":"N\u0027loth","floor":19,"gold_loss":0},{"damage_healed":0,"gold_gain":0,"player_choice":"Fight","damage_taken":0,"max_hp_gain":0,"max_hp_loss":0,"event_name":"Colosseum","floor":24,"gold_loss":0},{"damage_healed":0,"gold_gain":0,"player_choice":"Fled From Nobs","damage_taken":0,"max_hp_gain":0,"max_hp_loss":0,"event_name":"Colosseum","floor":24,"gold_loss":0},{"damage_healed":0,"gold_gain":0,"player_choice":"Smashed Altar","damage_taken":0,"max_hp_gain":0,"max_hp_loss":0,"event_name":"Forgotten Altar","floor":27,"gold_loss":0,"cards_obtained":["Decay"]}],"is_beta":false,"boss_relics":[{"not_picked":["Pandora\u0027s Box","Sozu"],"picked":"Orrery"}],"items_purged_floors":[],"is_endless":false,"potions_floor_spawned":[1,3,4,18,22,24],"killed_by":"Chosen and Byrds","ascension_level":16}