{"path_per_floor":["M","M","M","?","?","E","R","E","T","E","M","R","?","?","R","B",null,"M","?","?","$","M","R","E","R","T","M","M","M","R","M","R","B",null,"M","?","?","M","$","R","E","R","T","E","M","E","M","M","R","B"],"character_chosen":"IRONCLAD","items_purchased":["Bottled Tornado","Apotheosis","Bottled Lightning"],"gold_per_floor":[111,129,140,140,140,175,175,216,241,306,330,330,280,280,280,410,410,426,426,576,243,262,262,298,298,298,314,332,353,353,369,369,498,498,514,514,582,595,53,53,91,91,91,135,150,193,208,227,227,227],"floor_reached":51,"campfire_rested":3,"playtime":3510,"item_purchase_floors":[],"current_hp_per_floor":[78,74,80,74,71,50,50,44,44,20,25,25,25,10,47,34,64,70,70,70,70,74,74,72,72,72,74,74,66,66,66,66,34,64,70,60,66,72,72,72,62,74,74,68,70,63,54,60,74,51],"items_purged":["Strike_R","Strike_R"],"gold":227,"score":1175,"play_id":"aaf12c59-9e1f-49cc-8d64-fabd7bc27dd6","local_time":"20180611234629","is_prod":false,"is_daily":false,"chose_seed":false,"is_ascension_mode":true,"campfire_upgraded":7,"win_rate":0,"timestamp":1528731989,"campfire_choices":[{"data":"Uppercut","floor":7.0,"key":"SMITH"},{"data":"Body Slam","floor":12.0,"key":"SMITH"},{"floor":15.0,"key":"REST"},{"data":"Evolve","floor":23.0,"key":"SMITH"},{"data":"Immolate","floor":25.0,"key":"SMITH"},{"data":"Shockwave","floor":30.0,"key":"SMITH"},{"data":"True Grit","floor":32.0,"key":"SMITH"},{"data":"Apotheosis","floor":40,"key":"SMITH"},{"floor":42,"key":"REST"},{"floor":49,"key":"REST"}],"path_taken":["M","M","M","?","?","E","R","E","T","E","M","R","?","?","R","BOSS","M","?","?","$","?","R","E","R","T","M","M","M","R","M","R","BOSS","M","?","?","M","$","R","E","R","T","E","?","E","?","M","R","BOSS"],"build_version":"2018-06-08","seed_source_timestamp":1334871354528675,"purchased_purges":2,"victory":true,"master_deck":["Strike_R+1","Strike_R+1","Defend_R","Defend_R","Defend_R","Defend_R","AscendersBane","Impervious","Uppercut+1","Body Slam+1","Battle Trance","Shockwave+1","Shrug It Off+1","Evolve+1","Immolate+1","Ghostly Armor+1","True Grit+1","Impervious","Purity","Panacea","Headbutt+1","Entrench+1","Apotheosis+1","Feel No Pain+1","Offering","Body Slam","Disarm+1"],"max_hp_per_floor":[80,80,80,74,74,74,74,74,74,74,74,74,74,74,74,74,74,74,74,74,74,74,74,74,74,74,74,74,74,74,74,74,74,74,74,74,74,74,74,74,74,74,74,74,74,74,74,74,74,74],"relics":["Burning Blood","Golden Idol","Anchor","Regal Pillow","Vajra","Dream Catcher","Tiny Chest","Cursed Key","Bottled Tornado","Pen Nib","Runic Pyramid","Calipers","Bottled Lightning","Whetstone","Bag of Preparation","Prayer Wheel"],"card_choices":[{"not_picked":["Fire Breathing","Sword Boomerang"],"picked":"Uppercut","floor":1.0},{"not_picked":["Twin Strike","Burning Pact"],"picked":"Body Slam","floor":2.0},{"not_picked":["Perfected Strike","Clash"],"picked":"Battle Trance","floor":3.0},{"not_picked":["Dual Wield","Heavy Blade","Reckless Charge"],"picked":"SKIP","floor":6.0},{"not_picked":["Fire Breathing","Uppercut"],"picked":"Shockwave","floor":8.0},{"not_picked":["Power Through","Wild Strike"],"picked":"Shrug It Off","floor":10.0},{"not_picked":["Headbutt","Pummel"],"picked":"Evolve","floor":11.0},{"not_picked":["Fiend Fire","Limit Break"],"picked":"Immolate","floor":16.0},{"not_picked":["Anger","Havoc"],"picked":"Ghostly Armor+1","floor":18.0},{"not_picked":["Heavy Blade","Blood for Blood","Rupture"],"picked":"SKIP","floor":22.0},{"not_picked":["Dual Wield","Burning Pact","Iron Wave"],"picked":"SKIP","floor":24.0},{"not_picked":["Evolve","Intimidate+1","Wild Strike"],"picked":"SKIP","floor":27.0},{"not_picked":["Warcry","Havoc","Bludgeon"],"picked":"SKIP","floor":28.0},{"not_picked":["Havoc","Evolve","Thunderclap"],"picked":"SKIP","floor":29.0},{"not_picked":["Havoc","Evolve","Thunderclap"],"picked":"SKIP","floor":29.0},{"not_picked":["Sword Boomerang+1","Shrug It Off"],"picked":"True Grit","floor":31.0},{"not_picked":["Reaper","Demon Form"],"picked":"Impervious","floor":33.0},{"not_picked":["Carnage","Armaments","Thunderclap+1"],"picked":"SKIP","floor":35.0},{"not_picked":["Magnetism","Finesse"],"picked":"Purity","floor":36.0},{"not_picked":["Purity","Apotheosis"],"picked":"Panacea","floor":36.0},{"not_picked":["Warcry+1","Anger+1"],"picked":"Headbutt+1","floor":37.0},{"not_picked":["Thunderclap+1","Inflame"],"picked":"Entrench+1","floor":38.0},{"not_picked":["Warcry+1","Reckless Charge"],"picked":"Feel No Pain+1","floor":41},{"not_picked":["Sword Boomerang+1","Cleave+1"],"picked":"Offering","floor":42},{"not_picked":["Wild Strike+1","Clash","Immolate"],"picked":"SKIP","floor":44},{"not_picked":["Cleave+1","Shrug It Off","Flame Barrier"],"picked":"SKIP","floor":45},{"not_picked":["Anger+1","Warcry","Wild Strike+1"],"picked":"SKIP","floor":46},{"not_picked":["Burning Pact","Rage","Sword Boomerang"],"picked":"SKIP","floor":47},{"not_picked":["Limit Break","Cleave+1","Feel No Pain+1"],"picked":"SKIP","floor":47},{"not_picked":["Metallicize","Hemokinesis+1"],"picked":"Body Slam","floor":48},{"not_picked":["Headbutt+1","Fire Breathing+1"],"picked":"Disarm+1","floor":48}],"player_experience":424130,"potions_floor_usage":[50,50,50],"damage_taken":[{"damage":0.0,"enemies":"Small Slimes","floor":1.0,"turns":3.0},{"damage":10.0,"enemies":"Jaw Worm","floor":2.0,"turns":4.0},{"damage":0.0,"enemies":"2 Louse","floor":3.0,"turns":2.0},{"damage":27.0,"enemies":"Gremlin Nob","floor":6.0,"turns":5.0},{"damage":12.0,"enemies":"3 Sentries","floor":8.0,"turns":9.0},{"damage":30.0,"enemies":"Lagavulin","floor":10.0,"turns":6.0},{"damage":1.0,"enemies":"Large Slime","floor":11.0,"turns":6.0},{"damage":19.0,"enemies":"The Guardian","floor":16.0,"turns":11.0},{"damage":0.0,"enemies":"Chosen","floor":18.0,"turns":5.0},{"damage":0.0,"enemies":"Spheric Guardian","floor":22.0,"turns":3.0},{"damage":8.0,"enemies":"Gremlin Leader","floor":24.0,"turns":4.0},{"damage":0.0,"enemies":"Centurion and Healer","floor":27.0,"turns":4.0},{"damage":0.0,"enemies":"Chosen and Byrds","floor":28.0,"turns":3.0},{"damage":14.0,"enemies":"3 Cultists","floor":29.0,"turns":4.0},{"damage":6.0,"enemies":"Snake Plant","floor":31.0,"turns":3.0},{"damage":38.0,"enemies":"Champ","floor":33.0,"turns":10.0},{"damage":0.0,"enemies":"Orb Walker","floor":35.0,"turns":3.0},{"damage":0.0,"floor":37.0,"turns":3.0},{"damage":0.0,"enemies":"3 Shapes","floor":38.0,"turns":4.0},{"damage":16,"enemies":"Giant Head","floor":41,"turns":5},{"damage":12,"enemies":"2 Orb Walkers","floor":44,"turns":5},{"damage":4,"enemies":"Sphere and 2 Shapes","floor":45,"turns":3},{"damage":13,"enemies":"Nemesis","floor":46,"turns":3},{"damage":15,"enemies":"Transient","floor":47,"turns":5},{"damage":0,"enemies":"Spire Growth","floor":48,"turns":4},{"damage":44,"enemies":"Awakened One","floor":50,"turns":10}],"relics_obtained":[{"floor":6.0,"key":"Regal Pillow"},{"floor":8.0,"key":"Vajra"},{"floor":9.0,"key":"Dream Catcher"},{"floor":10.0,"key":"Tiny Chest"},{"floor":24.0,"key":"Pen Nib"},{"floor":37.0,"key":"Calipers"},{"floor":41,"key":"Whetstone"},{"floor":44,"key":"Bag of Preparation"},{"floor":46,"key":"Prayer Wheel"}],"event_choices":[{"event_name":"Golden Idol","player_choice":"Lose Max HP","floor":4.0,"damage_taken":0.0},{"event_name":"Scrap Ooze","player_choice":"success","floor":5.0,"damage_taken":3.0},{"event_name":"The Cleric","player_choice":"Card Removal","floor":13.0,"damage_taken":0.0},{"event_name":"Shining Light","player_choice":"Entered Light","floor":14.0,"damage_taken":0.0},{"event_name":"Back to Basics","player_choice":"Elegance","floor":19.0,"damage_taken":0.0},{"event_name":"Nest","player_choice":"Stole From Cult","floor":20.0,"damage_taken":0.0},{"event_name":"SensoryStone","player_choice":"Memory 3","floor":36.0,"damage_taken":0.0},{"event_name":"Mysterious Sphere","player_choice":"Fight","floor":37.0,"damage_taken":0.0}],"boss_relics":[{"not_picked":["White Beast Statue","Tiny House"],"picked":"Cursed Key"},{"not_picked":["Black Star","Runic Cube"],"picked":"Runic Pyramid"}],"items_purged_floors":[],"potions_floor_spawned":[1,3,8,16,22,27,31,33,35,41,44,48],"seed_played":"5874766766907982966","ascension_level":10,"potions_obtained":[{"floor":1.0,"key":"Regen Potion"},{"floor":3.0,"key":"Block Potion"},{"floor":8.0,"key":"GamblersBrew"},{"floor":16.0,"key":"Dexterity Potion"},{"floor":31.0,"key":"Strength Potion"},{"floor":33.0,"key":"SkillPotion"},{"floor":35.0,"key":"PowerPotion"}],"is_trial":false}