{"gold_per_floor":[110,35,35,35,47,81,81,101,178,211,57,71,71,87,87,166,166,176,211,227,152,162,162,172,172,172,183,194,194],"floor_reached":29,"playtime":1062,"items_purged":["Regret"],"score":564,"play_id":"b7c6ecbc-fb22-4a0f-94d2-c6eda2501343","local_time":"20190215152935","is_ascension_mode":true,"campfire_choices":[{"data":"Creative AI","floor":7,"key":"SMITH"},{"floor":13,"key":"REST"},{"data":"Capacitor","floor":15,"key":"SMITH"},{"floor":23,"key":"REST"}],"neow_cost":"NONE","seed_source_timestamp":105986894607000,"circlet_count":0,"master_deck":["AscendersBane","Strike_B","Strike_B","Strike_B","Defend_B","Defend_B","Defend_B","Zap+1","Dualcast","Coolheaded+1","Beam Cell","Creative AI+1","Capacitor+1","White Noise","Conserve Battery","Electrodynamics","Cold Snap","Tempest+1","Defragment","Coolheaded","Cold Snap"],"relics":["Cracked Core","NeowsBlessing","War Paint","Bronze Scales","Kunai","Potion Belt","Runic Dome","Red Mask","Bird Faced Urn"],"potions_floor_usage":[10,16,16,16,19,25,25,29],"damage_taken":[{"damage":0,"enemies":"2 Louse","floor":1,"turns":1},{"damage":0,"enemies":"Jaw Worm","floor":5,"turns":1},{"damage":0,"enemies":"Lagavulin","floor":6,"turns":1},{"damage":8,"enemies":"Small Slimes","floor":8,"turns":3},{"damage":38,"enemies":"3 Sentries","floor":10,"turns":6},{"damage":5,"enemies":"3 Louse","floor":12,"turns":3},{"damage":22,"enemies":"Exordium Wildlife","floor":14,"turns":4},{"damage":1,"enemies":"Hexaghost","floor":16,"turns":9},{"damage":32,"enemies":"Chosen","floor":18,"turns":5},{"damage":0,"enemies":"Masked Bandits","floor":19,"turns":2},{"damage":19,"enemies":"Shell Parasite","floor":20,"turns":5},{"damage":0,"enemies":"3 Cultists","floor":22,"turns":2},{"damage":18,"enemies":"Centurion and Healer","floor":24,"turns":4},{"damage":0,"enemies":"Slavers","floor":25,"turns":1},{"damage":10,"enemies":"Snecko","floor":27,"turns":6},{"damage":20,"enemies":"Shelled Parasite and Fungi","floor":28,"turns":4},{"damage":7,"enemies":"Cultist and Chosen","floor":29,"turns":3}],"seed_played":"4888507854566882492","potions_obtained":[{"floor":1,"key":"SpeedPotion"},{"floor":6,"key":"Dexterity Potion"},{"floor":14,"key":"Fire Potion"},{"floor":16,"key":"Poison Potion"},{"floor":18,"key":"AttackPotion"},{"floor":20,"key":"SmokeBomb"},{"floor":24,"key":"Regen Potion"}],"is_trial":false,"path_per_floor":["M","?","?","$","M","E","R","M","T","E","$","M","R","M","R","B",null,"M","?","M","?","M","R","M","E","T","M","M","M"],"character_chosen":"DEFECT","items_purchased":["FocusPotion"],"campfire_rested":2,"item_purchase_floors":[11],"current_hp_per_floor":[64,64,64,64,64,64,64,56,56,18,18,13,34,12,12,11,56,24,24,5,5,5,26,8,8,8,14,2,0],"gold":194,"neow_bonus":"THREE_ENEMY_KILL","is_prod":false,"is_daily":false,"chose_seed":false,"campfire_upgraded":2,"win_rate":0,"timestamp":1550212175,"path_taken":["M","?","?","?","M","E","R","M","T","E","$","M","R","M","R","BOSS","M","?","M","?","M","R","M","E","T","M","M","M"],"build_version":"2019-01-23","purchased_purges":1,"victory":false,"max_hp_per_floor":[71,71,71,71,71,71,71,71,71,71,71,71,71,71,71,71,71,71,71,71,71,71,71,71,71,71,71,71,71],"card_choices":[{"not_picked":["Tempest","Static Discharge"],"picked":"Coolheaded","floor":1},{"not_picked":["Compile Driver","Ball Lightning"],"picked":"Beam Cell","floor":5},{"not_picked":["Core Surge","White Noise"],"picked":"Creative AI","floor":6},{"not_picked":["Conserve Battery","Streamline"],"picked":"Capacitor","floor":8},{"not_picked":["Beam Cell","Sunder","Stack"],"picked":"SKIP","floor":10},{"not_picked":["Rip and Tear","Hello World"],"picked":"White Noise","floor":12},{"not_picked":["Leap","Streamline"],"picked":"Conserve Battery","floor":14},{"not_picked":["All For One","Rainbow"],"picked":"Electrodynamics","floor":16},{"not_picked":["Gash","Compile Driver"],"picked":"Cold Snap","floor":18},{"not_picked":["Creative AI","Beam Cell"],"picked":"Tempest+1","floor":19},{"not_picked":["Compile Driver","Hologram"],"picked":"Defragment","floor":20},{"not_picked":["Doom and Gloom","Recycle","Ball Lightning"],"picked":"SKIP","floor":22},{"not_picked":["Gash","Chaos"],"picked":"Coolheaded","floor":24},{"not_picked":["Beam Cell","Barrage","Stack+1"],"picked":"SKIP","floor":27},{"not_picked":["Auto Shields","Ball Lightning"],"picked":"Cold Snap","floor":28}],"player_experience":1595930,"relics_obtained":[{"floor":6,"key":"Bronze Scales"},{"floor":9,"key":"Kunai"},{"floor":10,"key":"Potion Belt"},{"floor":19,"key":"Red Mask"},{"floor":26,"key":"Bird Faced Urn"}],"event_choices":[{"cards_removed":["Defend_B"],"damage_healed":0,"gold_gain":0,"player_choice":"Card Removal","damage_taken":0,"max_hp_gain":0,"max_hp_loss":0,"event_name":"The Cleric","floor":2,"gold_loss":75},{"damage_healed":0,"gold_gain":0,"player_choice":"Box","damage_taken":0,"relics_obtained":["War Paint"],"max_hp_gain":0,"max_hp_loss":0,"event_name":"Big Fish","floor":3,"gold_loss":0,"cards_obtained":["Regret"]},{"damage_healed":0,"gold_gain":0,"player_choice":"Fought Bandits","damage_taken":0,"max_hp_gain":0,"max_hp_loss":0,"event_name":"Masked Bandits","floor":19,"gold_loss":0},{"cards_removed":["Strike_B"],"damage_healed":0,"gold_gain":0,"player_choice":"Gave Gold","damage_taken":0,"max_hp_gain":0,"max_hp_loss":0,"event_name":"Beggar","floor":21,"gold_loss":75}],"is_beta":false,"boss_relics":[{"not_picked":["Velvet Choker","Calling Bell"],"picked":"Runic Dome"}],"items_purged_floors":[11],"is_endless":false,"potions_floor_spawned":[1,6,14,16,18,20,24,25],"killed_by":"Cultist and Chosen","ascension_level":20}