{"gold_per_floor":[116,81,81,92,107,134,158,333,357,28,43,43,71,90,90,161,161,177,177,191,191,204,204,204],"floor_reached":24,"playtime":1379,"items_purged":["Doubt"],"score":340,"play_id":"20930bed-364c-442f-9acf-3e8f170f37d5","local_time":"20180922152710","is_ascension_mode":true,"campfire_choices":[{"floor":12.0,"key":"REST"},{"data":"Hello World","floor":15.0,"key":"SMITH"},{"floor":23,"key":"REST"}],"neow_cost":"NONE","seed_source_timestamp":679468466869125,"circlet_count":0,"master_deck":["Strike_B","Strike_B","Strike_B","Strike_B","Defend_B","Defend_B","Defend_B","Defend_B","Zap","Dualcast","AscendersBane","Hello World","Chaos","Ball Lightning","Self Repair","Hello World+1","Self Repair","Chill","Amplify","Electrodynamics","Capacitor","Capacitor","Self Repair"],"special_seed":0,"relics":["Cracked Core","Smiling Mask","Vajra","Bag of Preparation","Lee\u0027s Waffle","Art of War","Black Star"],"potions_floor_usage":[24],"damage_taken":[{"damage":0.0,"enemies":"Small Slimes","floor":1.0,"turns":2.0},{"damage":2.0,"enemies":"Jaw Worm","floor":4.0,"turns":4.0},{"damage":0.0,"enemies":"Cultist","floor":5.0,"turns":3.0},{"damage":72.0,"enemies":"Gremlin Nob","floor":6.0,"turns":5.0},{"damage":21.0,"enemies":"Lots of Slimes","floor":11.0,"turns":3.0},{"damage":31.0,"enemies":"3 Sentries","floor":13.0,"turns":7.0},{"damage":3.0,"enemies":"Blue Slaver","floor":14.0,"turns":5.0},{"damage":30.0,"enemies":"Hexaghost","floor":16.0,"turns":10.0},{"damage":6,"enemies":"3 Byrds","floor":18,"turns":2},{"damage":12,"enemies":"Chosen","floor":20,"turns":6},{"damage":36,"enemies":"Centurion and Healer","floor":22,"turns":8},{"damage":90,"enemies":"Gremlin Leader","floor":24,"turns":7}],"seed_played":"6294970897539816974","potions_obtained":[{"floor":0.0,"key":"FocusPotion"},{"floor":0.0,"key":"SkillPotion"},{"floor":14.0,"key":"Block Potion"},{"floor":18,"key":"Fire Potion"}],"is_trial":false,"path_per_floor":["M","?","?","M","M","E","T","?","T","$","M","R","E","M","R","B",null,"M","?","M","?","M","R"],"character_chosen":"DEFECT","items_purchased":["Lee\u0027s Waffle","Hello World"],"campfire_rested":2,"item_purchase_floors":[10,10],"current_hp_per_floor":[68,75,75,73,73,1,1,1,1,82,68,82,65,76,76,60,77,82,82,82,79,64,82,0],"gold":204,"neow_bonus":"THREE_SMALL_POTIONS","is_prod":false,"is_daily":false,"chose_seed":false,"campfire_upgraded":1,"win_rate":0,"timestamp":1537619230,"path_taken":["M","?","?","M","M","E","?","?","T","$","M","R","E","M","R","BOSS","M","?","M","?","?","R","E"],"build_version":"2018-09-20","purchased_purges":1,"victory":false,"max_hp_per_floor":[75,75,75,75,75,75,75,75,75,82,82,82,82,82,82,82,82,82,82,82,82,82,82,82],"card_choices":[{"not_picked":["Consume","Ball Lightning"],"picked":"Hello World","floor":1.0},{"not_picked":["Melter","Barrage"],"picked":"Chaos","floor":4.0},{"not_picked":["Lockon","Steam Power"],"picked":"Ball Lightning","floor":5.0},{"not_picked":["Double Energy","Recycle"],"picked":"Self Repair","floor":6.0},{"not_picked":["Doom and Gloom","Redo"],"picked":"Self Repair","floor":11.0},{"not_picked":["Darkness","Hologram"],"picked":"Chill","floor":13.0},{"not_picked":["Hologram","Redo"],"picked":"Amplify","floor":14.0},{"not_picked":["Seek","Multi-Cast"],"picked":"Electrodynamics","floor":16.0},{"not_picked":["Steam","Beam Cell"],"picked":"Capacitor","floor":18},{"not_picked":["Doom and Gloom","Steam Power"],"picked":"Capacitor","floor":20},{"not_picked":["Go for the Eyes","Stack"],"picked":"Self Repair","floor":22}],"player_experience":716726,"relics_obtained":[{"floor":6.0,"key":"Smiling Mask"},{"floor":7.0,"key":"Vajra"},{"floor":9.0,"key":"Bag of Preparation"},{"floor":13.0,"key":"Art of War"}],"event_choices":[{"event_name":"The Cleric","player_choice":"Healed","floor":2.0,"damage_taken":0.0},{"event_name":"Purifier","player_choice":"Skipped","floor":3.0,"damage_taken":0.0},{"event_name":"Liars Game","player_choice":"agreed","floor":8.0,"damage_taken":0.0},{"event_name":"Ghosts","player_choice":"Ignored","floor":19,"damage_taken":0},{"event_name":"Designer","player_choice":"Punch","floor":21,"damage_taken":0}],"is_beta":false,"boss_relics":[{"not_picked":["Busted Crown","Tiny House"],"picked":"Black Star"}],"items_purged_floors":[10],"is_endless":false,"potions_floor_spawned":[1,4,14,18],"killed_by":"Gremlin Leader","ascension_level":13}