{"gold_per_floor":[116,133,147,163,182,182,182,182,182,197,212,212,224,235,235,330,330,296,315,328,347,347,347,363,363,363,378,157,67,86,106,106,106],"floor_reached":33,"playtime":2112,"items_purged":["Strike_R"],"score":349,"play_id":"606e0068-da32-4b32-9518-699907d30ade","local_time":"20190424020321","daily_mods":["Heirloom","Time Dilation","Flight"],"is_ascension_mode":false,"campfire_choices":[{"floor":6.0,"key":"REST"},{"data":"Echo Form","floor":7.0,"key":"SMITH"},{"data":"Whirlwind","floor":8.0,"key":"SMITH"},{"floor":12.0,"key":"REST"},{"floor":15.0,"key":"REST"},{"floor":23.0,"key":"REST"},{"data":"Body Slam","floor":25.0,"key":"SMITH"},{"floor":32.0,"key":"REST"}],"neow_cost":"","seed_source_timestamp":0,"circlet_count":0,"master_deck":["Demon Form","Wraith Form v2","Echo Form+1","Strike_R","Strike_R","Strike_R","Defend_R","Defend_R","Defend_R","Defend_R","Bash","Second Wind","Burning Pact","Whirlwind+1","Shockwave","Ghostly Armor","Warcry","Evolve+1","Reaper","Rupture","Immolate","Feel No Pain","Body Slam+1","Shrug It Off","Heavy Blade","Body Slam+1","Second Wind","Entrench","Feed"],"special_seed":0,"relics":["Black Blood","Gremlin Horn","Nloth\u0027s Gift","Pantograph","Pen Nib"],"potions_floor_usage":[33],"damage_taken":[{"damage":8.0,"enemies":"Small Slimes","floor":1.0,"turns":4.0},{"damage":15.0,"enemies":"Cultist","floor":2.0,"turns":4.0},{"damage":12.0,"enemies":"2 Louse","floor":3.0,"turns":3.0},{"damage":14.0,"enemies":"Exordium Thugs","floor":4.0,"turns":5.0},{"damage":21.0,"enemies":"Red Slaver","floor":5.0,"turns":5.0},{"damage":8.0,"enemies":"2 Fungi Beasts","floor":10.0,"turns":3.0},{"damage":31.0,"enemies":"3 Louse","floor":11.0,"turns":4.0},{"damage":9.0,"enemies":"Blue Slaver","floor":13.0,"turns":4.0},{"damage":8.0,"enemies":"Lots of Slimes","floor":14.0,"turns":3.0},{"damage":33.0,"enemies":"The Guardian","floor":16.0,"turns":6.0},{"damage":24.0,"enemies":"2 Thieves","floor":18.0,"turns":5.0},{"damage":18.0,"enemies":"Chosen","floor":19.0,"turns":6.0},{"damage":12.0,"enemies":"3 Cultists","floor":20.0,"turns":3.0},{"damage":40.0,"enemies":"Sentry and Sphere","floor":21.0,"turns":5.0},{"damage":14.0,"enemies":"Chosen and Byrds","floor":24.0,"turns":8.0},{"damage":21.0,"enemies":"Cultist and Chosen","floor":27.0,"turns":4.0},{"damage":22.0,"enemies":"Centurion and Healer","floor":30.0,"turns":6.0},{"damage":10.0,"enemies":"Snecko","floor":31.0,"turns":5.0},{"damage":80,"enemies":"Automaton","floor":33,"turns":10}],"seed_played":"-6864517398254464019","potions_obtained":[{"floor":3.0,"key":"SteroidPotion"},{"floor":5.0,"key":"Explosive Potion"},{"floor":11.0,"key":"FearPotion"},{"floor":19.0,"key":"Strength Potion"},{"floor":30.0,"key":"SneckoOil"},{"floor":31.0,"key":"SpeedPotion"}],"is_trial":true,"path_per_floor":["M","M","M","M","M","R","R","R","T","M","M","R","M","M","R","B",null,"M","M","M","M","?","R","M","R","T","M","$","?","M","M","R","B"],"character_chosen":"IRONCLAD","items_purchased":["Pen Nib"],"campfire_rested":5,"item_purchase_floors":[28],"current_hp_per_floor":[78,69,63,55,40,64,64,64,64,62,37,61,58,56,80,53,80,66,58,56,26,26,50,50,50,50,39,39,39,27,42,66,0],"gold":106,"neow_bonus":"","is_prod":false,"is_daily":false,"chose_seed":false,"campfire_upgraded":3,"win_rate":0,"timestamp":1556039001,"path_taken":["M","M","M","M","M","R","R","R","T","M","M","R","M","M","R","BOSS","M","M","M","M","?","R","M","R","T","M","?","?","?","M","R","BOSS"],"build_version":"2019-01-23","purchased_purges":1,"victory":false,"max_hp_per_floor":[80,80,80,80,80,80,80,80,80,80,80,80,80,80,80,80,80,80,80,80,80,80,80,80,80,80,80,80,80,80,80,80,80],"card_choices":[{"not_picked":["Pommel Strike","Thunderclap"],"picked":"Second Wind","floor":1.0},{"not_picked":["Clash","Pummel"],"picked":"Burning Pact","floor":2.0},{"not_picked":["Clothesline","Heavy Blade"],"picked":"Whirlwind","floor":3.0},{"not_picked":["Sentinel","Headbutt"],"picked":"Shockwave","floor":4.0},{"not_picked":["Heavy Blade","Rampage"],"picked":"Ghostly Armor","floor":5.0},{"not_picked":["Anger","Havoc"],"picked":"Warcry","floor":10.0},{"not_picked":["Fire Breathing","Rage"],"picked":"Evolve","floor":11.0},{"not_picked":["Thunderclap","Sever Soul"],"picked":"Reaper","floor":13.0},{"not_picked":["Anger","Metallicize"],"picked":"Rupture","floor":14.0},{"not_picked":["Demon Form","Reaper"],"picked":"Immolate","floor":16.0},{"not_picked":["Infernal Blade","Body Slam"],"picked":"Feel No Pain","floor":18.0},{"not_picked":["Intimidate","Cleave+1"],"picked":"Body Slam+1","floor":19.0},{"not_picked":["Rage","Fire Breathing"],"picked":"Shrug It Off","floor":20.0},{"not_picked":["Warcry","Flex"],"picked":"Heavy Blade","floor":21.0},{"not_picked":["Clothesline","Anger"],"picked":"Body Slam","floor":24.0},{"not_picked":["Bloodletting+1","Infernal Blade+1"],"picked":"Second Wind","floor":27.0},{"not_picked":["Thunderclap","Havoc"],"picked":"Entrench","floor":30.0},{"not_picked":["Fire Breathing+1","Immolate"],"picked":"Feed","floor":31.0}],"player_experience":363910,"relics_obtained":[{"floor":9.0,"key":"Gremlin Horn"},{"floor":26.0,"key":"Pantograph"}],"event_choices":[{"damage_healed":0.0,"max_hp_gain":0.0,"max_hp_loss":0.0,"gold_gain":0.0,"event_name":"N\u0027loth","player_choice":"Traded Relic","floor":22.0,"relics_lost":["Nunchaku"],"gold_loss":0.0,"damage_taken":0.0,"relics_obtained":["Nloth\u0027s Gift"]},{"cards_removed":["Strike_R"],"damage_healed":0.0,"max_hp_gain":0.0,"max_hp_loss":0.0,"gold_gain":0.0,"event_name":"Designer","player_choice":"Upgrade and Remove","floor":29.0,"gold_loss":90.0,"damage_taken":0.0,"cards_upgraded":["Evolve"]}],"is_beta":false,"boss_relics":[{"not_picked":["Runic Cube","Tiny House"],"picked":"Black Blood"}],"items_purged_floors":[28],"is_endless":true,"potions_floor_spawned":[3,5,11,19,30,31],"killed_by":"Automaton","ascension_level":0}