{"gold_per_floor":[111,261,271,271,284,284,312,312,312,344,344,88,107,22,22,96,96,107,107,127,127],"floor_reached":21,"playtime":551,"items_purged":[],"score":474,"play_id":"598f2cfc-6726-49cf-8dc6-4d5381a1c184","local_time":"20190310224311","is_ascension_mode":true,"campfire_choices":[{"data":"Barrage","floor":6,"key":"SMITH"},{"floor":8,"key":"REST"},{"floor":15,"key":"REST"}],"neow_cost":"NONE","seed_source_timestamp":131190091536800,"circlet_count":0,"master_deck":["AscendersBane","Strike_B+1","Strike_B","Strike_B+1","Strike_B","Defend_B","Defend_B","Defend_B","Defend_B","Zap","Dualcast","Barrage+1","Doom and Gloom","Creative AI","Loop","Consume","Loop","Rainbow","Turbo"],"relics":["Cracked Core","NeowsBlessing","Question Card","Happy Flower","Strawberry","Bag of Preparation","Busted Crown","Enchiridion"],"potions_floor_usage":[13,13],"damage_taken":[{"damage":0,"enemies":"Jaw Worm","floor":1,"turns":1},{"damage":0,"enemies":"2 Louse","floor":3,"turns":1},{"damage":0,"enemies":"Cultist","floor":5,"turns":1},{"damage":35,"enemies":"3 Sentries","floor":7,"turns":8},{"damage":25,"enemies":"Lagavulin","floor":10,"turns":7},{"damage":0,"enemies":"Exordium Wildlife","floor":13,"turns":1},{"damage":0,"enemies":"Slime Boss","floor":16,"turns":8},{"damage":31,"enemies":"Shell Parasite","floor":18,"turns":4},{"damage":6,"enemies":"Spheric Guardian","floor":20,"turns":3},{"damage":0,"enemies":"Cultist and Chosen","floor":21,"turns":2}],"seed_played":"-6662717803689980119","potions_obtained":[{"floor":3,"key":"LiquidBronze"},{"floor":10,"key":"Explosive Potion"},{"floor":13,"key":"FearPotion"},{"floor":18,"key":"SteroidPotion"}],"is_trial":false,"path_per_floor":["M","?","M","?","M","R","E","R","T","E","?","$","M","$","R","B",null,"M","?","M","M"],"character_chosen":"DEFECT","items_purchased":["Bag of Preparation","Loop","SteroidPotion","Loop"],"campfire_rested":2,"item_purchase_floors":[12,12,12,14],"current_hp_per_floor":[64,64,64,57,57,57,22,43,43,25,2,2,2,2,25,25,65,34,13,7,7],"gold":127,"neow_bonus":"THREE_ENEMY_KILL","is_prod":false,"is_daily":false,"chose_seed":false,"campfire_upgraded":1,"win_rate":0,"timestamp":1552225391,"path_taken":["M","?","M","?","?","R","E","R","T","E","?","$","M","?","R","BOSS","M","?","M","M"],"build_version":"2019-01-23","purchased_purges":0,"victory":false,"max_hp_per_floor":[71,71,71,71,71,71,71,71,71,78,78,78,78,78,78,78,78,78,78,78,78],"card_choices":[{"not_picked":["Redo","Heatsinks"],"picked":"Barrage","floor":1},{"not_picked":["Compile Driver","Stack"],"picked":"Doom and Gloom","floor":3},{"not_picked":["Rebound","Barrage","Lockon"],"picked":"SKIP","floor":5},{"not_picked":["Sweeping Beam","Streamline","Scrape"],"picked":"SKIP","floor":7},{"not_picked":["Melter","Doom and Gloom","Lockon"],"picked":"Creative AI","floor":10},{"not_picked":["Cold Snap","FTL","Heatsinks"],"picked":"Consume","floor":13},{"not_picked":["All For One","Multi-Cast","Hyperbeam"],"picked":"Rainbow","floor":16},{"not_picked":["Heatsinks","Sweeping Beam"],"picked":"SKIP","floor":18},{"not_picked":["Static Discharge"],"picked":"Turbo","floor":20}],"player_experience":2158728,"relics_obtained":[{"floor":7,"key":"Question Card"},{"floor":9,"key":"Happy Flower"},{"floor":10,"key":"Strawberry"},{"floor":19,"key":"Enchiridion"}],"event_choices":[{"damage_healed":0,"gold_gain":150,"player_choice":"AGREE","damage_taken":0,"max_hp_gain":0,"max_hp_loss":0,"event_name":"Liars Game","floor":2,"gold_loss":0,"cards_obtained":["Doubt"]},{"cards_removed":["Doubt"],"damage_healed":0,"gold_gain":0,"player_choice":"Card Removal","damage_taken":7,"max_hp_gain":0,"max_hp_loss":0,"event_name":"Golden Wing","floor":4,"gold_loss":0},{"damage_healed":0,"gold_gain":0,"player_choice":"Entered Light","damage_taken":23,"max_hp_gain":0,"max_hp_loss":0,"event_name":"Shining Light","floor":11,"gold_loss":0,"cards_upgraded":["Strike_B","Strike_B"]},{"damage_healed":0,"gold_gain":0,"player_choice":"Obtained Book","damage_taken":21,"max_hp_gain":0,"max_hp_loss":0,"event_name":"Cursed Tome","floor":19,"gold_loss":0}],"is_beta":false,"boss_relics":[{"not_picked":["Pandora\u0027s Box","Nuclear Battery"],"picked":"Busted Crown"}],"items_purged_floors":[],"is_endless":false,"potions_floor_spawned":[3,10,13,18],"killed_by":"Cultist and Chosen","ascension_level":20}