{"path_per_floor":["M","M","M","M","M","R","E","M","T","R","E","R","E","M","R","B",null,"M","M","M","?","M","R","E","?","T","M","$","?","R","M","R","B",null,"M","?","$","?"],"character_chosen":"THE_SILENT","items_purchased":["Frozen Egg 2","Envenom","Flash of Steel","Infinite Blades"],"gold_per_floor":[119,133,149,163,175,175,201,215,239,239,270,270,300,318,318,420,420,440,450,467,467,484,484,513,513,513,528,71,161,161,181,181,279,279,292,292,25,77],"floor_reached":39,"campfire_rested":1,"playtime":3113,"current_hp_per_floor":[65,65,65,58,56,56,46,46,46,46,44,44,29,16,16,11,61,47,47,19,19,2,25,38,63,63,44,44,28,28,28,28,57,72,35,67,67,33],"items_purged":["Decay","Decay"],"gold":77,"score":529,"play_id":"13ab1e59-b3b2-4c60-95f2-2be7ac0af22d","local_time":"20180304163923","is_prod":false,"is_daily":false,"is_ascension_mode":true,"campfire_upgraded":6,"timestamp":1520152763,"path_taken":["M","M","M","?","M","R","E","M","T","R","E","R","E","?","R","BOSS","M","M","M","?","M","R","E","?","T","M","$","?","R","?","R","BOSS","M","?","$","?","M"],"build_version":"2018-03-02-BETA2","purchased_purges":2,"victory":false,"master_deck":["Defend_G","Defend_G","Defend_G","Defend_G","Defend_G","Strike_G","Strike_G","Strike_G","Strike_G","Strike_G","Survivor","Neutralize","Flying Knee","Noxious Fumes+1","Cloak And Dagger+1","Backflip","Dash","Night Terror+1","A Thousand Cuts+1","Footwork+1","Leg Sweep","Burst+1","Cloak And Dagger","Setup","Blur","Well Laid Plans","Cloak And Dagger+1","Envenom+1","Bane+1","Wraith Form+1","Flash of Steel","Infinite Blades+1","Deadly Poison+1"],"max_hp_per_floor":[70,70,70,70,70,70,77,77,77,77,77,77,77,77,77,77,77,77,77,77,77,77,77,77,77,77,77,77,77,77,77,77,77,77,77,67,67,67],"relics":["Lizard Tail","Strawberry","Lantern","Sundial","Pantograph","Cursed Key","Bag of Marbles","Ginger","Frozen Egg 2","Sozu","Torii"],"card_choices":[{"not_picked":["Crippling Poison","All Out Attack"],"picked":"Flying Knee"},{"not_picked":["Calculated Gamble","Bane"],"picked":"Noxious Fumes"},{"not_picked":["Concentrate","Malaise"],"picked":"Cloak And Dagger"},{"not_picked":["Heel Hook","Underhanded Strike"],"picked":"Backflip"},{"not_picked":["PiercingWail","Dodge and Roll"],"picked":"Dash"},{"not_picked":["Masterful Stab","Dodge and Roll"],"picked":"Night Terror"},{"not_picked":["Dagger Spray","Setup"],"picked":"A Thousand Cuts"},{"not_picked":["Dodge and Roll","Predator"],"picked":"Footwork"},{"not_picked":["Flying Knee","Deflect"],"picked":"Leg Sweep"},{"not_picked":["Wraith Form","Glass Knife"],"picked":"Burst"},{"not_picked":["Expertise","Backflip"],"picked":"Cloak And Dagger"},{"not_picked":["Leg Sweep","Backstab"],"picked":"Setup"},{"not_picked":["Dagger Spray","Backflip"],"picked":"Blur"},{"not_picked":["Distraction","Crippling Poison"],"picked":"Well Laid Plans"},{"not_picked":["Underhanded Strike","Slice"],"picked":"Cloak And Dagger"},{"not_picked":["Well Laid Plans","Poisoned Stab"],"picked":"Bane"},{"not_picked":["Corpse Explosion","Unload"],"picked":"Wraith Form"},{"not_picked":["Terror","All Out Attack"],"picked":"Deadly Poison"}],"player_experience":150710,"potions_floor_usage":[11,11,13,16,20,24,24,33,33],"damage_taken":[{"damage":5,"enemies":"Cultist","floor":1,"turns":5},{"damage":0,"enemies":"Jaw Worm","floor":2,"turns":4},{"damage":0,"enemies":"2 Louse","floor":3,"turns":3},{"damage":7,"enemies":"Red Slaver","floor":4,"turns":4},{"damage":2,"enemies":"Blue Slaver","floor":5,"turns":4},{"damage":17,"enemies":"3 Sentries","floor":7,"turns":9},{"damage":0,"enemies":"Large Slime","floor":8,"turns":5},{"damage":2,"enemies":"Gremlin Nob","floor":11,"turns":3},{"damage":15,"enemies":"Lagavulin","floor":13,"turns":6},{"damage":13,"enemies":"Exordium Thugs","floor":14,"turns":4},{"damage":30,"enemies":"The Guardian","floor":16,"turns":10},{"damage":14,"enemies":"Spheric Guardian","floor":18,"turns":8},{"damage":0,"enemies":"3 Byrds","floor":19,"turns":3},{"damage":43,"enemies":"Cultist and Chosen","floor":20,"turns":8},{"damage":17,"enemies":"Snake Plant","floor":22,"turns":6},{"damage":25,"enemies":"Slavers","floor":24,"turns":5},{"damage":19,"enemies":"Centurion and Healer","floor":27,"turns":8},{"damage":0,"enemies":"3 Cultists","floor":31,"turns":4},{"damage":11,"enemies":"Champ","floor":33,"turns":17},{"damage":37,"enemies":"Orb Walker","floor":35,"turns":5},{"damage":34,"enemies":"Mysterious Sphere","floor":38,"turns":6},{"damage":42,"enemies":"3 Darklings","floor":39,"turns":5}],"event_choices":[{"event_name":"Forgotten Altar","player_choice":"Smashed Altar","floor":21,"damage_taken":0},{"event_name":"The Library","player_choice":"Heal","floor":25,"damage_taken":0},{"event_name":"Knowing Skull","player_choice":"GOLD ","floor":29,"damage_taken":0},{"event_name":"The Moai Head","player_choice":"Heal","floor":36,"damage_taken":0},{"event_name":"Mysterious Sphere","player_choice":"Fight","floor":38,"damage_taken":0}],"boss_relics":[{"not_picked":["Eternal Feather","Runic Pyramid"],"picked":"Cursed Key"},{"not_picked":["Black Star","Snecko Eye"],"picked":"Sozu"}],"potions_floor_spawned":[1,4,8,11,13,16,19,20,24],"seed_played":"6228146577607483006","killed_by":"3 Darklings","ascension_level":5,"is_trial":false}