{"gold_per_floor":[113,38,3,3,19,51,51,63,63,82,111,211,211,238,238,312,312,329,345,47,66,66,99,99,124,124,140,140,140,156,186,186,260,260,278,297,1296,615,615,649,649,649,649,665,693,693,705,735,735,735],"floor_reached":50,"playtime":1971,"items_purged":["Defend_B","Normality"],"score":1337,"play_id":"f7743ba8-bb08-4f17-9a7b-8d2edf8c818c","local_time":"20190219144240","is_ascension_mode":true,"campfire_choices":[{"data":"Electrodynamics","floor":7.0,"key":"SMITH"},{"data":"Streamline","floor":13.0,"key":"SMITH"},{"data":"Capacitor","floor":15.0,"key":"SMITH"},{"floor":24.0,"key":"REST"},{"floor":28.0,"key":"REST"},{"data":"Loop","floor":32.0,"key":"SMITH"},{"floor":49,"key":"RECALL"}],"neow_cost":"NONE","seed_source_timestamp":447763896421100,"circlet_count":0,"master_deck":["AscendersBane","Strike_B","Defend_B","Defend_B","Zap","Dualcast","Glacier","Capacitor+1","Electrodynamics+1","Streamline+1","Core Surge","Barrage","Reboot+1","Leap+1","Defragment+1","Conserve Battery+1","Streamline","Turbo+1","Conserve Battery+1","Coolheaded+1","Hologram+1","Double Energy+1","Loop+1","Core Surge","Blizzard","Normality","Glacier+1","Loop+1","Coolheaded+1","Coolheaded+1","Hello World+1","Coolheaded+1","Heatsinks+1"],"special_seed":0,"relics":["Cracked Core","NeowsBlessing","Mummified Hand","Emotion Chip","Toxic Egg 2","Mercury Hourglass","Orichalcum","Inserter","Medical Kit","Blood Vial","Bronze Scales","Smiling Mask","Art of War","Fusion Hammer","Potion Belt","Question Card","Frozen Egg 2","Meat on the Bone","Du-Vu Doll"],"potions_floor_usage":[],"damage_taken":[{"damage":0.0,"enemies":"2 Louse","floor":1.0,"turns":1.0},{"damage":0.0,"enemies":"Jaw Worm","floor":5.0,"turns":1.0},{"damage":0.0,"enemies":"Gremlin Nob","floor":6.0,"turns":1.0},{"damage":0.0,"enemies":"Cultist","floor":8.0,"turns":3.0},{"damage":9.0,"enemies":"Large Slime","floor":10.0,"turns":3.0},{"damage":5.0,"enemies":"3 Sentries","floor":11.0,"turns":3.0},{"damage":9.0,"enemies":"Gremlin Nob","floor":14.0,"turns":4.0},{"damage":26.0,"enemies":"Hexaghost","floor":16.0,"turns":8.0},{"damage":15.0,"enemies":"2 Thieves","floor":18.0,"turns":3.0},{"damage":7.0,"enemies":"3 Byrds","floor":19.0,"turns":2.0},{"damage":16.0,"enemies":"Shelled Parasite and Fungi","floor":21.0,"turns":4.0},{"damage":13.0,"enemies":"Book of Stabbing","floor":23.0,"turns":4.0},{"damage":28.0,"enemies":"Slavers","floor":25.0,"turns":3.0},{"damage":1.0,"enemies":"Snake Plant","floor":27.0,"turns":3.0},{"damage":0.0,"enemies":"Chosen and Byrds","floor":30.0,"turns":5.0},{"damage":6.0,"enemies":"Gremlin Leader","floor":31.0,"turns":4.0},{"damage":18.0,"enemies":"Champ","floor":33.0,"turns":8.0},{"damage":16.0,"enemies":"Orb Walker","floor":35.0,"turns":3.0},{"damage":14.0,"enemies":"3 Darklings","floor":36.0,"turns":4.0},{"damage":31.0,"enemies":"Giant Head","floor":40.0,"turns":9.0},{"damage":0.0,"enemies":"Sphere and 2 Shapes","floor":44.0,"turns":6.0},{"damage":9.0,"enemies":"Reptomancer","floor":45.0,"turns":6.0},{"damage":30.0,"enemies":"Maw","floor":47.0,"turns":9.0},{"damage":15.0,"enemies":"Nemesis","floor":48.0,"turns":8.0},{"damage":0,"enemies":"Time Eater","floor":50,"turns":1}],"seed_played":"8447449857110859603","potions_obtained":[{"floor":5.0,"key":"SteroidPotion"},{"floor":8.0,"key":"LiquidBronze"},{"floor":19.0,"key":"FairyPotion"},{"floor":27.0,"key":"SkillPotion"},{"floor":30.0,"key":"Fire Potion"},{"floor":40.0,"key":"Energy Potion"},{"floor":46.0,"key":"LiquidBronze"},{"floor":46.0,"key":"SpeedPotion"},{"floor":47.0,"key":"Strength Potion"}],"is_trial":false,"path_per_floor":["M","$","?","T","M","E","R","M","T","M","E","?","R","E","R","B",null,"M","M","$","M","?","E","R","E","T","M","R","?","M","E","R","B",null,"M","M","?","$","?","E","?","?","T","M","E","?","M","E","R","B"],"character_chosen":"DEFECT","items_purchased":["Capacitor","Medical Kit","Glacier+1","Potion Belt","Question Card","Loop","Swift Potion"],"campfire_rested":2,"item_purchase_floors":[2,20,38,38,38,38,38],"current_hp_per_floor":[64,64,71,71,71,71,71,71,71,62,57,57,57,48,48,22,59,44,37,37,21,21,8,29,3,3,4,25,25,27,23,23,7,55,41,29,29,29,58,27,27,27,27,29,22,22,17,16,16,18],"gold":735,"neow_bonus":"THREE_ENEMY_KILL","is_prod":false,"is_daily":false,"chose_seed":false,"campfire_upgraded":4,"win_rate":0,"timestamp":1550554960,"path_taken":["M","$","?","?","?","E","R","M","T","M","E","?","R","E","R","BOSS","M","?","?","?","?","E","R","E","T","M","R","?","?","E","R","BOSS","M","M","?","$","?","E","?","?","T","?","E","?","?","E","R","BOSS"],"build_version":"2019-01-23","purchased_purges":2,"victory":false,"max_hp_per_floor":[71,71,71,71,71,71,71,71,71,71,71,71,71,71,71,71,71,71,71,71,71,71,71,71,71,71,71,71,71,71,71,71,71,71,71,71,71,71,58,58,58,58,58,58,58,58,58,58,58,58],"card_choices":[{"not_picked":["Rebound","Turbo"],"picked":"Glacier","floor":1.0},{"not_picked":["Darkness","Sweeping Beam","Stack"],"picked":"SKIP","floor":5.0},{"not_picked":["Cold Snap","Lockon"],"picked":"Electrodynamics","floor":6.0},{"not_picked":["Doom and Gloom","Go for the Eyes"],"picked":"Streamline","floor":8.0},{"not_picked":["Darkness+1","Rebound","Tempest+1"],"picked":"SKIP","floor":10.0},{"not_picked":["Go for the Eyes","Force Field+1"],"picked":"Core Surge","floor":11.0},{"not_picked":["Hello World","Beam Cell"],"picked":"Barrage","floor":14.0},{"not_picked":["Echo Form","Hyperbeam"],"picked":"Reboot+1","floor":16.0},{"not_picked":["Stack+1","Beam Cell"],"picked":"Leap+1","floor":18.0},{"not_picked":["Leap+1","Barrage"],"picked":"Defragment+1","floor":19.0},{"not_picked":["Rebound+1","Beam Cell"],"picked":"Conserve Battery+1","floor":21.0},{"not_picked":["Doom and Gloom","Barrage"],"picked":"Conserve Battery+1","floor":23.0},{"not_picked":["FTL","Ball Lightning+1"],"picked":"Coolheaded+1","floor":25.0},{"not_picked":["Rip and Tear","Fusion+1"],"picked":"Hologram+1","floor":27.0},{"not_picked":["Steam+1","Storm"],"picked":"Double Energy+1","floor":30.0},{"not_picked":["Sweeping Beam","Skim+1"],"picked":"Loop","floor":31.0},{"not_picked":["Electrodynamics","Machine Learning"],"picked":"Core Surge","floor":33.0},{"not_picked":["Doom and Gloom+1","Streamline"],"picked":"Blizzard","floor":35.0},{"not_picked":["Melter+1","Barrage","Steam+1"],"picked":"SKIP","floor":36.0},{"not_picked":["Doom and Gloom","Stack+1","Leap+1"],"picked":"Coolheaded+1","floor":40.0},{"not_picked":["Rebound","Hologram+1","Reprogram+1"],"picked":"Coolheaded+1","floor":44.0},{"not_picked":["Machine Learning+1","Steam+1","Lockon"],"picked":"Hello World+1","floor":45.0},{"not_picked":["Stack+1","Melter","Beam Cell"],"picked":"Coolheaded+1","floor":47.0},{"not_picked":["Redo+1","Hello World+1","FTL"],"picked":"Heatsinks+1","floor":48.0}],"player_experience":1638100,"relics_obtained":[{"floor":4.0,"key":"Mummified Hand"},{"floor":6.0,"key":"Emotion Chip"},{"floor":9.0,"key":"Toxic Egg 2"},{"floor":11.0,"key":"Mercury Hourglass"},{"floor":14.0,"key":"Orichalcum"},{"floor":23.0,"key":"Blood Vial"},{"floor":25.0,"key":"Bronze Scales"},{"floor":26.0,"key":"Smiling Mask"},{"floor":31.0,"key":"Art of War"},{"floor":40.0,"key":"Frozen Egg 2"},{"floor":45.0,"key":"Meat on the Bone"},{"floor":48.0,"key":"Du-Vu Doll"}],"event_choices":[{"damage_healed":17.0,"max_hp_gain":0.0,"max_hp_loss":0.0,"gold_gain":0.0,"event_name":"The Cleric","player_choice":"Healed","floor":3.0,"gold_loss":35.0,"damage_taken":0.0},{"damage_healed":0.0,"max_hp_gain":0.0,"max_hp_loss":0.0,"gold_gain":100.0,"event_name":"Wheel of Change","player_choice":"Gold","floor":12.0,"gold_loss":0.0,"damage_taken":0.0},{"damage_healed":0.0,"max_hp_gain":0.0,"max_hp_loss":0.0,"gold_gain":0.0,"cards_transformed":["Strike_B","Strike_B"],"event_name":"Drug Dealer","player_choice":"Became Test Subject","floor":22.0,"gold_loss":0.0,"damage_taken":0.0,"cards_obtained":["Streamline","Turbo"]},{"cards_removed":["Defend_B"],"damage_healed":0.0,"max_hp_gain":0.0,"max_hp_loss":0.0,"gold_gain":0.0,"event_name":"Purifier","player_choice":"Purged","floor":29.0,"gold_loss":0.0,"damage_taken":0.0},{"damage_healed":0.0,"max_hp_gain":0.0,"max_hp_loss":0.0,"gold_gain":999.0,"event_name":"MindBloom","player_choice":"Gold","floor":37.0,"gold_loss":0.0,"damage_taken":0.0,"cards_obtained":["Normality","Normality"]},{"damage_healed":58.0,"max_hp_gain":0.0,"max_hp_loss":13.0,"gold_gain":0.0,"event_name":"The Moai Head","player_choice":"Heal","floor":39.0,"gold_loss":0.0,"damage_taken":0.0},{"cards_removed":["Strike_B"],"damage_healed":0.0,"max_hp_gain":0.0,"max_hp_loss":0.0,"gold_gain":0.0,"event_name":"Falling","player_choice":"Removed Attack","floor":41.0,"gold_loss":0.0,"damage_taken":0.0},{"damage_healed":0.0,"max_hp_gain":0.0,"max_hp_loss":0.0,"gold_gain":0.0,"event_name":"Upgrade Shrine","player_choice":"Upgraded","floor":42.0,"gold_loss":0.0,"damage_taken":0.0,"cards_upgraded":["Loop"]},{"damage_healed":0.0,"max_hp_gain":0.0,"max_hp_loss":0.0,"gold_gain":0.0,"event_name":"Lab","player_choice":"Got Potions","floor":46.0,"gold_loss":0.0,"damage_taken":0.0}],"is_beta":false,"boss_relics":[{"not_picked":["Calling Bell","Tiny House"],"picked":"Inserter"},{"not_picked":["Black Star","Philosopher\u0027s Stone"],"picked":"Fusion Hammer"}],"items_purged_floors":[20,38],"is_endless":false,"potions_floor_spawned":[5,8,10,11,14,19,21,27,30,33,36,40,47],"killed_by":"Time Eater","ascension_level":20}