{"gold_per_floor":[111,74,88,13,32,32,60,60,106,106,127,27,27,40,40,40],"floor_reached":16,"playtime":512,"items_purged":["Strike_R","Strike_R"],"score":200,"play_id":"81e9c7e1-f645-4a56-8d0d-368162050885","local_time":"20190306130514","is_ascension_mode":true,"campfire_choices":[{"floor":6,"key":"REST"},{"data":"Armaments","floor":8,"key":"SMITH"},{"floor":15,"key":"REST"}],"neow_cost":"NONE","seed_source_timestamp":127744233286900,"circlet_count":0,"master_deck":["AscendersBane","Strike_R","Defend_R","Defend_R","Defend_R","Defend_R","Bash","Rampage","Second Wind","Armaments+1","Ghostly Armor","Whirlwind"],"relics":["Empty Cage","Oddly Smooth Stone","Golden Idol"],"potions_floor_usage":[7,7,7,7],"damage_taken":[{"damage":23,"enemies":"Cultist","floor":1,"turns":6},{"damage":3,"enemies":"Small Slimes","floor":3,"turns":4},{"damage":9,"enemies":"Jaw Worm","floor":5,"turns":4},{"damage":28,"enemies":"3 Sentries","floor":7,"turns":14},{"damage":7,"enemies":"3 Louse","floor":11,"turns":6},{"damage":0,"enemies":"Blue Slaver","floor":14,"turns":4},{"damage":21,"enemies":"Hexaghost","floor":16,"turns":10}],"seed_played":"-3636316788436172461","potions_obtained":[{"floor":3,"key":"EntropicBrew"},{"floor":5,"key":"Weak Potion"}],"is_trial":false,"path_per_floor":["M","$","M","$","M","R","E","R","T","?","M","$","?","M","R","B"],"character_chosen":"IRONCLAD","items_purchased":["Rampage"],"campfire_rested":2,"item_purchase_floors":[2],"current_hp_per_floor":[45,45,42,42,33,55,27,27,27,27,20,20,2,2,22,1],"gold":40,"neow_bonus":"BOSS_RELIC","is_prod":false,"is_daily":false,"chose_seed":false,"campfire_upgraded":1,"win_rate":0,"timestamp":1551845114,"path_taken":["M","$","?","$","M","R","E","R","T","?","M","$","?","M","R","BOSS"],"build_version":"2019-01-23","purchased_purges":2,"victory":false,"max_hp_per_floor":[75,75,75,75,75,75,75,75,75,68,68,68,68,68,68,68],"card_choices":[{"not_picked":["Anger","Metallicize","Clash"],"picked":"SKIP","floor":1},{"not_picked":["Armaments","Bloodletting"],"picked":"Second Wind","floor":3},{"not_picked":["Searing Blow","Berserk"],"picked":"Armaments","floor":5},{"not_picked":["Clothesline","Searing Blow","Flex"],"picked":"SKIP","floor":7},{"not_picked":["Pommel Strike","Second Wind"],"picked":"Ghostly Armor","floor":11},{"not_picked":["Sever Soul","Headbutt"],"picked":"Whirlwind","floor":14}],"player_experience":2028739,"relics_obtained":[{"floor":7,"key":"Oddly Smooth Stone"}],"event_choices":[{"damage_healed":0,"gold_gain":0,"player_choice":"Lose Max HP","damage_taken":0,"relics_obtained":["Golden Idol"],"max_hp_gain":0,"max_hp_loss":7,"event_name":"Golden Idol","floor":10,"gold_loss":0},{"damage_healed":0,"gold_gain":0,"player_choice":"Fled","damage_taken":18,"max_hp_gain":0,"max_hp_loss":0,"event_name":"Scrap Ooze","floor":13,"gold_loss":0}],"is_beta":false,"boss_relics":[],"items_purged_floors":[4,12],"is_endless":false,"potions_floor_spawned":[3,5],"killed_by":"Hexaghost","ascension_level":20}