{"gold_per_floor":[114,27,40,40,40,40,71,71,71,71],"floor_reached":10,"playtime":109,"items_purged":[],"score":178,"play_id":"1c3e7c19-147f-4605-99e1-19d1aff0b1d8","local_time":"20190305133246","is_ascension_mode":true,"campfire_choices":[{"data":"Bash","floor":6,"key":"SMITH"},{"data":"Entrench","floor":8,"key":"SMITH"}],"neow_cost":"NONE","seed_source_timestamp":43399333865600,"circlet_count":0,"master_deck":["AscendersBane","Strike_R","Strike_R","Strike_R","Strike_R","Strike_R","Defend_R","Defend_R","Defend_R","Defend_R","Bash+1","Entrench+1","Regret"],"relics":["Burning Blood","NeowsBlessing","Golden Idol","StoneCalendar","Darkstone Periapt"],"potions_floor_usage":[10],"damage_taken":[{"damage":0,"enemies":"Cultist","floor":1,"turns":1},{"damage":0,"enemies":"2 Louse","floor":3,"turns":1},{"damage":0,"enemies":"3 Sentries","floor":7,"turns":2},{"damage":56,"enemies":"Gremlin Nob","floor":10,"turns":4}],"seed_played":"-3376915623711855386","potions_obtained":[{"floor":1,"key":"EssenceOfSteel"}],"is_trial":false,"path_per_floor":["M","$","M","?","?","R","E","R","T","E"],"character_chosen":"IRONCLAD","items_purchased":["Entrench"],"campfire_rested":0,"item_purchase_floors":[2],"current_hp_per_floor":[74,74,75,49,49,49,55,55,55,0],"gold":71,"neow_bonus":"THREE_ENEMY_KILL","is_prod":false,"is_daily":false,"chose_seed":false,"campfire_upgraded":2,"win_rate":0,"timestamp":1551760366,"path_taken":["M","$","?","?","?","R","E","R","T","E"],"build_version":"2019-01-23","purchased_purges":0,"victory":false,"max_hp_per_floor":[75,75,75,75,75,75,75,75,75,75],"card_choices":[{"not_picked":["Hemokinesis","Body Slam","Flex"],"picked":"SKIP","floor":1},{"not_picked":["Rage","Headbutt","Thunderclap"],"picked":"SKIP","floor":3},{"not_picked":["Pommel Strike","Searing Blow","Burning Pact"],"picked":"SKIP","floor":7}],"player_experience":2020227,"relics_obtained":[{"floor":7,"key":"Darkstone Periapt"}],"event_choices":[{"damage_healed":0,"gold_gain":0,"player_choice":"Take Damage","damage_taken":26,"relics_obtained":["Golden Idol"],"max_hp_gain":0,"max_hp_loss":0,"event_name":"Golden Idol","floor":4,"gold_loss":0},{"damage_healed":0,"gold_gain":0,"player_choice":"Box","damage_taken":0,"relics_obtained":["StoneCalendar"],"max_hp_gain":0,"max_hp_loss":0,"event_name":"Big Fish","floor":5,"gold_loss":0,"cards_obtained":["Regret"]}],"is_beta":false,"boss_relics":[],"items_purged_floors":[],"is_endless":false,"potions_floor_spawned":[1],"killed_by":"Gremlin Nob","ascension_level":20}