{"gold_per_floor":[367,367,385,5,5,30,30,62,131,147,173,173,29,43,43,143,143,155,165,177,127,143,143,168,168,168,168,168,178,278,295,295,400,400,410,410,265,265,278,305,305,330,330,356,356,356,372,104,104,104],"floor_reached":51,"playtime":1894,"items_purged":["Strike_R","Strike_R"],"score":1192,"play_id":"d3b455c2-8f31-4809-8507-0fe55c9324af","local_time":"20190203133646","is_ascension_mode":true,"campfire_choices":[{"data":"Apotheosis","floor":7,"key":"SMITH"},{"data":"Whirlwind","floor":15,"key":"SMITH"},{"floor":23,"key":"REST"},{"floor":27,"key":"REST"},{"floor":32,"key":"REST"},{"floor":41,"key":"REST"},{"floor":45,"key":"REST"},{"floor":49,"key":"REST"}],"neow_cost":"CURSE","seed_source_timestamp":102342398072500,"circlet_count":0,"master_deck":["Strike_R+1","Defend_R","Defend_R","Defend_R","Defend_R","Bash+1","True Grit","Disarm+1","Apotheosis+1","Fiend Fire","Shrug It Off","Evolve","Whirlwind+1","Barricade","Juggernaut","Burning Pact+1","Demon Form","Body Slam+1","Disarm+1","Feel No Pain+1","Flame Barrier","Second Wind+1","Feel No Pain","True Grit+1","Flash of Steel"],"relics":["Burning Blood","Potion Belt","Blood Vial","Vajra","Meat on the Bone","Incense Burner","PreservedInsect","Fusion Hammer","Ancient Tea Set","Self Forming Clay","Singing Bowl","Charon\u0027s Ashes","Question Card","Snecko Eye","Juzu Bracelet","Letter Opener","Pen Nib","FossilizedHelix"],"potions_floor_usage":[8,11,30,33,50,50,50,50,50],"damage_taken":[{"damage":2,"enemies":"2 Louse","floor":1,"turns":3},{"damage":19,"enemies":"Jaw Worm","floor":3,"turns":5},{"damage":28,"enemies":"Gremlin Nob","floor":6,"turns":4},{"damage":15,"enemies":"Lagavulin","floor":8,"turns":7},{"damage":4,"enemies":"Cultist","floor":10,"turns":3},{"damage":4,"enemies":"3 Sentries","floor":11,"turns":6},{"damage":13,"enemies":"Lots of Slimes","floor":14,"turns":10},{"damage":20,"enemies":"Hexaghost","floor":16,"turns":12},{"damage":1,"enemies":"3 Byrds","floor":18,"turns":4},{"damage":15,"enemies":"Spheric Guardian","floor":19,"turns":5},{"damage":28,"enemies":"Cultist and Chosen","floor":20,"turns":5},{"damage":26,"enemies":"Shelled Parasite and Fungi","floor":22,"turns":8},{"damage":21,"enemies":"Slavers","floor":24,"turns":2},{"damage":7,"enemies":"Snake Plant","floor":29,"turns":5},{"damage":13,"enemies":"Colosseum Slavers","floor":30,"turns":5},{"damage":7,"enemies":"Colosseum Nobs","floor":30,"turns":6},{"damage":9,"enemies":"Chosen and Byrds","floor":31,"turns":7},{"damage":32,"enemies":"Collector","floor":33,"turns":10},{"damage":0,"enemies":"Orb Walker","floor":35,"turns":2},{"damage":28,"enemies":"3 Darklings","floor":39,"turns":3},{"damage":27,"enemies":"Reptomancer","floor":40,"turns":3},{"damage":0,"enemies":"Nemesis","floor":42,"turns":3},{"damage":0,"enemies":"Reptomancer","floor":44,"turns":2},{"damage":0,"enemies":"4 Shapes","floor":47,"turns":3},{"damage":0,"enemies":"Donu and Deca","floor":50,"turns":6}],"seed_played":"1345524055700492909","potions_obtained":[{"floor":6,"key":"AttackPotion"},{"floor":8,"key":"SpeedPotion"},{"floor":10,"key":"Energy Potion"},{"floor":18,"key":"Dexterity Potion"},{"floor":22,"key":"Weak Potion"},{"floor":29,"key":"Ancient Potion"},{"floor":30,"key":"GamblersBrew"},{"floor":39,"key":"SkillPotion"},{"floor":42,"key":"Strength Potion"},{"floor":44,"key":"PowerPotion"},{"floor":47,"key":"Swift Potion"}],"is_trial":false,"path_per_floor":["M","?","M","$","?","E","R","E","T","M","E","?","$","M","R","B",null,"M","M","M","?","M","R","E","T","T","R","?","M","?","M","R","B",null,"M","?","$","?","M","E","R","E","T","E","R","?","M","$","R","B",null],"character_chosen":"IRONCLAD","items_purchased":["Disarm","Potion Belt","Apotheosis","PreservedInsect","Flame Barrier","GamblersBrew","Flash of Steel"],"campfire_rested":6,"item_purchase_floors":[4,4,4,13,37,48,48],"current_hp_per_floor":[76,69,56,56,40,18,18,11,11,27,43,43,43,50,50,50,73,80,71,51,51,45,69,56,56,56,80,80,81,76,75,82,58,78,84,80,80,80,60,53,77,82,82,84,84,84,84,84,84,84],"gold":104,"neow_bonus":"TWO_FIFTY_GOLD","is_prod":false,"is_daily":false,"chose_seed":false,"campfire_upgraded":2,"win_rate":0,"timestamp":1549168606,"path_taken":["M","?","M","$","?","E","R","E","T","M","E","?","$","?","R","BOSS","M","M","?","?","?","R","E","?","T","R","?","M","?","M","R","BOSS","M","?","$","?","M","E","R","E","T","E","R","?","M","$","R","BOSS"],"build_version":"2019-01-23","purchased_purges":2,"victory":true,"max_hp_per_floor":[80,80,80,80,80,80,80,80,80,80,80,80,80,80,80,80,80,80,80,80,80,80,80,80,80,80,80,80,82,82,82,82,84,84,84,80,80,80,82,82,82,82,82,84,84,84,84,84,84,84],"card_choices":[{"not_picked":["Warcry","Clash","Bloodletting"],"picked":"SKIP","floor":1},{"not_picked":["Heavy Blade","Corruption"],"picked":"True Grit","floor":3},{"not_picked":["True Grit","Warcry"],"picked":"Fiend Fire","floor":6},{"not_picked":["Anger","Combust","Burning Pact"],"picked":"SKIP","floor":8},{"not_picked":["Thunderclap","True Grit"],"picked":"Shrug It Off","floor":10},{"not_picked":["Clothesline","Cleave"],"picked":"Evolve","floor":11},{"not_picked":["Feed","Dropkick"],"picked":"Whirlwind","floor":14},{"not_picked":["Fiend Fire","Double Tap"],"picked":"Barricade","floor":16},{"not_picked":["Pommel Strike+1","Clothesline","Metallicize"],"picked":"SKIP","floor":18},{"not_picked":["Twin Strike+1","Iron Wave","Thunderclap"],"picked":"SKIP","floor":19},{"not_picked":["Wild Strike","Heavy Blade"],"picked":"Juggernaut","floor":20},{"not_picked":["Iron Wave","Heavy Blade"],"picked":"Burning Pact+1","floor":22},{"not_picked":["Berserk","Inflame"],"picked":"Demon Form","floor":24},{"not_picked":["Sever Soul","Havoc","Blood for Blood"],"picked":"Singing Bowl","floor":29},{"not_picked":["Warcry","Perfected Strike"],"picked":"Body Slam+1","floor":30},{"not_picked":["Flex","Iron Wave","Spot Weakness"],"picked":"Disarm+1","floor":31},{"not_picked":["Dark Embrace","Brutality","Demon Form","Limit Break"],"picked":"Singing Bowl","floor":33},{"not_picked":["Evolve+1","Armaments+1","Shrug It Off+1"],"picked":"Feel No Pain+1","floor":35},{"not_picked":["Thunderclap+1","Infernal Blade","Shrug It Off","Fire Breathing+1"],"picked":"Singing Bowl","floor":39},{"not_picked":["Pommel Strike+1","Body Slam","Power Through"],"picked":"Second Wind+1","floor":40},{"not_picked":["Barricade","Reckless Charge","Flex+1"],"picked":"Feel No Pain","floor":42},{"not_picked":["Thunderclap","Blood for Blood","Perfected Strike+1","Heavy Blade"],"picked":"Singing Bowl","floor":44},{"not_picked":["Fire Breathing+1","Intimidate+1","Iron Wave+1"],"picked":"True Grit+1","floor":47}],"player_experience":14549,"relics_obtained":[{"floor":6,"key":"Blood Vial"},{"floor":8,"key":"Vajra"},{"floor":9,"key":"Meat on the Bone"},{"floor":11,"key":"Incense Burner"},{"floor":24,"key":"Ancient Tea Set"},{"floor":25,"key":"Self Forming Clay"},{"floor":26,"key":"Singing Bowl"},{"floor":30,"key":"Charon\u0027s Ashes"},{"floor":30,"key":"Question Card"},{"floor":40,"key":"Juzu Bracelet"},{"floor":42,"key":"Letter Opener"},{"floor":43,"key":"Pen Nib"},{"floor":44,"key":"FossilizedHelix"}],"event_choices":[{"cards_removed":["Pain"],"damage_healed":0,"gold_gain":0,"player_choice":"Card Removal","damage_taken":7,"max_hp_gain":0,"max_hp_loss":0,"event_name":"Golden Wing","floor":2,"gold_loss":0},{"damage_healed":0,"gold_gain":0,"player_choice":"Entered Light","damage_taken":16,"max_hp_gain":0,"max_hp_loss":0,"event_name":"Shining Light","floor":5,"gold_loss":0,"cards_upgraded":["Bash","Strike_R"]},{"damage_healed":0,"gold_gain":0,"player_choice":"Upgraded","damage_taken":0,"max_hp_gain":0,"max_hp_loss":0,"event_name":"Upgrade Shrine","floor":12,"gold_loss":0,"cards_upgraded":["Disarm"]},{"damage_healed":0,"gold_gain":0,"player_choice":"Bet on Murderer","damage_taken":0,"max_hp_gain":0,"max_hp_loss":0,"event_name":"The Joust","floor":21,"gold_loss":50},{"cards_removed":["Strike_R"],"damage_healed":0,"gold_gain":0,"player_choice":"Elegance","damage_taken":0,"max_hp_gain":0,"max_hp_loss":0,"event_name":"Back to Basics","floor":28,"gold_loss":0},{"damage_healed":0,"gold_gain":0,"player_choice":"Fight","damage_taken":0,"max_hp_gain":0,"max_hp_loss":0,"event_name":"Colosseum","floor":30,"gold_loss":0},{"damage_healed":0,"gold_gain":0,"player_choice":"Fought Nobs","damage_taken":0,"max_hp_gain":0,"max_hp_loss":0,"event_name":"Colosseum","floor":30,"gold_loss":0},{"damage_healed":0,"gold_gain":0,"player_choice":"Max HP","damage_taken":0,"max_hp_gain":0,"max_hp_loss":4,"event_name":"Winding Halls","floor":36,"gold_loss":0},{"cards_removed":["Strike_R"],"damage_healed":0,"gold_gain":0,"player_choice":"Offered Basic","damage_taken":0,"max_hp_gain":0,"max_hp_loss":0,"event_name":"Bonfire Elementals","floor":38,"gold_loss":0},{"damage_healed":0,"gold_gain":0,"player_choice":"Ignored","damage_taken":0,"max_hp_gain":0,"max_hp_loss":0,"event_name":"Tomb of Lord Red Mask","floor":46,"gold_loss":0}],"is_beta":false,"boss_relics":[{"not_picked":["Tiny House","White Beast Statue"],"picked":"Fusion Hammer"},{"not_picked":["Black Blood","Coffee Dripper"],"picked":"Snecko Eye"}],"items_purged_floors":[37,48],"is_endless":false,"potions_floor_spawned":[6,8,10,18,22,29,30,39,42,44,47],"ascension_level":7}