{"gold_per_floor":[12,12,22,22,40,68,68,96,119,136,146,146,24,24,24,122,122,139],"floor_reached":18,"playtime":2111,"items_purged":[],"score":240,"play_id":"8933afce-4caa-47c6-8c0e-3f8f19266284","local_time":"20180623104758","is_ascension_mode":true,"campfire_choices":[{"floor":7.0,"key":"REST"},{"floor":15.0,"key":"REST"}],"neow_cost":"","seed_source_timestamp":0,"circlet_count":0,"master_deck":["Strike_B","Strike_B","Strike_B","Strike_B+1","Defend_B","Defend_B","Defend_B","Zap","Dualcast","Creative AI+1","Hello World+1","Hello World","Static Discharge","Defragment","Buffer","Electrodynamics","Heatsinks","Storm"],"special_seed":0,"relics":["Cracked Core","Oddly Smooth Stone","Singing Bowl","Orichalcum","Orrery"],"potions_floor_usage":[],"damage_taken":[{"damage":14.0,"enemies":"Jaw Worm","floor":1.0,"turns":6.0},{"damage":0.0,"enemies":"Small Slimes","floor":3.0,"turns":3.0},{"damage":6.0,"enemies":"Cultist","floor":5.0,"turns":4.0},{"damage":40.0,"enemies":"3 Sentries","floor":6.0,"turns":7.0},{"damage":20.0,"enemies":"Lagavulin","floor":8.0,"turns":8.0},{"damage":3.0,"enemies":"Blue Slaver","floor":10.0,"turns":4.0},{"damage":21.0,"enemies":"Exordium Thugs","floor":11.0,"turns":4.0},{"damage":17.0,"enemies":"The Guardian","floor":16.0,"turns":7.0},{"damage":39.0,"enemies":"Chosen","floor":18.0,"turns":5.0}],"seed_played":"3951223763418096912","potions_obtained":[{"floor":3.0,"key":"Regen Potion"},{"floor":5.0,"key":"SkillPotion"},{"floor":11.0,"key":"AttackPotion"},{"floor":16.0,"key":"SteroidPotion"}],"is_trial":false,"path_per_floor":["M","?","M","?","M","E","R","E","T","M","M","?","$","?","R","B",null],"character_chosen":"DEFECT","items_purchased":["Defragment","Energy Potion"],"campfire_rested":2,"item_purchase_floors":[],"current_hp_per_floor":[61,61,61,61,67,27,49,31,31,30,9,89,89,71,89,72,91,52],"gold":139,"neow_bonus":"","is_prod":false,"is_daily":false,"chose_seed":false,"campfire_upgraded":0,"win_rate":0,"timestamp":1529740078,"path_taken":["M","?","M","?","M","E","R","E","T","M","M","?","?","?","R","BOSS","M"],"build_version":"2018-06-21v2","purchased_purges":0,"victory":false,"max_hp_per_floor":[75,75,75,75,75,75,75,77,77,79,79,89,89,89,89,89,95,95],"card_choices":[{"not_picked":["Seek","Electrodynamics"],"picked":"Creative AI","floor":0.0},{"not_picked":["Compile Driver","Beam Cell"],"picked":"Hello World","floor":1.0},{"not_picked":["Gash","Barrage","Stack"],"picked":"SKIP","floor":3.0},{"not_picked":["Ball Lightning","Recycle"],"picked":"Reboot","floor":5.0},{"not_picked":["Rebound","Conserve Battery"],"picked":"Hello World","floor":6.0},{"not_picked":["Redo","Hologram","Conserve Battery"],"picked":"Singing Bowl","floor":8.0},{"not_picked":["Turbo","Redo","Rebound"],"picked":"Singing Bowl","floor":10.0},{"not_picked":["Tempest","Stack"],"picked":"Static Discharge","floor":11.0},{"not_picked":["Rainbow","Seek"],"picked":"Buffer","floor":16.0},{"not_picked":["Recycle","Compile Driver","Go for the Eyes"],"picked":"Singing Bowl","floor":17.0},{"not_picked":["Redo","Glacier","Hologram"],"picked":"Singing Bowl","floor":17.0},{"not_picked":["Beam Cell","FTL"],"picked":"Electrodynamics","floor":17.0},{"not_picked":["Rebound","Recycle"],"picked":"Heatsinks","floor":17.0},{"not_picked":["Reinforced Body","Aggregate","Genetic Algorithm"],"picked":"Singing Bowl","floor":17.0},{"not_picked":["Conserve Battery","Streamline"],"picked":"Storm","floor":18}],"player_experience":507357,"relics_obtained":[{"floor":6.0,"key":"Oddly Smooth Stone"},{"floor":8.0,"key":"Singing Bowl"},{"floor":9.0,"key":"Orichalcum"}],"event_choices":[{"event_name":"Living Wall","player_choice":"Grow","floor":2.0,"damage_taken":0.0},{"event_name":"Purifier","player_choice":"One Purge","floor":4.0,"damage_taken":0.0},{"event_name":"Bonfire Elementals","player_choice":"RARE","floor":12.0,"damage_taken":0.0},{"event_name":"Shining Light","player_choice":"Entered Light","floor":14.0,"damage_taken":0.0}],"boss_relics":[{"not_picked":["Coffee Dripper","Busted Crown"],"picked":"Orrery"}],"items_purged_floors":[],"is_endless":false,"potions_floor_spawned":[3,5,11,16],"killed_by":"Chosen","ascension_level":5}