{"path_per_floor":["M","?","?","?","$","E","M","R","T","E","M","M","M","M","R"],"character_chosen":"IRONCLAD","items_purchased":["Dropkick"],"gold_per_floor":[119,119,119,119,39,72,89,89,89,116,133,150,160,171,171,171],"floor_reached":16,"campfire_rested":2,"playtime":919,"item_purchase_floors":[5],"current_hp_per_floor":[71,71,71,71,71,17,23,47,47,30,36,41,46,44,68,0],"items_purged":[],"gold":171,"score":157,"play_id":"9ae9c518-bfc0-42c7-b473-b0a2a6831184","local_time":"20180528211432","is_prod":false,"is_daily":false,"chose_seed":false,"is_ascension_mode":true,"campfire_upgraded":0,"win_rate":0,"timestamp":1527531272,"campfire_choices":[{"floor":8,"key":"REST"},{"floor":15,"key":"REST"}],"path_taken":["M","?","?","?","?","E","M","R","T","E","?","?","M","M","R","BOSS"],"build_version":"2018-05-24","seed_source_timestamp":601025740675610,"purchased_purges":0,"victory":false,"master_deck":["Strike_R","Strike_R","Strike_R","Strike_R","Defend_R","Defend_R","Defend_R","Bash","Feel No Pain+1","Dropkick","Warcry","Warcry"],"max_hp_per_floor":[80,80,80,80,80,80,80,80,80,80,80,80,80,80,80,80],"relics":["Burning Blood","Thread and Needle","Letter Opener","Kunai"],"card_choices":[{"not_picked":["Heavy Blade","Bloodletting","Armaments"],"picked":"SKIP","floor":1},{"not_picked":["Spot Weakness","Wild Strike","Shockwave"],"picked":"SKIP","floor":6},{"not_picked":["Wild Strike","Havoc","Shrug It Off"],"picked":"SKIP","floor":7},{"not_picked":["Battle Trance","True Grit"],"picked":"Warcry","floor":10},{"not_picked":["Double Tap","Perfected Strike","Heavy Blade"],"picked":"SKIP","floor":11},{"not_picked":["Clothesline","Uppercut","Heavy Blade"],"picked":"SKIP","floor":12},{"not_picked":["Blood for Blood","Body Slam","Hemokinesis"],"picked":"SKIP","floor":13},{"not_picked":["Reckless Charge","Intimidate"],"picked":"Warcry","floor":14}],"player_experience":438018,"potions_floor_usage":[10,16],"damage_taken":[{"damage":7,"enemies":"2 Louse","floor":1,"turns":3},{"damage":60,"enemies":"Lagavulin","floor":6,"turns":6},{"damage":0,"enemies":"Small Slimes","floor":7,"turns":3},{"damage":23,"enemies":"Gremlin Nob","floor":10,"turns":4},{"damage":0,"enemies":"Cultist","floor":11,"turns":3},{"damage":1,"enemies":"Large Slime","floor":12,"turns":7},{"damage":1,"enemies":"2 Fungi Beasts","floor":13,"turns":4},{"damage":8,"enemies":"3 Louse","floor":14,"turns":5},{"damage":81,"enemies":"Slime Boss","floor":16,"turns":13}],"relics_obtained":[{"floor":6,"key":"Thread and Needle"},{"floor":9,"key":"Letter Opener"},{"floor":10,"key":"Kunai"}],"event_choices":[{"event_name":"Living Wall","player_choice":"Grow","floor":2,"damage_taken":0},{"event_name":"Purifier","player_choice":"One Purge","floor":3,"damage_taken":0},{"event_name":"Golden Wing","player_choice":"Ignored","floor":4,"damage_taken":0}],"boss_relics":[],"items_purged_floors":[],"potions_floor_spawned":[7,12,14],"seed_played":"-1413092534932533428","killed_by":"Slime Boss","ascension_level":8,"potions_obtained":[{"floor":7,"key":"SteroidPotion"},{"floor":12,"key":"LiquidBronze"},{"floor":14,"key":"SpeedPotion"}],"is_trial":false}