{"gold_per_floor":[115,115,115,40,40,40,340,368,368,368,103,103,119,138,138,212,212,230,230,45,63,33,33,67,67,67,67,83,103,103,118,118,194,194,204,204,222,0,11,11,11,11,11,29,29,29,46,65,65,65,65],"floor_reached":51,"playtime":1495,"items_purged":["Strike_R"],"score":1376,"play_id":"39d00799-c692-45cc-833e-5d42fac2d198","local_time":"20190410114812","is_ascension_mode":true,"campfire_choices":[{"data":"Carnage","floor":10.0,"key":"SMITH"},{"data":"Disarm","floor":12.0,"key":"SMITH"},{"data":"Bash","floor":15.0,"key":"SMITH"},{"data":"Juggernaut","floor":23.0,"key":"SMITH"},{"data":"Finesse","floor":25.0,"key":"SMITH"},{"floor":27.0,"key":"REST"},{"data":"Finesse","floor":30.0,"key":"SMITH"},{"data":"Feel No Pain","floor":32.0,"key":"SMITH"},{"data":"Offering","floor":40.0,"key":"SMITH"},{"floor":42.0,"key":"REST"},{"floor":46.0,"key":"RECALL"},{"data":"Dark Embrace","floor":49.0,"key":"SMITH"}],"neow_cost":"NONE","seed_source_timestamp":0,"circlet_count":0,"master_deck":["AscendersBane","Strike_R","Strike_R","Defend_R","Defend_R","Defend_R","Defend_R+1","Bash+1","Armaments+1","Carnage+1","Finesse+1","Disarm+1","Ghostly Armor","Juggernaut+1","Second Wind","Finesse+1","Feel No Pain+1","Power Through","Clumsy","Evolve","Seeing Red","Offering","Offering+1","Body Slam","Parasite","Dark Embrace+1","True Grit"],"special_seed":0,"relics":["Burning Blood","NeowsBlessing","Strawberry","Old Coin","War Paint","Kunai","Cursed Key","Bronze Scales","Pear","Sundial","Runic Cube","DollysMirror"],"potions_floor_usage":[],"damage_taken":[{"damage":0.0,"enemies":"2 Louse","floor":1.0,"turns":1.0},{"damage":0.0,"enemies":"Gremlin Nob","floor":8.0,"turns":1.0},{"damage":0.0,"enemies":"Jaw Worm","floor":13.0,"turns":1.0},{"damage":1.0,"enemies":"Small Slimes","floor":14.0,"turns":3.0},{"damage":16.0,"enemies":"The Guardian","floor":16.0,"turns":11.0},{"damage":8.0,"enemies":"3 Byrds","floor":18.0,"turns":5.0},{"damage":12.0,"enemies":"2 Thieves","floor":21.0,"turns":4.0},{"damage":44.0,"enemies":"Slavers","floor":24.0,"turns":4.0},{"damage":11.0,"enemies":"Snecko","floor":28.0,"turns":5.0},{"damage":12.0,"enemies":"Snake Plant","floor":29.0,"turns":4.0},{"damage":0.0,"enemies":"3 Cultists","floor":31.0,"turns":5.0},{"damage":56.0,"enemies":"Automaton","floor":33.0,"turns":10.0},{"damage":18.0,"enemies":"3 Darklings","floor":35.0,"turns":7.0},{"damage":9.0,"enemies":"3 Shapes","floor":37.0,"turns":4.0},{"damage":23.0,"enemies":"3 Darklings","floor":39.0,"turns":4.0},{"damage":20.0,"enemies":"Maw","floor":44.0,"turns":7.0},{"damage":12.0,"enemies":"Spire Growth","floor":47.0,"turns":4.0},{"damage":6.0,"enemies":"4 Shapes","floor":48.0,"turns":5.0},{"damage":43.0,"enemies":"Time Eater","floor":50.0,"turns":5.0},{"damage":0,"enemies":"Awakened One","floor":51,"turns":1}],"seed_played":"-3779653124394017586","potions_obtained":[{"floor":8.0,"key":"BloodPotion"},{"floor":13.0,"key":"FearPotion"},{"floor":16.0,"key":"PowerPotion"},{"floor":18.0,"key":"AttackPotion"},{"floor":22.0,"key":"PowerPotion"},{"floor":28.0,"key":"BloodPotion"},{"floor":31.0,"key":"LiquidBronze"},{"floor":35.0,"key":"Ancient Potion"},{"floor":47.0,"key":"SkillPotion"}],"is_trial":false,"path_per_floor":["M","?","T","?","$","$","?","E","T","R","$","R","M","M","R","B",null,"M","?","$","M","?","R","E","R","T","R","M","M","R","M","R","B",null,"M","?","M","$","M","R","$","R","T","M","?","R","M","M","R","B","B"],"character_chosen":"IRONCLAD","items_purchased":["Finesse","Disarm","Finesse","Feel No Pain","DollysMirror"],"campfire_rested":2,"item_purchase_floors":[11,11,20,20,38],"current_hp_per_floor":[74,67,74,74,74,74,69,75,75,75,75,75,81,82,82,72,80,82,82,82,76,76,76,48,48,48,75,70,73,73,79,79,29,76,64,64,61,61,44,44,44,71,71,57,57,57,51,51,51,14,14],"gold":65,"neow_bonus":"THREE_ENEMY_KILL","is_prod":false,"is_daily":false,"chose_seed":false,"campfire_upgraded":9,"win_rate":0,"timestamp":1554864492,"path_taken":["M","?","?","?","?","$","?","E","T","R","$","R","M","M","R","BOSS","M","?","?","M","?","R","E","R","T","R","M","?","R","?","R","BOSS","M","?","M","$","M","R","$","R","T","M","?","R","?","M","R","BOSS","BOSS"],"build_version":"2019-01-23","purchased_purges":1,"victory":false,"max_hp_per_floor":[75,75,82,82,82,82,82,82,82,82,82,82,82,82,82,82,82,82,82,82,82,82,82,92,92,92,92,92,92,92,92,92,92,92,92,92,92,92,92,92,92,92,92,92,92,92,92,92,92,92,92],"card_choices":[{"not_picked":["Twin Strike","Fire Breathing"],"picked":"Armaments","floor":1.0},{"not_picked":["Anger","Bloodletting"],"picked":"Carnage","floor":8.0},{"not_picked":["Corruption","Brutality"],"picked":"Ghostly Armor","floor":13.0},{"not_picked":["Thunderclap","Wild Strike"],"picked":"Corruption","floor":14.0},{"not_picked":["Demon Form","Reaper"],"picked":"Juggernaut","floor":16.0},{"not_picked":["Flex","Evolve"],"picked":"Second Wind","floor":18.0},{"not_picked":["Havoc","Flame Barrier"],"picked":"Power Through","floor":21.0},{"not_picked":["Pommel Strike","Headbutt","Flame Barrier"],"picked":"SKIP","floor":24.0},{"not_picked":["Heavy Blade+1","Pommel Strike","Whirlwind"],"picked":"SKIP","floor":28.0},{"not_picked":["Heavy Blade+1","Pommel Strike","Whirlwind"],"picked":"SKIP","floor":28.0},{"not_picked":["Anger","Pommel Strike"],"picked":"Evolve","floor":29.0},{"not_picked":["Havoc","Perfected Strike"],"picked":"Seeing Red","floor":31.0},{"not_picked":["Limit Break","Demon Form"],"picked":"Offering","floor":33.0},{"not_picked":["Thunderclap","Clash","Cleave"],"picked":"SKIP","floor":35.0},{"not_picked":["Flex","Rupture","Anger"],"picked":"SKIP","floor":37.0},{"not_picked":["Carnage+1","Dropkick"],"picked":"Body Slam","floor":39.0},{"not_picked":["Power Through","Entrench","Sword Boomerang+1"],"picked":"SKIP","floor":44.0},{"not_picked":["Wild Strike","Dual Wield"],"picked":"True Grit","floor":47.0},{"not_picked":["Body Slam","Dropkick","Double Tap"],"picked":"SKIP","floor":48.0}],"player_experience":3023574,"relics_obtained":[{"floor":3.0,"key":"Strawberry"},{"floor":8.0,"key":"War Paint"},{"floor":9.0,"key":"Kunai"},{"floor":24.0,"key":"Pear"},{"floor":26.0,"key":"Sundial"}],"event_choices":[{"cards_removed":["Strike_R"],"damage_healed":0.0,"max_hp_gain":0.0,"max_hp_loss":0.0,"gold_gain":0.0,"event_name":"Golden Wing","player_choice":"Card Removal","floor":2.0,"gold_loss":0.0,"damage_taken":7.0},{"cards_removed":["Strike_R"],"damage_healed":0.0,"max_hp_gain":0.0,"max_hp_loss":0.0,"gold_gain":0.0,"event_name":"The Cleric","player_choice":"Card Removal","floor":4.0,"gold_loss":75.0,"damage_taken":0.0},{"damage_healed":0.0,"max_hp_gain":0.0,"max_hp_loss":0.0,"gold_gain":0.0,"event_name":"Scrap Ooze","player_choice":"Success","floor":7.0,"gold_loss":0.0,"damage_taken":5.0,"relics_obtained":["Old Coin"]},{"cards_removed":["Corruption"],"damage_healed":0.0,"max_hp_gain":0.0,"max_hp_loss":0.0,"gold_gain":0.0,"event_name":"WeMeetAgain","player_choice":"Gave Card","floor":19.0,"gold_loss":0.0,"damage_taken":0.0,"relics_obtained":["Bronze Scales"]},{"damage_healed":0.0,"max_hp_gain":0.0,"max_hp_loss":0.0,"gold_gain":0.0,"event_name":"The Woman in Blue","player_choice":"Bought 2 Potions","floor":22.0,"gold_loss":0.0,"damage_taken":0.0},{"damage_healed":0.0,"max_hp_gain":0.0,"max_hp_loss":0.0,"gold_gain":0.0,"event_name":"Tomb of Lord Red Mask","player_choice":"Ignored","floor":36.0,"gold_loss":0.0,"damage_taken":0.0},{"damage_healed":0.0,"max_hp_gain":0.0,"max_hp_loss":0.0,"gold_gain":0.0,"event_name":"Match and Keep!","player_choice":"1 cards matched","floor":45.0,"gold_loss":0.0,"damage_taken":0.0,"cards_obtained":["Dark Embrace"]}],"is_beta":false,"boss_relics":[{"not_picked":["Ectoplasm","Pandora\u0027s Box"],"picked":"Cursed Key"},{"not_picked":["Runic Dome","Black Star"],"picked":"Runic Cube"}],"items_purged_floors":[11],"is_endless":false,"potions_floor_spawned":[8,13,16,18,28,31,35,39,47],"killed_by":"Awakened One","ascension_level":20}