{"gold_per_floor":[111,34,53,53,53,88,104,104,130,147,203,203,213,245,245,316,316,333,433,444,3,3,3,37,37,60,73,86,121,71,71,71,146,146,166,116,116,129,142,170,170,200,224,250,250,295,295,395,395,395,395,395,395,93,127,127],"floor_reached":57,"playtime":3043,"items_purged":["Strike_B","Strike_B","Defend_B","Defend_B"],"score":3328,"play_id":"69ee7a34-ad09-412e-b714-5adcd0f10f74","local_time":"20190314211200","is_ascension_mode":true,"campfire_choices":[{"data":"Sunder","floor":8,"key":"SMITH"},{"data":"Consume","floor":15,"key":"SMITH"},{"floor":23,"key":"REST"},{"data":"Fission","floor":25,"key":"SMITH"},{"floor":32,"key":"REST"},{"data":"Seek","floor":41,"key":"SMITH"},{"data":"Capacitor","floor":45,"key":"SMITH"},{"data":"Seek","floor":47,"key":"SMITH"},{"floor":49,"key":"RECALL"},{"data":"Reboot","floor":53,"key":"SMITH"}],"neow_cost":"NONE","seed_source_timestamp":37293913202400,"circlet_count":0,"master_deck":["AscendersBane","Zap","Dualcast","Glacier","Loop+1","Sunder+1","Consume+1","Core Surge","Fission+1","Biased Cognition+1","Stack+1","Steam+1","Redo+1","Seek+1","Chill","Chill","Capacitor+1","Glacier","Reboot+1","Skim+1","Tempest+1","Hologram+1","Seek+1","Turbo+1","Capacitor","PanicButton","Creative AI"],"relics":["Cracked Core","NeowsBlessing","Orichalcum","Smiling Mask","Thread and Needle","Pen Nib","Astrolabe","Emotion Chip","Cables","Ice Cream","Matryoshka","Omamori","Red Mask","Enchiridion","Runic Dome","Pantograph","Symbiotic Virus","Sundial","Juzu Bracelet","Dream Catcher","Girya","Incense Burner","Lantern"],"potions_floor_usage":[10,19,29,33,40,55,56],"damage_taken":[{"damage":0,"enemies":"Small Slimes","floor":1,"turns":1},{"damage":0,"enemies":"2 Louse","floor":3,"turns":1},{"damage":0,"enemies":"Gremlin Nob","floor":6,"turns":1},{"damage":0,"enemies":"Cultist","floor":7,"turns":4},{"damage":31,"enemies":"Gremlin Gang","floor":10,"turns":4},{"damage":15,"enemies":"Lagavulin Event","floor":11,"turns":8},{"damage":6,"enemies":"3 Louse","floor":13,"turns":3},{"damage":12,"enemies":"Lagavulin","floor":14,"turns":7},{"damage":0,"enemies":"The Guardian","floor":16,"turns":12},{"damage":0,"enemies":"3 Byrds","floor":18,"turns":8},{"damage":12,"enemies":"Colosseum Slavers","floor":19,"turns":5},{"damage":21,"enemies":"Colosseum Nobs","floor":19,"turns":8},{"damage":15,"enemies":"2 Thieves","floor":20,"turns":3},{"damage":0,"enemies":"Gremlin Leader","floor":24,"turns":7},{"damage":7,"enemies":"Snake Plant","floor":27,"turns":4},{"damage":0,"enemies":"3 Cultists","floor":28,"turns":7},{"damage":0,"enemies":"Masked Bandits","floor":29,"turns":2},{"damage":12,"enemies":"Champ","floor":33,"turns":9},{"damage":0,"enemies":"3 Shapes","floor":35,"turns":4},{"damage":0,"enemies":"3 Darklings","floor":38,"turns":6},{"damage":0,"enemies":"Maw","floor":39,"turns":6},{"damage":0,"enemies":"Reptomancer","floor":40,"turns":10},{"damage":0,"enemies":"Giant Head","floor":42,"turns":8},{"damage":0,"enemies":"Nemesis","floor":44,"turns":15},{"damage":0,"enemies":"2 Orb Walkers","floor":46,"turns":4},{"damage":0,"enemies":"Mind Bloom Boss Battle","floor":48,"turns":2},{"damage":0,"enemies":"Donu and Deca","floor":50,"turns":7},{"damage":0,"enemies":"Awakened One","floor":51,"turns":14},{"damage":37,"enemies":"Shield and Spear","floor":55,"turns":7},{"damage":23,"enemies":"The Heart","floor":56,"turns":11}],"seed_played":"6795521964148086867","potions_obtained":[{"floor":6,"key":"FairyPotion"},{"floor":7,"key":"Weak Potion"},{"floor":18,"key":"PowerPotion"},{"floor":20,"key":"PowerPotion"},{"floor":27,"key":"PowerPotion"},{"floor":33,"key":"AttackPotion"},{"floor":38,"key":"SkillPotion"},{"floor":42,"key":"Poison Potion"},{"floor":46,"key":"Dexterity Potion"},{"floor":48,"key":"Block Potion"}],"is_trial":false,"path_per_floor":["M","$","M","?","?","E","M","R","T","M","?","?","M","E","R","B",null,"M","?","M","$","?","R","E","R","T","M","M","?","$","?","R","B",null,"M","$","?","M","M","E","R","E","T","E","R","?","R","?","R","B","B",null,"R","$","E","B",null],"character_chosen":"DEFECT","items_purchased":["Glacier","Ice Cream","Seek","Capacitor","PanicButton","EssenceOfSteel"],"campfire_rested":2,"item_purchase_floors":[2,21,21,54,54,54],"current_hp_per_floor":[64,64,64,57,57,57,57,57,57,26,11,34,28,16,16,16,57,57,24,9,9,9,30,30,30,30,23,23,23,23,2,23,11,56,56,56,56,56,56,56,56,56,56,56,56,56,56,71,71,71,71,71,71,71,34,36],"gold":127,"neow_bonus":"THREE_ENEMY_KILL","is_prod":false,"is_daily":false,"chose_seed":false,"campfire_upgraded":7,"win_rate":0,"timestamp":1552565520,"path_taken":["M","$","M","?","?","E","?","R","T","?","?","?","M","E","R","BOSS","M","?","M","$","?","R","E","R","T","M","M","?","?","?","R","BOSS","M","$","?","M","M","E","R","E","T","E","R","?","R","?","R","BOSS","BOSS","R","$","E","BOSS"],"build_version":"2019-01-23","purchased_purges":4,"victory":true,"max_hp_per_floor":[71,71,71,71,71,71,71,71,71,71,71,71,71,71,71,71,71,71,71,71,71,71,71,71,71,71,71,71,71,71,71,71,71,71,71,71,71,71,71,71,71,71,71,71,71,71,71,71,71,71,71,71,71,71,71,71],"card_choices":[{"not_picked":["Redo","Turbo","Darkness"],"picked":"SKIP","floor":1},{"not_picked":["Redo","Turbo","Darkness"],"picked":"SKIP","floor":1},{"not_picked":["Blizzard","Leap"],"picked":"Loop","floor":3},{"not_picked":["Ball Lightning","Reprogram","Gash"],"picked":"SKIP","floor":6},{"not_picked":["Rip and Tear","Rebound"],"picked":"Sunder","floor":7},{"not_picked":["Steam","Ball Lightning"],"picked":"Consume","floor":10},{"not_picked":["Sweeping Beam","Leap"],"picked":"Core Surge","floor":11},{"not_picked":["Compile Driver","Consume","Leap"],"picked":"SKIP","floor":13},{"not_picked":["Leap","Compile Driver","Multi-Cast"],"picked":"SKIP","floor":14},{"not_picked":["All For One","Multi-Cast"],"picked":"Fission","floor":16},{"not_picked":["Lockon","Streamline","Barrage"],"picked":"SKIP","floor":18},{"not_picked":["Stack","Go for the Eyes"],"picked":"Redo+1","floor":19},{"not_picked":["Stack","Reinforced Body"],"picked":"Turbo","floor":20},{"not_picked":["Force Field+1","Skim"],"picked":"Chill","floor":24},{"not_picked":["Glacier","Sweeping Beam"],"picked":"Capacitor","floor":27},{"not_picked":["Heatsinks","Ball Lightning","Stack"],"picked":"SKIP","floor":28},{"not_picked":["Blizzard","Double Energy"],"picked":"Glacier","floor":29},{"not_picked":["Thunder Strike","Biased Cognition"],"picked":"Reboot","floor":33},{"not_picked":["Turbo","Stack"],"picked":"Skim+1","floor":35},{"not_picked":["Reinforced Body","Go for the Eyes","Rebound+1"],"picked":"SKIP","floor":38},{"not_picked":["Coolheaded","Turbo"],"picked":"Tempest+1","floor":39},{"not_picked":["Heatsinks+1","Compile Driver"],"picked":"Hologram+1","floor":40},{"not_picked":["BootSequence","Aggregate+1","Rebound"],"picked":"SKIP","floor":42},{"not_picked":["Hologram","Barrage"],"picked":"Seek","floor":44},{"not_picked":["Ball Lightning","Conserve Battery"],"picked":"Turbo+1","floor":48},{"not_picked":["Tempest+1","Go for the Eyes"],"picked":"Creative AI","floor":55}],"player_experience":2275123,"relics_obtained":[{"floor":6,"key":"Orichalcum"},{"floor":9,"key":"Smiling Mask"},{"floor":11,"key":"Thread and Needle"},{"floor":14,"key":"Pen Nib"},{"floor":19,"key":"Emotion Chip"},{"floor":19,"key":"Cables"},{"floor":24,"key":"Matryoshka"},{"floor":26,"key":"Omamori"},{"floor":29,"key":"Red Mask"},{"floor":31,"key":"Enchiridion"},{"floor":40,"key":"Pantograph"},{"floor":42,"key":"Symbiotic Virus"},{"floor":43,"key":"Sundial"},{"floor":43,"key":"Juzu Bracelet"},{"floor":44,"key":"Dream Catcher"},{"floor":46,"key":"Girya"},{"floor":48,"key":"Incense Burner"},{"floor":55,"key":"Lantern"}],"event_choices":[{"cards_removed":["Defend_B"],"damage_healed":0,"gold_gain":0,"player_choice":"Card Removal","damage_taken":7,"max_hp_gain":0,"max_hp_loss":0,"event_name":"Golden Wing","floor":4,"gold_loss":0},{"damage_healed":0,"gold_gain":0,"player_choice":"Upgraded","damage_taken":0,"max_hp_gain":0,"max_hp_loss":0,"event_name":"Upgrade Shrine","floor":5,"gold_loss":0,"cards_upgraded":["Loop"]},{"damage_healed":0,"gold_gain":0,"player_choice":"Searched \u00271\u0027 times","damage_taken":0,"max_hp_gain":0,"max_hp_loss":0,"event_name":"Dead Adventurer","floor":11,"gold_loss":0},{"damage_healed":23,"gold_gain":0,"player_choice":"Banana","damage_taken":0,"max_hp_gain":0,"max_hp_loss":0,"event_name":"Big Fish","floor":12,"gold_loss":0},{"damage_healed":0,"gold_gain":0,"player_choice":"Fight","damage_taken":0,"max_hp_gain":0,"max_hp_loss":0,"event_name":"Colosseum","floor":19,"gold_loss":0},{"damage_healed":0,"gold_gain":0,"player_choice":"Fought Nobs","damage_taken":0,"max_hp_gain":0,"max_hp_loss":0,"event_name":"Colosseum","floor":19,"gold_loss":0},{"damage_healed":0,"gold_gain":0,"player_choice":"Read","damage_taken":0,"max_hp_gain":0,"max_hp_loss":0,"event_name":"The Library","floor":22,"gold_loss":0,"cards_obtained":["Chill"]},{"damage_healed":0,"gold_gain":0,"player_choice":"Fought Bandits","damage_taken":0,"max_hp_gain":0,"max_hp_loss":0,"event_name":"Masked Bandits","floor":29,"gold_loss":0},{"damage_healed":0,"gold_gain":0,"player_choice":"Obtained Book","damage_taken":21,"max_hp_gain":0,"max_hp_loss":0,"event_name":"Cursed Tome","floor":31,"gold_loss":0},{"cards_removed":["Turbo"],"damage_healed":0,"gold_gain":0,"player_choice":"Removed Skill","damage_taken":0,"max_hp_gain":0,"max_hp_loss":0,"event_name":"Falling","floor":37,"gold_loss":0},{"damage_healed":0,"gold_gain":0,"player_choice":"Fight","damage_taken":0,"max_hp_gain":0,"max_hp_loss":0,"event_name":"Mysterious Sphere","floor":46,"gold_loss":0},{"damage_healed":0,"gold_gain":0,"player_choice":"Fight","damage_taken":0,"max_hp_gain":0,"max_hp_loss":0,"event_name":"MindBloom","floor":48,"gold_loss":0}],"is_beta":false,"boss_relics":[{"not_picked":["Nuclear Battery","Ectoplasm"],"picked":"Astrolabe"},{"not_picked":["Philosopher\u0027s Stone","Black Star"],"picked":"Runic Dome"}],"items_purged_floors":[21,30,36,54],"is_endless":false,"potions_floor_spawned":[6,7,18,20,27,33,38,42,46,48],"ascension_level":20}