{"gold_per_floor":[15,15,15,34,50,50,50,50,126,48,111,154,54,67,67,161,161,142,142],"floor_reached":19,"playtime":649,"items_purged":["Injury"],"score":330,"play_id":"f5bce7eb-e030-4979-91b7-18d4a7449bfc","local_time":"20190309202405","is_ascension_mode":true,"campfire_choices":[{"data":"Demon Form","floor":6,"key":"SMITH"},{"data":"Body Slam","floor":8,"key":"SMITH"},{"floor":15,"key":"REST"}],"neow_cost":"NO_GOLD","seed_source_timestamp":36347974654800,"circlet_count":0,"master_deck":["AscendersBane","Strike_R","Strike_R","Strike_R","Defend_R+1","Defend_R","Defend_R+1","Defend_R","Bash","Body Slam+1","Demon Form+1","Disarm","Evolve","Feed","Shrug It Off","True Grit","Barricade","Feel No Pain"],"relics":["Burning Blood","Golden Idol","Kunai","Shovel","Philosopher\u0027s Stone"],"potions_floor_usage":[4,12,14,16,18],"damage_taken":[{"damage":12,"enemies":"Jaw Worm","floor":1,"turns":3},{"damage":24,"enemies":"Small Slimes","floor":4,"turns":5},{"damage":7,"enemies":"Cultist","floor":5,"turns":5},{"damage":19,"enemies":"3 Sentries","floor":12,"turns":7},{"damage":8,"enemies":"Large Slime","floor":14,"turns":6},{"damage":13,"enemies":"Slime Boss","floor":16,"turns":7},{"damage":19,"enemies":"2 Thieves","floor":18,"turns":4},{"damage":62,"enemies":"3 Byrds","floor":19,"turns":7}],"seed_played":"4865957569538831051","potions_obtained":[{"floor":1,"key":"Block Potion"},{"floor":3,"key":"BloodPotion"},{"floor":12,"key":"AttackPotion"},{"floor":14,"key":"SpeedPotion"},{"floor":16,"key":"PowerPotion"}],"is_trial":false,"path_per_floor":["M","?","?","M","M","R","?","R","T","$","?","E","$","M","R","B",null,"M","M"],"character_chosen":"IRONCLAD","items_purchased":["Feed","True Grit"],"campfire_rested":1,"item_purchase_floors":[10,13],"current_hp_per_floor":[62,62,62,51,50,50,27,27,27,27,27,17,17,18,42,38,73,63,4],"gold":142,"neow_bonus":"TRANSFORM_TWO_CARDS","is_prod":false,"is_daily":false,"chose_seed":false,"campfire_upgraded":2,"win_rate":0,"timestamp":1552130645,"path_taken":["M","?","?","M","?","R","?","R","T","$","?","E","$","M","R","BOSS","M","M"],"build_version":"2019-01-23","purchased_purges":1,"victory":false,"max_hp_per_floor":[75,75,75,75,75,75,75,75,75,75,75,78,78,81,81,84,84,87,90],"card_choices":[{"not_picked":["Sword Boomerang","Havoc","Reckless Charge"],"picked":"SKIP","floor":1},{"not_picked":["Rage","Warcry"],"picked":"Disarm","floor":4},{"not_picked":["Clash","Flex"],"picked":"Evolve","floor":5},{"not_picked":["Wild Strike","Flex"],"picked":"Shrug It Off","floor":12},{"not_picked":["Infernal Blade","Seeing Red","Clothesline"],"picked":"SKIP","floor":14},{"not_picked":["Limit Break","Immolate"],"picked":"Barricade","floor":16},{"not_picked":["Sentinel","Pommel Strike"],"picked":"Feel No Pain","floor":18}],"player_experience":2109504,"relics_obtained":[{"floor":9,"key":"Kunai"},{"floor":12,"key":"Shovel"}],"event_choices":[{"damage_healed":0,"gold_gain":0,"player_choice":"Take Wound","damage_taken":0,"relics_obtained":["Golden Idol"],"max_hp_gain":0,"max_hp_loss":0,"event_name":"Golden Idol","floor":2,"gold_loss":0,"cards_obtained":["Injury"]},{"damage_healed":0,"gold_gain":0,"player_choice":"Got Potions","damage_taken":0,"max_hp_gain":0,"max_hp_loss":0,"event_name":"Lab","floor":3,"gold_loss":0},{"damage_healed":0,"gold_gain":0,"player_choice":"Entered Light","damage_taken":23,"max_hp_gain":0,"max_hp_loss":0,"event_name":"Shining Light","floor":7,"gold_loss":0,"cards_upgraded":["Defend_R","Defend_R"]},{"damage_healed":0,"gold_gain":63,"player_choice":"Gained Gold","damage_taken":0,"max_hp_gain":0,"max_hp_loss":0,"event_name":"Golden Wing","floor":11,"gold_loss":0}],"is_beta":false,"boss_relics":[{"not_picked":["Black Star","Tiny House"],"picked":"Philosopher\u0027s Stone"}],"items_purged_floors":[13],"is_endless":false,"potions_floor_spawned":[1,12,14,16],"killed_by":"3 Byrds","ascension_level":20}