{"gold_per_floor":[116,136,136,136,7,7,42,42,42,61,75,150,182,210,210,282,282,296,296,314,332,332,357,357,357,433,433,61,61,81,112,124,209,221,250,137,153,153,172,172,172,172,217,217,217,217,269,287,287,287],"floor_reached":51,"playtime":3204,"items_purged":["Strike_G","Defend_G","Glass Knife"],"score":1278,"play_id":"3a0e7e1a-910b-478f-bc79-1be971c825e8","local_time":"20190427230204","is_ascension_mode":true,"campfire_choices":[{"data":"Flechettes","floor":6.0,"key":"SMITH"},{"data":"Acrobatics","floor":8.0,"key":"SMITH"},{"floor":15.0,"key":"REST"},{"data":"Adrenaline","floor":25.0,"key":"SMITH"},{"data":"Footwork","floor":27.0,"key":"SMITH"},{"data":"Calculated Gamble","floor":29.0,"key":"SMITH"},{"data":"Concentrate","floor":32.0,"key":"SMITH"},{"data":"Calculated Gamble","floor":40.0,"key":"SMITH"},{"data":"After Image","floor":45.0,"key":"SMITH"},{"floor":49,"key":"REST"}],"neow_cost":"NONE","seed_source_timestamp":1387376842887018,"circlet_count":0,"master_deck":["AscendersBane","Survivor","Neutralize","Flechettes+1","Dash","Acrobatics+1","Cloak And Dagger","Masterful Stab","Blur","Acrobatics","Corpse Explosion","Reflex","Acrobatics+1","Terror+1","Tools of the Trade","Footwork+1","Malaise","Adrenaline+1","Calculated Gamble+1","Calculated Gamble+1","Prepared","Concentrate+1","Adrenaline","Venomology","After Image+1","Storm of Steel","Distraction","Prepared","Footwork+1","Blur+1"],"special_seed":0,"relics":["Ring of the Snake","NeowsBlessing","Juzu Bracelet","Question Card","Du-Vu Doll","Tingsha","Odd Mushroom","Philosopher\u0027s Stone","Omamori","Ninja Scroll","DollysMirror","MawBank","Pandora\u0027s Box","Dream Catcher","Shuriken","Incense Burner"],"potions_floor_usage":[50,50,50],"damage_taken":[{"damage":0.0,"enemies":"Jaw Worm","floor":1.0,"turns":1.0},{"damage":0.0,"enemies":"Cultist","floor":2.0,"turns":1.0},{"damage":0.0,"enemies":"3 Sentries","floor":7.0,"turns":1.0},{"damage":2.0,"enemies":"2 Louse","floor":10.0,"turns":2.0},{"damage":2.0,"enemies":"2 Fungi Beasts","floor":11.0,"turns":3.0},{"damage":7.0,"enemies":"Lagavulin","floor":13.0,"turns":3.0},{"damage":14.0,"enemies":"The Mushroom Lair","floor":14.0,"turns":5.0},{"damage":7.0,"enemies":"Slime Boss","floor":16.0,"turns":10.0},{"damage":0.0,"enemies":"Chosen","floor":18.0,"turns":4.0},{"damage":0.0,"enemies":"Spheric Guardian","floor":20.0,"turns":1.0},{"damage":0.0,"enemies":"Cultist and Chosen","floor":21.0,"turns":1.0},{"damage":25.0,"enemies":"Slavers","floor":23.0,"turns":4.0},{"damage":0.0,"enemies":"3 Cultists","floor":30.0,"turns":2.0},{"damage":0.0,"enemies":"Gremlin Leader","floor":31.0,"turns":4.0},{"damage":32.0,"enemies":"Automaton","floor":33.0,"turns":7.0},{"damage":0.0,"enemies":"Orb Walker","floor":35.0,"turns":2.0},{"damage":0.0,"enemies":"3 Darklings","floor":37.0,"turns":2.0},{"damage":1.0,"enemies":"4 Shapes","floor":39.0,"turns":3.0},{"damage":0.0,"enemies":"Writhing Mass","floor":42.0,"turns":1.0},{"damage":6,"enemies":"2 Orb Walkers","floor":47,"turns":2},{"damage":0,"enemies":"3 Darklings","floor":48,"turns":1},{"damage":14,"enemies":"Time Eater","floor":50,"turns":16}],"seed_played":"4715610012535812136","potions_obtained":[{"floor":7.0,"key":"Energy Potion"},{"floor":10.0,"key":"FearPotion"},{"floor":14.0,"key":"GamblersBrew"},{"floor":16.0,"key":"SkillPotion"},{"floor":20.0,"key":"Energy Potion"},{"floor":30.0,"key":"LiquidBronze"},{"floor":37.0,"key":"SmokeBomb"},{"floor":47,"key":"GamblersBrew"},{"floor":48,"key":"Energy Potion"}],"is_trial":false,"path_per_floor":["M","M","?","?","$","R","E","R","T","M","M","?","E","?","R","B",null,"M","?","M","M","?","E","?","R","T","R","$","R","M","E","R","B",null,"M","$","M","?","M","R","?","M","T","?","R","T","?","M","R","B",null],"character_chosen":"THE_SILENT","items_purchased":["Acrobatics","Calculated Gamble","DollysMirror"],"campfire_rested":2,"item_purchase_floors":[5,28,28],"current_hp_per_floor":[59,59,59,59,59,59,59,59,59,57,55,44,37,23,42,35,58,58,58,58,58,58,33,33,33,33,33,33,33,33,33,33,1,50,50,50,50,50,49,49,49,49,49,49,49,49,43,43,61,47],"gold":287,"neow_bonus":"THREE_ENEMY_KILL","is_prod":false,"is_daily":false,"chose_seed":false,"campfire_upgraded":8,"win_rate":0,"timestamp":1556373724,"path_taken":["M","M","?","?","$","R","E","R","T","M","M","?","E","?","R","BOSS","M","?","M","M","?","E","?","R","T","R","?","R","M","E","R","BOSS","M","$","M","?","M","R","?","M","T","?","R","?","?","M","R","BOSS"],"build_version":"2019-01-23","purchased_purges":3,"victory":true,"max_hp_per_floor":[66,66,66,66,66,66,66,66,66,66,66,66,66,66,66,66,66,66,66,66,66,66,66,66,66,66,66,66,66,66,66,66,66,66,66,66,66,66,66,66,63,63,63,63,63,63,63,63,63,63],"card_choices":[{"not_picked":["Dagger Throw","Underhanded Strike"],"picked":"Flechettes","floor":1.0},{"not_picked":["Cloak And Dagger","Riddle With Holes"],"picked":"Dash","floor":2.0},{"not_picked":["Dodge and Roll","Choke","Slice"],"picked":"SKIP","floor":7.0},{"not_picked":["Eviscerate","Expertise","Blade Dance"],"picked":"Cloak And Dagger","floor":10.0},{"not_picked":["Endless Agony","Dagger Spray","Acrobatics"],"picked":"Masterful Stab","floor":11.0},{"not_picked":["All Out Attack","Dodge and Roll","Finisher"],"picked":"Blur","floor":13.0},{"not_picked":["Poisoned Stab","Dagger Throw","Catalyst"],"picked":"Acrobatics","floor":14.0},{"not_picked":["Night Terror","Adrenaline","Bullet Time"],"picked":"Corpse Explosion","floor":16.0},{"not_picked":["Blade Dance","Expertise+1","PiercingWail"],"picked":"Reflex","floor":18.0},{"not_picked":["Deadly Poison+1","Dagger Spray","Flying Knee"],"picked":"Terror+1","floor":20.0},{"not_picked":["Prepared","Dodge and Roll","Bouncing Flask+1"],"picked":"Tools of the Trade","floor":21.0},{"not_picked":["Distraction","Deadly Poison","Endless Agony"],"picked":"Malaise","floor":23.0},{"not_picked":["Bane","PiercingWail+1","Cloak And Dagger"],"picked":"Prepared","floor":30.0},{"not_picked":["Outmaneuver","Cloak And Dagger","Bane"],"picked":"Concentrate","floor":31.0},{"not_picked":["Bullet Time","Unload","Storm of Steel"],"picked":"Adrenaline","floor":33.0},{"not_picked":["Distraction","Expertise","Prepared","Underhanded Strike+1"],"picked":"SKIP","floor":35.0},{"not_picked":["Flying Knee+1","Finisher","Concentrate","Blur+1"],"picked":"SKIP","floor":37.0},{"not_picked":["Cloak And Dagger","Setup","Blade Dance","Poisoned Stab"],"picked":"SKIP","floor":39.0},{"not_picked":["PiercingWail","Accuracy","Concentrate"],"picked":"Footwork+1","floor":48},{"not_picked":["Prepared","Finisher+1","Endless Agony+1"],"picked":"Blur+1","floor":49}],"player_experience":713565,"relics_obtained":[{"floor":3.0,"key":"Juzu Bracelet"},{"floor":7.0,"key":"Question Card"},{"floor":9.0,"key":"Du-Vu Doll"},{"floor":13.0,"key":"Tingsha"},{"floor":14.0,"key":"Odd Mushroom"},{"floor":23.0,"key":"Omamori"},{"floor":26.0,"key":"Ninja Scroll"},{"floor":31.0,"key":"MawBank"},{"floor":43.0,"key":"Dream Catcher"},{"floor":46.0,"key":"Shuriken"},{"floor":47,"key":"Incense Burner"}],"event_choices":[{"damage_healed":0.0,"max_hp_gain":0.0,"max_hp_loss":0.0,"gold_gain":0.0,"event_name":"Wheel of Change","player_choice":"Relic","floor":3.0,"gold_loss":0.0,"damage_taken":0.0},{"damage_healed":0.0,"max_hp_gain":0.0,"max_hp_loss":0.0,"gold_gain":0.0,"cards_transformed":["Strike_G"],"event_name":"Living Wall","player_choice":"Change","floor":4.0,"gold_loss":0.0,"damage_taken":0.0,"cards_obtained":["Quick Slash"]},{"damage_healed":0.0,"max_hp_gain":0.0,"max_hp_loss":0.0,"gold_gain":75.0,"event_name":"World of Goop","player_choice":"Gather Gold","floor":12.0,"gold_loss":0.0,"damage_taken":11.0},{"damage_healed":0.0,"max_hp_gain":0.0,"max_hp_loss":0.0,"gold_gain":0.0,"event_name":"Mushrooms","player_choice":"Fought Mushrooms","floor":14.0,"gold_loss":0.0,"damage_taken":0.0},{"damage_healed":0.0,"max_hp_gain":0.0,"max_hp_loss":0.0,"gold_gain":0.0,"event_name":"Duplicator","player_choice":"Copied","floor":19.0,"gold_loss":0.0,"damage_taken":0.0,"cards_obtained":["Acrobatics"]},{"damage_healed":0.0,"max_hp_gain":0.0,"max_hp_loss":0.0,"gold_gain":0.0,"cards_transformed":["Strike_G","Strike_G"],"event_name":"Drug Dealer","player_choice":"Became Test Subject","floor":22.0,"gold_loss":0.0,"damage_taken":0.0,"cards_obtained":["Footwork","Glass Knife"]},{"damage_healed":0.0,"max_hp_gain":0.0,"max_hp_loss":0.0,"gold_gain":0.0,"event_name":"Match and Keep!","player_choice":"1 cards matched","floor":24.0,"gold_loss":0.0,"damage_taken":0.0,"cards_obtained":["Adrenaline"]},{"cards_removed":["Quick Slash"],"damage_healed":0.0,"max_hp_gain":0.0,"max_hp_loss":0.0,"gold_gain":0.0,"event_name":"Falling","player_choice":"Removed Attack","floor":38.0,"gold_loss":0.0,"damage_taken":0.0},{"damage_healed":0.0,"max_hp_gain":0.0,"max_hp_loss":3.0,"gold_gain":0.0,"event_name":"Winding Halls","player_choice":"Max HP","floor":41.0,"gold_loss":0.0,"damage_taken":0.0},{"damage_healed":0.0,"max_hp_gain":0.0,"max_hp_loss":0.0,"gold_gain":0.0,"event_name":"Tomb of Lord Red Mask","player_choice":"Ignored","floor":44.0,"gold_loss":0.0,"damage_taken":0.0},{"damage_healed":0,"gold_gain":0,"player_choice":"Fight","damage_taken":0,"max_hp_gain":0,"max_hp_loss":0,"event_name":"Mysterious Sphere","floor":47,"gold_loss":0}],"is_beta":false,"boss_relics":[{"not_picked":["WristBlade","Coffee Dripper"],"picked":"Philosopher\u0027s Stone"},{"not_picked":["Runic Dome","Velvet Choker"],"picked":"Pandora\u0027s Box"}],"items_purged_floors":[5,28,36],"is_endless":false,"potions_floor_spawned":[7,10,14,16,20,30,37,47,48],"ascension_level":15}