{"gold_per_floor":[111,111,124,124,145,183,183,201,201,241,15,15,15,15],"floor_reached":14,"playtime":260,"items_purged":[],"score":246,"play_id":"18ce4370-e635-4be9-b3c0-95e0a6fc8152","local_time":"20190223141921","is_ascension_mode":true,"campfire_choices":[{"data":"Buffer","floor":7,"key":"SMITH"}],"neow_cost":"NONE","seed_source_timestamp":268297102061600,"circlet_count":0,"master_deck":["AscendersBane","Strike_B","Strike_B","Strike_B","Strike_B","Defend_B","Defend_B","Defend_B","Defend_B","Zap+1","Dualcast","Ball Lightning","Gash","Buffer+1","White Noise"],"relics":["Cracked Core","NeowsBlessing","Golden Idol","Gremlin Horn","The Courier","Bag of Marbles","Mummified Hand"],"potions_floor_usage":[6,10],"damage_taken":[{"damage":0,"enemies":"Small Slimes","floor":1,"turns":1},{"damage":0,"enemies":"Jaw Worm","floor":3,"turns":1},{"damage":0,"enemies":"Cultist","floor":5,"turns":1},{"damage":35,"enemies":"3 Sentries","floor":6,"turns":8},{"damage":7,"enemies":"Exordium Wildlife","floor":8,"turns":5},{"damage":0,"enemies":"Gremlin Nob","floor":10,"turns":4},{"damage":0,"enemies":"Looter","floor":14,"turns":1}],"seed_played":"45511597060581823","potions_obtained":[{"floor":3,"key":"Explosive Potion"},{"floor":8,"key":"Swift Potion"}],"is_trial":false,"path_per_floor":["M","?","M","T","M","E","R","M","T","E","$","?","?","M"],"character_chosen":"DEFECT","items_purchased":["Mummified Hand"],"campfire_rested":0,"item_purchase_floors":[11],"current_hp_per_floor":[64,64,64,64,64,29,29,22,22,22,22,4,4,4],"gold":15,"neow_bonus":"THREE_ENEMY_KILL","is_prod":false,"is_daily":false,"chose_seed":false,"campfire_upgraded":1,"win_rate":0,"timestamp":1550899161,"path_taken":["M","?","M","?","?","E","R","M","T","E","$","?","?","?"],"build_version":"2019-01-23","purchased_purges":0,"victory":false,"max_hp_per_floor":[71,64,64,64,64,64,64,64,64,64,64,64,64,64],"card_choices":[{"not_picked":["Go for the Eyes","Streamline"],"picked":"Ball Lightning","floor":1},{"not_picked":["Double Energy","Streamline"],"picked":"Gash","floor":3},{"not_picked":["Rip and Tear","Gash"],"picked":"Buffer","floor":5},{"not_picked":["All For One","Steam"],"picked":"White Noise","floor":6},{"not_picked":["Rebound","Sweeping Beam","Stack"],"picked":"SKIP","floor":8},{"not_picked":["Static Discharge","Auto Shields","Steam"],"picked":"SKIP","floor":10}],"player_experience":1772359,"relics_obtained":[{"floor":4,"key":"Gremlin Horn"},{"floor":9,"key":"The Courier"},{"floor":10,"key":"Bag of Marbles"}],"event_choices":[{"damage_healed":0,"gold_gain":0,"player_choice":"Lose Max HP","damage_taken":0,"relics_obtained":["Golden Idol"],"max_hp_gain":0,"max_hp_loss":7,"event_name":"Golden Idol","floor":2,"gold_loss":0},{"damage_healed":0,"gold_gain":0,"player_choice":"Fled","damage_taken":18,"max_hp_gain":0,"max_hp_loss":0,"event_name":"Scrap Ooze","floor":12,"gold_loss":0},{"damage_healed":0,"gold_gain":0,"player_choice":"Upgraded","damage_taken":0,"max_hp_gain":0,"max_hp_loss":0,"event_name":"Upgrade Shrine","floor":13,"gold_loss":0,"cards_upgraded":["Zap"]}],"is_beta":false,"boss_relics":[],"items_purged_floors":[],"is_endless":false,"potions_floor_spawned":[3,8],"killed_by":"Looter","ascension_level":20}