{"gold_per_floor":[110,110,110,86,101,136,96,96,120,43,86,99,99,99,99,99],"floor_reached":16,"playtime":285,"items_purged":[],"score":262,"play_id":"d3c9a39c-63d2-4681-9613-3e4bab0343f0","local_time":"20190328113232","is_ascension_mode":true,"campfire_choices":[{"data":"Carnage","floor":8,"key":"SMITH"},{"data":"Entrench","floor":13,"key":"SMITH"},{"data":"Armaments","floor":15,"key":"SMITH"}],"neow_cost":"NONE","seed_source_timestamp":33995861934900,"circlet_count":0,"master_deck":["AscendersBane","Strike_R","Strike_R","Strike_R","Strike_R+1","Strike_R","Defend_R","Defend_R","Defend_R","Defend_R","Bash","Body Slam+1","Armaments+1","Rage","Carnage+1","Evolve","Entrench+1","Second Wind","Seeing Red"],"relics":["Burning Blood","NeowsBlessing","Golden Idol","Bronze Scales","Ancient Tea Set","Oddly Smooth Stone","Potion Belt"],"potions_floor_usage":[11,16],"damage_taken":[{"damage":0,"enemies":"2 Louse","floor":1,"turns":1},{"damage":0,"enemies":"Jaw Worm","floor":5,"turns":1},{"damage":0,"enemies":"Lagavulin","floor":6,"turns":1},{"damage":22,"enemies":"3 Sentries","floor":11,"turns":8},{"damage":0,"enemies":"Cultist","floor":12,"turns":3},{"damage":12,"enemies":"Hexaghost","floor":16,"turns":9}],"seed_played":"9133461434094082876","potions_obtained":[{"floor":5,"key":"BloodPotion"},{"floor":12,"key":"GamblersBrew"}],"is_trial":false,"path_per_floor":["M","?","?","$","M","E","$","R","T","$","E","M","R","?","R","B"],"character_chosen":"IRONCLAD","items_purchased":["Armaments","Evolve","Entrench"],"campfire_rested":0,"item_purchase_floors":[4,7,10],"current_hp_per_floor":[74,51,25,25,31,37,37,37,37,37,28,34,34,23,23,11],"gold":99,"neow_bonus":"THREE_ENEMY_KILL","is_prod":false,"is_daily":false,"chose_seed":false,"campfire_upgraded":3,"win_rate":0,"timestamp":1553740352,"path_taken":["M","?","?","?","?","E","$","R","T","$","E","M","R","?","R","BOSS"],"build_version":"2019-01-23","purchased_purges":0,"victory":false,"max_hp_per_floor":[75,75,75,75,75,75,75,75,75,75,75,75,75,75,75,75],"card_choices":[{"not_picked":["Uppercut","Havoc"],"picked":"Body Slam","floor":1},{"not_picked":["Wild Strike","Twin Strike"],"picked":"Rage","floor":5},{"not_picked":["Flex","True Grit"],"picked":"Carnage","floor":6},{"not_picked":["Thunderclap","Havoc"],"picked":"Second Wind","floor":11},{"not_picked":["Twin Strike","Clash"],"picked":"Seeing Red","floor":12}],"player_experience":2661085,"relics_obtained":[{"floor":6,"key":"Bronze Scales"},{"floor":9,"key":"Ancient Tea Set"},{"floor":11,"key":"Oddly Smooth Stone"}],"event_choices":[{"damage_healed":0,"gold_gain":0,"player_choice":"Entered Light","damage_taken":23,"max_hp_gain":0,"max_hp_loss":0,"event_name":"Shining Light","floor":2,"gold_loss":0,"cards_upgraded":["Body Slam","Strike_R"]},{"damage_healed":0,"gold_gain":0,"player_choice":"Take Damage","damage_taken":26,"relics_obtained":["Golden Idol"],"max_hp_gain":0,"max_hp_loss":0,"event_name":"Golden Idol","floor":3,"gold_loss":0},{"damage_healed":0,"gold_gain":0,"player_choice":"Success","damage_taken":11,"relics_obtained":["Potion Belt"],"max_hp_gain":0,"max_hp_loss":0,"event_name":"Scrap Ooze","floor":14,"gold_loss":0}],"is_beta":false,"boss_relics":[],"items_purged_floors":[],"is_endless":false,"potions_floor_spawned":[5,12],"killed_by":"Hexaghost","ascension_level":20}