{"gold_per_floor":[15,31,47,47,47,47,60,89,89,89,89],"floor_reached":11,"playtime":225,"items_purged":[],"score":146,"play_id":"40374bdd-6e49-4759-9d2e-3897689fb060","local_time":"20190412192542","is_ascension_mode":true,"campfire_choices":[{"data":"Armaments","floor":6,"key":"SMITH"},{"data":"Shockwave","floor":10,"key":"SMITH"}],"neow_cost":"NO_GOLD","seed_source_timestamp":28407155244200,"circlet_count":0,"master_deck":["AscendersBane","Strike_R","Strike_R","Strike_R","Defend_R","Defend_R","Defend_R","Defend_R","Bash","Spot Weakness","Hemokinesis","Armaments+1","Flame Barrier","Shockwave+1"],"relics":["Burning Blood","Nunchaku","Meat on the Bone","Self Forming Clay"],"potions_floor_usage":[8],"damage_taken":[{"damage":2,"enemies":"2 Louse","floor":1,"turns":3},{"damage":12,"enemies":"Jaw Worm","floor":2,"turns":4},{"damage":12,"enemies":"Cultist","floor":3,"turns":3},{"damage":15,"enemies":"Red Slaver","floor":7,"turns":3},{"damage":45,"enemies":"Gremlin Nob","floor":8,"turns":6},{"damage":7,"enemies":"Gremlin Gang","floor":11,"turns":3}],"seed_played":"-417003597149012243","potions_obtained":[{"floor":1,"key":"SpeedPotion"},{"floor":8,"key":"Dexterity Potion"}],"is_trial":false,"path_per_floor":["M","M","M","?","?","R","M","E","T","R","M"],"character_chosen":"IRONCLAD","items_purchased":[],"campfire_rested":0,"item_purchase_floors":[],"current_hp_per_floor":[72,66,60,60,60,60,51,12,12,12,5],"gold":89,"neow_bonus":"ONE_RARE_RELIC","is_prod":false,"is_daily":false,"chose_seed":false,"campfire_upgraded":2,"win_rate":0,"timestamp":1555064742,"path_taken":["M","M","M","?","?","R","M","E","T","R","?"],"build_version":"2019-01-23","purchased_purges":0,"victory":false,"max_hp_per_floor":[75,75,75,75,75,75,75,75,75,75,75],"card_choices":[{"not_picked":["Sword Boomerang","Warcry"],"picked":"Spot Weakness","floor":1},{"not_picked":["Iron Wave","Body Slam"],"picked":"Hemokinesis","floor":2},{"not_picked":["Body Slam","Pommel Strike"],"picked":"Armaments","floor":3},{"not_picked":["Perfected Strike","Shrug It Off"],"picked":"Shockwave","floor":7},{"not_picked":["Combust","Wild Strike","Clothesline"],"picked":"SKIP","floor":8}],"player_experience":3082748,"relics_obtained":[{"floor":8,"key":"Meat on the Bone"},{"floor":9,"key":"Self Forming Clay"}],"event_choices":[{"damage_healed":0,"gold_gain":0,"cards_transformed":["Strike_R"],"player_choice":"Change","damage_taken":0,"max_hp_gain":0,"max_hp_loss":0,"event_name":"Living Wall","floor":4,"gold_loss":0,"cards_obtained":["Flame Barrier"]},{"cards_removed":["Strike_R"],"damage_healed":0,"gold_gain":0,"player_choice":"Purged","damage_taken":0,"max_hp_gain":0,"max_hp_loss":0,"event_name":"Purifier","floor":5,"gold_loss":0}],"is_beta":false,"boss_relics":[],"items_purged_floors":[],"is_endless":false,"potions_floor_spawned":[1,8],"killed_by":"Gremlin Gang","ascension_level":20}