{"gold_per_floor":[365,381,257,332,16,16,41,41,65,65,93,93,109,139,139,242,242,261,261,110,120,120,120,120],"floor_reached":24,"playtime":1419,"items_purged":["Pain"],"score":260,"play_id":"49d446f3-3e6c-4e77-9ce1-6374957896d7","local_time":"20180721091140","is_ascension_mode":true,"campfire_choices":[{"floor":6,"key":"REST"},{"floor":10,"key":"REST"},{"floor":12,"key":"REST"},{"data":"White Noise","floor":15,"key":"SMITH"},{"floor":23,"key":"REST"}],"neow_cost":"CURSE","seed_source_timestamp":1340676160673444,"circlet_count":0,"master_deck":["Strike_B","Strike_B","Strike_B","Strike_B","Defend_B","Defend_B","Defend_B","Defend_B","Zap","Dualcast","Hello World","Loop","Dramatic Entrance","Genetic Algorithm","White Noise+1","Biased Cognition","Heatsinks","Static Discharge","Double Energy","White Noise+1","Force Field","Loop","Buffer"],"relics":["Cracked Core","Anchor","Juzu Bracelet","Lantern","Bag of Marbles","Orrery"],"potions_floor_usage":[7,7,7,21,24,24],"damage_taken":[{"damage":2,"enemies":"2 Louse","floor":1,"turns":2},{"damage":10,"enemies":"Jaw Worm","floor":2,"turns":3},{"damage":28,"enemies":"Gremlin Nob","floor":7,"turns":4},{"damage":14,"enemies":"3 Sentries","floor":11,"turns":7},{"damage":0,"enemies":"Small Slimes","floor":13,"turns":2},{"damage":13,"enemies":"The Guardian","floor":16,"turns":12},{"damage":16,"enemies":"Shell Parasite","floor":18,"turns":4},{"damage":7,"enemies":"Spheric Guardian","floor":21,"turns":4},{"damage":84,"enemies":"Centurion and Healer","floor":24,"turns":16}],"seed_played":"1055438816529430120","potions_obtained":[{"floor":1,"key":"Swift Potion"},{"floor":2,"key":"SteroidPotion"},{"floor":13,"key":"LiquidBronze"},{"floor":16,"key":"Ancient Potion"},{"floor":21,"key":"Dexterity Potion"}],"is_trial":false,"path_per_floor":["M","M","$","?","$","R","E","?","T","R","E","R","M","?","R","B",null,"M","?","$","M","?","R"],"character_chosen":"DEFECT","items_purchased":["PowerPotion","Loop","Anchor","Dramatic Entrance","Force Field","Loop"],"campfire_rested":4,"item_purchase_floors":[3,5,5,5,20,20],"current_hp_per_floor":[66,56,56,45,45,67,39,39,39,61,47,69,69,69,69,56,70,61,61,61,54,54,75,0],"gold":120,"neow_bonus":"TWO_FIFTY_GOLD","is_prod":false,"is_daily":false,"chose_seed":false,"campfire_upgraded":1,"win_rate":0,"timestamp":1532153500,"path_taken":["M","M","$","?","$","R","E","?","T","R","E","R","M","?","R","BOSS","M","?","$","M","?","R","M"],"build_version":"2018-07-19v2","purchased_purges":1,"victory":false,"max_hp_per_floor":[75,75,75,75,75,75,75,75,75,75,75,75,75,75,75,75,75,75,75,75,75,75,75,75],"card_choices":[{"not_picked":["Chill","Chaos"],"picked":"Hello World","floor":1},{"not_picked":["Go for the Eyes","Beam Cell","Leap"],"picked":"SKIP","floor":2},{"not_picked":["Gash","Rip and Tear"],"picked":"Genetic Algorithm","floor":7},{"not_picked":["Defragment","Chill"],"picked":"White Noise","floor":11},{"not_picked":["Cold Snap","Beam Cell","Stack"],"picked":"SKIP","floor":13},{"not_picked":["Machine Learning","Meteor Strike"],"picked":"Biased Cognition","floor":16},{"not_picked":["Glacier","Double Energy"],"picked":"Heatsinks","floor":17},{"not_picked":["Beam Cell","Stack"],"picked":"Static Discharge","floor":17},{"not_picked":["Consume","Beam Cell"],"picked":"Double Energy","floor":17},{"not_picked":["Beam Cell","Doom and Gloom","Stack"],"picked":"SKIP","floor":18},{"not_picked":["Cold Snap","Darkness","Doom and Gloom"],"picked":"SKIP","floor":21}],"player_experience":599055,"relics_obtained":[{"floor":7,"key":"Juzu Bracelet"},{"floor":9,"key":"Lantern"},{"floor":11,"key":"Bag of Marbles"}],"event_choices":[{"event_name":"World of Goop","player_choice":"Gather Gold","floor":4,"damage_taken":0},{"event_name":"Golden Wing","player_choice":"Ignored","floor":8,"damage_taken":0},{"event_name":"Dead Adventurer","player_choice":"Searched \u00271\u0027 times","floor":14,"damage_taken":0},{"event_name":"Duplicator","player_choice":"One dupe","floor":19,"damage_taken":0},{"event_name":"Match and Keep!","player_choice":"1 cards matched","floor":22,"damage_taken":0}],"is_beta":false,"boss_relics":[{"not_picked":["Snecko Eye","Coffee Dripper"],"picked":"Orrery"}],"items_purged_floors":[3],"is_endless":false,"potions_floor_spawned":[1,2,13,16,21],"killed_by":"Centurion and Healer","ascension_level":6}