{"gold_per_floor":[117,135,135,135,147,147,176,176,176,195,213,213,288,1,1,98,98,113,132,6,23,23,23],"floor_reached":23,"playtime":544,"items_purged":[],"score":220,"play_id":"5d703b95-41f3-497c-8763-70250f0d0e4d","local_time":"20190418030129","is_ascension_mode":true,"campfire_choices":[{"floor":6,"key":"REST"},{"floor":8,"key":"REST"},{"data":"Echo Form","floor":15,"key":"SMITH"}],"neow_cost":"NONE","seed_source_timestamp":546389168559453,"circlet_count":0,"master_deck":["Strike_B","Strike_B","Strike_B+1","Strike_B","Defend_B","Defend_B+1","Defend_B","Defend_B","Zap+1","Dualcast","Go for the Eyes","Gash","Conserve Battery","Echo Form+1","Coolheaded","Gash","Parasite","Thunder Strike","Ball Lightning","Static Discharge","Conserve Battery","Steam"],"relics":["Cracked Core","Dodecahedron","Bronze Scales","Kunai","Dead Branch","Sozu"],"potions_floor_usage":[],"damage_taken":[{"damage":10,"enemies":"Small Slimes","floor":1,"turns":4},{"damage":2,"enemies":"Jaw Worm","floor":2,"turns":4},{"damage":7,"enemies":"2 Louse","floor":5,"turns":2},{"damage":27,"enemies":"Lagavulin","floor":7,"turns":7},{"damage":0,"enemies":"2 Fungi Beasts","floor":10,"turns":4},{"damage":13,"enemies":"3 Louse","floor":11,"turns":2},{"damage":33,"enemies":"Hexaghost","floor":16,"turns":8},{"damage":16,"enemies":"Chosen","floor":18,"turns":5},{"damage":0,"enemies":"Spheric Guardian","floor":19,"turns":3},{"damage":37,"enemies":"Snake Plant","floor":21,"turns":4},{"damage":23,"enemies":"Book of Stabbing","floor":23,"turns":3}],"seed_played":"-7971608045039910600","potions_obtained":[{"floor":1,"key":"AttackPotion"},{"floor":5,"key":"Strength Potion"},{"floor":16,"key":"Regen Potion"}],"is_trial":false,"path_per_floor":["M","M","?","T","M","R","E","R","T","M","M","?","?","$","R","B",null,"M","M","$","M","?","E"],"character_chosen":"DEFECT","items_purchased":["Dead Branch","Static Discharge","Conserve Battery"],"campfire_rested":2,"item_purchase_floors":[14,20,20],"current_hp_per_floor":[65,63,48,48,41,63,36,58,58,58,45,63,52,52,52,19,75,59,59,59,22,22,0],"gold":23,"neow_bonus":"UPGRADE_CARD","is_prod":false,"is_daily":false,"chose_seed":false,"campfire_upgraded":1,"win_rate":0,"timestamp":1555574489,"path_taken":["M","M","?","?","M","R","E","R","T","M","M","?","?","?","R","BOSS","M","M","$","M","?","E"],"build_version":"2019-01-23","purchased_purges":0,"victory":false,"max_hp_per_floor":[75,75,75,75,75,75,75,75,75,75,75,75,75,75,75,75,75,75,75,75,75,75,75],"card_choices":[{"not_picked":["White Noise","Barrage"],"picked":"Go for the Eyes","floor":1},{"not_picked":["Streamline","Turbo"],"picked":"Gash","floor":2},{"not_picked":["Sunder","Double Energy"],"picked":"Conserve Battery","floor":5},{"not_picked":["Steam","Stack"],"picked":"Echo Form","floor":7},{"not_picked":["Conserve Battery","Turbo"],"picked":"Coolheaded","floor":10},{"not_picked":["Barrage","Chaos"],"picked":"Gash","floor":11},{"not_picked":["Meteor Strike","Reboot"],"picked":"Thunder Strike","floor":16},{"not_picked":["Skim","Hologram"],"picked":"Ball Lightning","floor":18},{"not_picked":["Reinforced Body","Fusion","Double Energy"],"picked":"SKIP","floor":19},{"not_picked":["Sweeping Beam","Genetic Algorithm"],"picked":"Steam","floor":21}],"player_experience":206096,"relics_obtained":[{"floor":4,"key":"Dodecahedron"},{"floor":7,"key":"Bronze Scales"},{"floor":9,"key":"Kunai"}],"event_choices":[{"damage_healed":0,"gold_gain":0,"player_choice":"Entered Light","damage_taken":15,"max_hp_gain":0,"max_hp_loss":0,"event_name":"Shining Light","floor":3,"gold_loss":0,"cards_upgraded":["Strike_B","Defend_B"]},{"damage_healed":18,"gold_gain":0,"player_choice":"Healed and dodged fight","damage_taken":0,"max_hp_gain":0,"max_hp_loss":0,"event_name":"Mushrooms","floor":12,"gold_loss":0,"cards_obtained":["Parasite"]},{"damage_healed":0,"gold_gain":75,"player_choice":"Gather Gold","damage_taken":11,"max_hp_gain":0,"max_hp_loss":0,"event_name":"World of Goop","floor":13,"gold_loss":0}],"is_beta":false,"boss_relics":[{"not_picked":["Runic Dome","Calling Bell"],"picked":"Sozu"}],"items_purged_floors":[],"is_endless":false,"potions_floor_spawned":[1,5,16],"killed_by":"Book of Stabbing","ascension_level":3}