{"gold_per_floor":[109,109,109,109,122,157,232,250,276,276,294,294,335,50,50,146,209,233,258,308,52,52,52,70,70,70,111,111],"floor_reached":28,"playtime":724,"items_purged":["Strike_R"],"score":588,"play_id":"8867863b-ca25-4463-b73b-9e9ad5c8feb1","local_time":"20190419220517","is_ascension_mode":true,"campfire_choices":[{"data":"Combust","floor":10,"key":"SMITH"},{"data":"Offering","floor":12,"key":"SMITH"},{"data":"Inflame","floor":15,"key":"SMITH"},{"data":"Body Slam","floor":23,"key":"SMITH"},{"data":"Shockwave","floor":25,"key":"SMITH"}],"neow_cost":"NONE","seed_source_timestamp":324219889135100,"circlet_count":0,"master_deck":["AscendersBane","Strike_R+1","Strike_R+1","Strike_R+1","Strike_R+1","Defend_R+1","Defend_R+1","Defend_R+1","Defend_R+1","Bash+1","Combust+1","Offering+1","True Grit","Inflame+1","Offering+1","Uppercut","Spot Weakness+1","Evolve","Impervious","Body Slam+1","Shockwave+1","Seeing Red"],"relics":["Burning Blood","NeowsBlessing","Pen Nib","Golden Idol","Letter Opener","Art of War","Matryoshka","Oddly Smooth Stone","Tiny House","War Paint","StoneCalendar"],"potions_floor_usage":[8,16,16],"damage_taken":[{"damage":0,"enemies":"Small Slimes","floor":1,"turns":1},{"damage":0,"enemies":"2 Louse","floor":5,"turns":1},{"damage":0,"enemies":"Gremlin Nob","floor":6,"turns":1},{"damage":9,"enemies":"Jaw Worm","floor":8,"turns":4},{"damage":11,"enemies":"Large Slime","floor":11,"turns":5},{"damage":14,"enemies":"3 Sentries","floor":13,"turns":5},{"damage":15,"enemies":"Slime Boss","floor":16,"turns":7},{"damage":11,"enemies":"Chosen","floor":18,"turns":3},{"damage":18,"enemies":"Shell Parasite","floor":19,"turns":4},{"damage":19,"enemies":"Sentry and Sphere","floor":24,"turns":4},{"damage":34,"enemies":"Book of Stabbing","floor":27,"turns":3},{"damage":8,"enemies":"Shelled Parasite and Fungi","floor":28,"turns":3}],"seed_played":"-4696359339742384392","potions_obtained":[{"floor":5,"key":"BloodPotion"},{"floor":11,"key":"Strength Potion"},{"floor":13,"key":"SteroidPotion"},{"floor":17,"key":"FairyPotion"},{"floor":19,"key":"Explosive Potion"}],"is_trial":false,"path_per_floor":["M","?","?","?","M","E","?","M","T","R","M","R","E","$","R","B",null,"M","M","?","$","?","R","M","R","T","E","M"],"character_chosen":"IRONCLAD","items_purchased":["Oddly Smooth Stone","Inflame","Evolve","Impervious","Body Slam"],"campfire_rested":0,"item_purchase_floors":[14,14,21,21,21],"current_hp_per_floor":[74,63,40,40,46,52,41,44,44,44,39,39,31,31,31,22,62,57,45,45,45,45,45,32,32,32,13,5],"gold":111,"neow_bonus":"THREE_ENEMY_KILL","is_prod":false,"is_daily":false,"chose_seed":false,"campfire_upgraded":5,"win_rate":0,"timestamp":1555679117,"path_taken":["M","?","?","?","M","E","?","M","T","R","M","R","E","$","R","BOSS","M","M","?","$","?","R","M","R","T","E","M"],"build_version":"2019-01-23","purchased_purges":1,"victory":false,"max_hp_per_floor":[75,75,75,68,68,68,68,68,68,68,68,68,68,68,68,68,73,73,73,73,73,73,73,73,73,73,73,73],"card_choices":[{"not_picked":["Body Slam","Flex","Rupture"],"picked":"SKIP","floor":1},{"not_picked":["Clash","Wild Strike","Havoc"],"picked":"SKIP","floor":5},{"not_picked":["Clash","Wild Strike","Havoc"],"picked":"SKIP","floor":5},{"not_picked":["Sentinel","Sword Boomerang"],"picked":"Combust","floor":6},{"not_picked":["Infernal Blade","Pummel","Uppercut"],"picked":"SKIP","floor":8},{"not_picked":["Clash","Iron Wave"],"picked":"Offering","floor":11},{"not_picked":["Carnage","Seeing Red"],"picked":"True Grit","floor":13},{"not_picked":["Impervious","Brutality"],"picked":"Offering","floor":16},{"not_picked":["Searing Blow","True Grit"],"picked":"Uppercut","floor":17},{"not_picked":["Iron Wave+1","Uppercut"],"picked":"Spot Weakness","floor":18},{"not_picked":["Sword Boomerang","Iron Wave","Cleave"],"picked":"SKIP","floor":19},{"not_picked":["Disarm","Iron Wave"],"picked":"Shockwave","floor":24},{"not_picked":["Bludgeon","True Grit"],"picked":"Seeing Red","floor":27}],"player_experience":3240335,"relics_obtained":[{"floor":6,"key":"Letter Opener"},{"floor":9,"key":"Art of War"},{"floor":13,"key":"Matryoshka"},{"floor":26,"key":"War Paint"},{"floor":27,"key":"StoneCalendar"}],"event_choices":[{"damage_healed":0,"gold_gain":0,"player_choice":"Success","damage_taken":11,"relics_obtained":["Pen Nib"],"max_hp_gain":0,"max_hp_loss":0,"event_name":"Scrap Ooze","floor":2,"gold_loss":0},{"damage_healed":0,"gold_gain":0,"player_choice":"Entered Light","damage_taken":23,"max_hp_gain":0,"max_hp_loss":0,"event_name":"Shining Light","floor":3,"gold_loss":0,"cards_upgraded":["Bash","Defend_R"]},{"damage_healed":0,"gold_gain":0,"player_choice":"Lose Max HP","damage_taken":0,"relics_obtained":["Golden Idol"],"max_hp_gain":0,"max_hp_loss":7,"event_name":"Golden Idol","floor":4,"gold_loss":0},{"damage_healed":0,"gold_gain":75,"player_choice":"Gather Gold","damage_taken":11,"max_hp_gain":0,"max_hp_loss":0,"event_name":"World of Goop","floor":7,"gold_loss":0},{"damage_healed":0,"gold_gain":50,"player_choice":"Stole From Cult","damage_taken":0,"max_hp_gain":0,"max_hp_loss":0,"event_name":"Nest","floor":20,"gold_loss":0},{"damage_healed":0,"gold_gain":0,"player_choice":"Simplicity","damage_taken":0,"max_hp_gain":0,"max_hp_loss":0,"event_name":"Back to Basics","floor":22,"gold_loss":0,"cards_upgraded":["Strike_R","Strike_R","Strike_R","Defend_R","Defend_R","Defend_R"]}],"is_beta":false,"boss_relics":[{"not_picked":["Busted Crown","Velvet Choker"],"picked":"Tiny House"}],"items_purged_floors":[14],"is_endless":false,"potions_floor_spawned":[5,11,13,19],"killed_by":"Shelled Parasite and Fungi","ascension_level":20}