{"gold_per_floor":[112,112,165,165,188,223,238,238,238,238,259,295,320,345,345,441,441,441],"floor_reached":18,"playtime":626,"items_purged":[],"score":394,"play_id":"0450dc42-29c5-4cc8-b9db-8e5070dab6a6","local_time":"20190329131744","is_ascension_mode":true,"campfire_choices":[{"data":"Fiend Fire","floor":8,"key":"SMITH"},{"data":"Bash","floor":10,"key":"SMITH"},{"data":"Feel No Pain","floor":15,"key":"SMITH"}],"neow_cost":"NONE","seed_source_timestamp":7709827540700,"circlet_count":0,"master_deck":["AscendersBane","Strike_R","Strike_R","Strike_R","Strike_R","Strike_R","Defend_R","Defend_R","Defend_R","Defend_R","Bash+1","Fiend Fire+1","Power Through","Shrug It Off+1","Warcry+1","Second Wind+1","Burning Pact+1","Feel No Pain+1","Demon Form"],"relics":["Burning Blood","NeowsBlessing","Golden Idol","Tiny Chest","Toxic Egg 2","Gremlin Horn","Ancient Tea Set","Black Star"],"potions_floor_usage":[12,16,16,18],"damage_taken":[{"damage":0,"enemies":"Jaw Worm","floor":1,"turns":1},{"damage":0,"enemies":"Small Slimes","floor":5,"turns":1},{"damage":0,"enemies":"Gremlin Nob","floor":6,"turns":1},{"damage":0,"enemies":"Cultist","floor":7,"turns":2},{"damage":9,"enemies":"Red Slaver","floor":11,"turns":2},{"damage":25,"enemies":"3 Sentries","floor":12,"turns":12},{"damage":0,"enemies":"Looter","floor":13,"turns":3},{"damage":0,"enemies":"3 Louse","floor":14,"turns":4},{"damage":62,"enemies":"Slime Boss","floor":16,"turns":15},{"damage":61,"enemies":"3 Byrds","floor":18,"turns":5}],"seed_played":"-2680150182163073026","potions_obtained":[{"floor":1,"key":"Dexterity Potion"},{"floor":7,"key":"Regen Potion"},{"floor":12,"key":"Energy Potion"},{"floor":13,"key":"AttackPotion"},{"floor":16,"key":"Poison Potion"}],"is_trial":false,"path_per_floor":["M","?","T","?","M","E","M","R","T","R","M","E","M","M","R","B",null,"M"],"character_chosen":"IRONCLAD","items_purchased":[],"campfire_rested":0,"item_purchase_floors":[],"current_hp_per_floor":[74,48,48,48,54,60,66,66,66,66,63,59,65,71,71,15,60,0],"gold":441,"neow_bonus":"THREE_ENEMY_KILL","is_prod":false,"is_daily":false,"chose_seed":false,"campfire_upgraded":3,"win_rate":0,"timestamp":1553833064,"path_taken":["M","?","?","?","?","E","M","R","T","R","M","E","M","M","R","BOSS","M"],"build_version":"2019-01-23","purchased_purges":0,"victory":false,"max_hp_per_floor":[75,75,75,75,75,75,75,75,75,75,75,75,75,75,75,75,75,75],"card_choices":[{"not_picked":["Rage","Sentinel","Perfected Strike"],"picked":"SKIP","floor":1},{"not_picked":["Flex","Perfected Strike"],"picked":"Power Through","floor":5},{"not_picked":["Combust","Warcry"],"picked":"Shrug It Off","floor":6},{"not_picked":["Cleave","Clothesline"],"picked":"Warcry+1","floor":7},{"not_picked":["Blood for Blood","Anger","Twin Strike"],"picked":"SKIP","floor":11},{"not_picked":["Body Slam","Blood for Blood"],"picked":"Second Wind+1","floor":12},{"not_picked":["Clothesline","Metallicize"],"picked":"Burning Pact+1","floor":13},{"not_picked":["Iron Wave","Body Slam"],"picked":"Feel No Pain","floor":14},{"not_picked":["Limit Break+1","Double Tap+1"],"picked":"Demon Form","floor":16}],"player_experience":2702250,"relics_obtained":[{"floor":3,"key":"Tiny Chest"},{"floor":6,"key":"Toxic Egg 2"},{"floor":9,"key":"Gremlin Horn"},{"floor":12,"key":"Ancient Tea Set"}],"event_choices":[{"damage_healed":0,"gold_gain":0,"player_choice":"Take Damage","damage_taken":26,"relics_obtained":["Golden Idol"],"max_hp_gain":0,"max_hp_loss":0,"event_name":"Golden Idol","floor":2,"gold_loss":0},{"damage_healed":0,"gold_gain":0,"player_choice":"1 cards matched","damage_taken":0,"max_hp_gain":0,"max_hp_loss":0,"event_name":"Match and Keep!","floor":4,"gold_loss":0,"cards_obtained":["Fiend Fire"]}],"is_beta":false,"boss_relics":[{"not_picked":["Ectoplasm","Tiny House"],"picked":"Black Star"}],"items_purged_floors":[],"is_endless":false,"potions_floor_spawned":[1,7,12,13,16],"killed_by":"3 Byrds","ascension_level":20}