{"gold_per_floor":[117,132,149,51,68,68,86,96,96,96,106,31,46,59,59,163,163,180,193,4,17,17,17],"floor_reached":23,"playtime":1271,"items_purged":["Strike_G","Strike_G"],"score":236,"play_id":"ec5609ec-a06d-44f8-b733-96211d51a468","local_time":"20190420231721","is_ascension_mode":true,"campfire_choices":[{"data":"Neutralize","floor":6.0,"key":"SMITH"},{"floor":10.0,"key":"REST"},{"floor":15.0,"key":"REST"}],"neow_cost":"NONE","seed_source_timestamp":11595501451800,"circlet_count":0,"master_deck":["Defend_G","Defend_G","Defend_G","Defend_G","Defend_G","Strike_G","Strike_G","Strike_G","Survivor","Neutralize+1","Deadly Poison","Blur","Accuracy","Blade Dance","Blade Dance","PiercingWail","Cloak And Dagger","Bouncing Flask","Footwork","Finisher","Backflip","Burst","Blade Dance+1","Well Laid Plans","Cloak And Dagger","Escape Plan"],"special_seed":0,"relics":["Ring of the Snake","NeowsBlessing","Mercury Hourglass","Black Star"],"potions_floor_usage":[23],"damage_taken":[{"damage":0.0,"enemies":"2 Louse","floor":1.0,"turns":1.0},{"damage":0.0,"enemies":"Jaw Worm","floor":2.0,"turns":1.0},{"damage":0.0,"enemies":"Small Slimes","floor":3.0,"turns":1.0},{"damage":25.0,"enemies":"3 Louse","floor":5.0,"turns":4.0},{"damage":2.0,"enemies":"Red Slaver","floor":7.0,"turns":3.0},{"damage":8.0,"enemies":"Blue Slaver","floor":8.0,"turns":3.0},{"damage":1.0,"enemies":"Exordium Thugs","floor":11.0,"turns":5.0},{"damage":0.0,"enemies":"3 Louse","floor":13.0,"turns":4.0},{"damage":1.0,"enemies":"Lots of Slimes","floor":14.0,"turns":3.0},{"damage":7.0,"enemies":"Slime Boss","floor":16.0,"turns":11.0},{"damage":11.0,"enemies":"Spheric Guardian","floor":18.0,"turns":3.0},{"damage":16.0,"enemies":"Shell Parasite","floor":19.0,"turns":5.0},{"damage":11.0,"enemies":"Snecko","floor":21.0,"turns":5.0},{"damage":31,"enemies":"Slavers","floor":23,"turns":3}],"seed_played":"-5600226474798297949","potions_obtained":[{"floor":5.0,"key":"Weak Potion"},{"floor":11.0,"key":"Weak Potion"},{"floor":13.0,"key":"Strength Potion"}],"is_trial":false,"path_per_floor":["M","M","M","$","M","R","M","M","T","R","M","$","M","M","R","B",null,"M","M","$","M","?","E"],"character_chosen":"THE_SILENT","items_purchased":["Blade Dance","Footwork","Well Laid Plans","Cloak And Dagger"],"campfire_rested":2,"item_purchase_floors":[4,12,20,20],"current_hp_per_floor":[70,70,70,70,45,45,43,35,35,56,55,55,55,54,70,63,68,57,41,41,30,30,0],"gold":17,"neow_bonus":"THREE_ENEMY_KILL","is_prod":false,"is_daily":false,"chose_seed":false,"campfire_upgraded":1,"win_rate":0,"timestamp":1555769841,"path_taken":["M","M","M","$","M","R","M","M","T","R","M","$","M","M","R","BOSS","M","M","$","M","?","E"],"build_version":"2019-01-23","purchased_purges":2,"victory":false,"max_hp_per_floor":[70,70,70,70,70,70,70,70,70,70,70,70,70,70,70,70,70,70,70,70,70,70,70],"card_choices":[{"not_picked":["Sucker Punch","Slice"],"picked":"Deadly Poison","floor":1.0},{"not_picked":["Noxious Fumes","Finisher"],"picked":"Blur","floor":2.0},{"not_picked":["Caltrops","Dagger Throw"],"picked":"Accuracy","floor":3.0},{"not_picked":["Sucker Punch","Calculated Gamble"],"picked":"Blade Dance","floor":5.0},{"not_picked":["Calculated Gamble","Poisoned Stab"],"picked":"PiercingWail","floor":7.0},{"not_picked":["Poisoned Stab","Choke"],"picked":"Cloak And Dagger","floor":8.0},{"not_picked":["Escape Plan","Quick Slash"],"picked":"Bouncing Flask","floor":11.0},{"not_picked":["Dagger Throw","Outmaneuver"],"picked":"Finisher","floor":13.0},{"not_picked":["Tools of the Trade","Quick Slash"],"picked":"Backflip","floor":14.0},{"not_picked":["Grand Finale","Bullet Time"],"picked":"Burst","floor":16.0},{"not_picked":["Dagger Spray","Tactician","Predator"],"picked":"SKIP","floor":18.0},{"not_picked":["Riddle With Holes","Acrobatics+1"],"picked":"Blade Dance+1","floor":19.0},{"not_picked":["Poisoned Stab+1","Outmaneuver+1"],"picked":"Escape Plan","floor":21.0}],"player_experience":318445,"relics_obtained":[{"floor":9.0,"key":"Mercury Hourglass"}],"event_choices":[{"damage_healed":0.0,"max_hp_gain":0.0,"max_hp_loss":0.0,"gold_gain":0.0,"event_name":"Cursed Tome","player_choice":"Ignored","floor":22.0,"gold_loss":0.0,"damage_taken":0.0}],"is_beta":false,"boss_relics":[{"not_picked":["Runic Dome","Fusion Hammer"],"picked":"Black Star"}],"items_purged_floors":[4,20],"is_endless":false,"potions_floor_spawned":[5,11,13],"killed_by":"Slavers","ascension_level":5}