{"gold_per_floor":[113,127,68,80,94,94,125,135,135,135,155,181,213,82,82,160,160,179,229,229,248,248,248,261,278,350,350,350],"floor_reached":28,"playtime":1282,"items_purged":["Pain"],"score":560,"play_id":"5cfac3ff-e603-4691-a1d6-e73ac7349221","local_time":"20190425194121","is_ascension_mode":true,"campfire_choices":[{"data":"Armaments","floor":6,"key":"SMITH"},{"floor":15,"key":"DIG"},{"floor":23,"key":"DIG"},{"floor":27,"key":"DIG"}],"neow_cost":"NONE","seed_source_timestamp":286713529990400,"circlet_count":0,"master_deck":["AscendersBane","Strike_R","Strike_R","Strike_R","Strike_R","Defend_R","Defend_R","Defend_R","Defend_R","Bash","Battle Trance","Feel No Pain","Seeing Red","Armaments+1","Second Wind","Pommel Strike","Disarm","Carnage","True Grit","Limit Break","Evolve","Cleave+1","Sword Boomerang+1","Shockwave","Whirlwind+1"],"relics":["Burning Blood","NeowsBlessing","Incense Burner","PreservedInsect","Shuriken","WarpedTongs","Blood Vial","Shovel","Molten Egg 2","Black Star","Lantern","Ornamental Fan","Happy Flower"],"potions_floor_usage":[7,8,25,25,28],"damage_taken":[{"damage":0,"enemies":"Small Slimes","floor":1,"turns":1},{"damage":0,"enemies":"Cultist","floor":2,"turns":1},{"damage":0,"enemies":"2 Louse","floor":4,"turns":1},{"damage":18,"enemies":"Red Slaver","floor":5,"turns":3},{"damage":33,"enemies":"Gremlin Nob","floor":7,"turns":4},{"damage":5,"enemies":"Exordium Thugs","floor":8,"turns":5},{"damage":20,"enemies":"Looter","floor":11,"turns":3},{"damage":11,"enemies":"3 Sentries","floor":13,"turns":12},{"damage":0,"enemies":"The Guardian","floor":16,"turns":18},{"damage":3,"enemies":"3 Byrds","floor":18,"turns":10},{"damage":8,"enemies":"Shell Parasite","floor":21,"turns":7},{"damage":24,"enemies":"Snake Plant","floor":24,"turns":3},{"damage":13,"enemies":"Shelled Parasite and Fungi","floor":25,"turns":9},{"damage":50,"enemies":"Gremlin Leader","floor":28,"turns":8}],"seed_played":"-4840787265134246062","potions_obtained":[{"floor":4,"key":"Energy Potion"},{"floor":7,"key":"SteroidPotion"},{"floor":11,"key":"Energy Potion"},{"floor":13,"key":"FairyPotion"},{"floor":21,"key":"AttackPotion"},{"floor":25,"key":"Block Potion"}],"is_trial":false,"path_per_floor":["M","M","?","M","M","R","E","M","T","?","M","T","E","$","R","B",null,"M","?","?","M","?","R","M","M","T","R","E"],"character_chosen":"IRONCLAD","items_purchased":["True Grit"],"campfire_rested":0,"item_purchase_floors":[14],"current_hp_per_floor":[74,75,75,75,63,63,36,37,37,37,23,23,20,20,20,28,63,68,68,68,68,68,68,52,47,47,47,0],"gold":350,"neow_bonus":"THREE_ENEMY_KILL","is_prod":false,"is_daily":false,"chose_seed":false,"campfire_upgraded":1,"win_rate":0,"timestamp":1556188881,"path_taken":["M","M","?","M","?","R","E","M","T","?","?","?","E","$","R","BOSS","M","?","?","M","?","R","M","M","T","R","E"],"build_version":"2019-01-23","purchased_purges":1,"victory":false,"max_hp_per_floor":[75,75,75,75,75,75,75,75,75,75,75,75,75,75,75,75,75,75,75,75,75,75,75,75,75,75,75,75],"card_choices":[{"not_picked":["True Grit","Flex"],"picked":"Battle Trance","floor":1},{"not_picked":["Heavy Blade","True Grit"],"picked":"Feel No Pain","floor":2},{"not_picked":["Metallicize","Reckless Charge"],"picked":"Seeing Red","floor":4},{"not_picked":["Headbutt","Perfected Strike"],"picked":"Armaments","floor":5},{"not_picked":["Iron Wave","Clash"],"picked":"Second Wind","floor":7},{"not_picked":["Headbutt","Uppercut"],"picked":"Pommel Strike","floor":8},{"not_picked":["Sever Soul","Shrug It Off"],"picked":"Disarm","floor":11},{"not_picked":["Armaments","Combust"],"picked":"Carnage","floor":13},{"not_picked":["Bludgeon+1","Dark Embrace"],"picked":"Limit Break","floor":16},{"not_picked":["Flame Barrier","Twin Strike+1"],"picked":"Evolve","floor":18},{"not_picked":["Second Wind","Armaments"],"picked":"Sword Boomerang+1","floor":21},{"not_picked":["Rupture+1","Carnage+1"],"picked":"Shockwave","floor":24},{"not_picked":["Clothesline+1","Thunderclap+1"],"picked":"Whirlwind+1","floor":25}],"player_experience":3373961,"relics_obtained":[{"floor":7,"key":"PreservedInsect"},{"floor":9,"key":"Shuriken"},{"floor":12,"key":"Blood Vial"},{"floor":13,"key":"Shovel"},{"floor":15,"key":"Molten Egg 2"},{"floor":23,"key":"Lantern"},{"floor":26,"key":"Ornamental Fan"},{"floor":27,"key":"Happy Flower"}],"event_choices":[{"damage_healed":0,"gold_gain":0,"player_choice":"Paid Gold","damage_taken":0,"relics_obtained":["Incense Burner"],"max_hp_gain":0,"max_hp_loss":0,"event_name":"WeMeetAgain","floor":3,"gold_loss":59},{"damage_healed":0,"gold_gain":0,"player_choice":"Rummage","damage_taken":0,"relics_obtained":["WarpedTongs"],"max_hp_gain":0,"max_hp_loss":0,"event_name":"Accursed Blacksmith","floor":10,"gold_loss":0,"cards_obtained":["Pain"]},{"damage_healed":0,"gold_gain":50,"player_choice":"Stole From Cult","damage_taken":0,"max_hp_gain":0,"max_hp_loss":0,"event_name":"Nest","floor":19,"gold_loss":0},{"damage_healed":0,"gold_gain":0,"player_choice":"Read","damage_taken":0,"max_hp_gain":0,"max_hp_loss":0,"event_name":"The Library","floor":20,"gold_loss":0,"cards_obtained":["Cleave"]},{"cards_removed":["Strike_R"],"damage_healed":0,"gold_gain":0,"player_choice":"Elegance","damage_taken":0,"max_hp_gain":0,"max_hp_loss":0,"event_name":"Back to Basics","floor":22,"gold_loss":0}],"is_beta":false,"boss_relics":[{"not_picked":["Cursed Key","Tiny House"],"picked":"Black Star"}],"items_purged_floors":[14],"is_endless":false,"potions_floor_spawned":[4,7,11,13,21,25],"killed_by":"Gremlin Leader","ascension_level":20}