{"gold_per_floor":[210,224,241,157,117,34,34,60,109,109,142,159,159,170,170,242,292,307,319,337,337,337,337,337,337,337,363,8,27,27,27],"floor_reached":31,"playtime":1884,"items_purged":[],"score":462,"play_id":"7f5ee8d2-55de-40cb-9212-1768aef4f6d7","local_time":"20190318135723","is_ascension_mode":true,"campfire_choices":[{"floor":7.0,"key":"REST"},{"floor":13.0,"key":"REST"},{"data":"Loop","floor":15.0,"key":"SMITH"},{"floor":23.0,"key":"REST"},{"floor":25.0,"key":"REST"},{"floor":30.0,"key":"REST"}],"neow_cost":"NONE","seed_source_timestamp":343643048860366,"circlet_count":0,"master_deck":["AscendersBane","Strike_B+1","Strike_B+1","Strike_B+1","Strike_B+1","Defend_B+1","Defend_B+1","Defend_B+1","Defend_B+1","Zap","Dualcast","Hello World","Genetic Algorithm","Cold Snap","Self Repair","Loop+1","Heatsinks","Doom and Gloom+1","Stack","Leap","Glacier","Conserve Battery","Fission","Loop","Darkness+1","Barrage","Chaos","Darkness","Capacitor+1","Defragment","Steam","Force Field"],"special_seed":0,"relics":["Cracked Core","Dream Catcher","Smiling Mask","Blood Vial","Tiny House","PreservedInsect","Orichalcum","Toolbox"],"potions_floor_usage":[31],"damage_taken":[{"damage":0.0,"enemies":"Cultist","floor":1.0,"turns":3.0},{"damage":2.0,"enemies":"Jaw Worm","floor":2.0,"turns":3.0},{"damage":7.0,"enemies":"Small Slimes","floor":3.0,"turns":4.0},{"damage":7.0,"enemies":"Looter","floor":5.0,"turns":4.0},{"damage":18.0,"enemies":"3 Sentries","floor":8.0,"turns":7.0},{"damage":26.0,"enemies":"Lagavulin","floor":11.0,"turns":7.0},{"damage":14.0,"enemies":"Blue Slaver","floor":12.0,"turns":4.0},{"damage":0.0,"enemies":"Exordium Wildlife","floor":14.0,"turns":7.0},{"damage":34.0,"enemies":"The Guardian","floor":16.0,"turns":12.0},{"damage":20.0,"enemies":"3 Byrds","floor":18.0,"turns":10.0},{"damage":24.0,"enemies":"Chosen","floor":19.0,"turns":6.0},{"damage":43.0,"enemies":"Snecko","floor":20.0,"turns":7.0},{"damage":13.0,"enemies":"Centurion and Healer","floor":29.0,"turns":7.0},{"damage":82,"enemies":"Gremlin Leader","floor":31,"turns":8}],"seed_played":"-5665138499693920215","potions_obtained":[{"floor":1.0,"key":"EntropicBrew"},{"floor":8.0,"key":"FairyPotion"},{"floor":11.0,"key":"Strength Potion"},{"floor":12.0,"key":"Ancient Potion"},{"floor":17.0,"key":"SpeedPotion"},{"floor":20.0,"key":"SpeedPotion"}],"is_trial":false,"path_per_floor":["M","M","M","$","M","$","R","E","T","?","E","M","R","M","R","B",null,"M","M","M","?","?","R","?","R","T","T","$","M","R","E"],"character_chosen":"DEFECT","items_purchased":["Self Repair","Heatsinks","Defragment","Toolbox","Poison Potion"],"campfire_rested":5,"item_purchase_floors":[4,6,28,28,28],"current_hp_per_floor":[64,62,55,55,55,55,71,71,71,71,52,47,68,71,71,44,69,51,36,14,14,14,36,36,58,58,58,58,54,76,0],"gold":27,"neow_bonus":"HUNDRED_GOLD","is_prod":false,"is_daily":false,"chose_seed":false,"campfire_upgraded":1,"win_rate":0,"timestamp":1552910243,"path_taken":["M","M","M","$","?","$","R","E","T","?","E","M","R","M","R","BOSS","M","M","M","?","?","R","?","R","T","?","$","?","R","E"],"build_version":"2019-01-23","purchased_purges":0,"victory":false,"max_hp_per_floor":[71,71,71,71,71,71,71,71,71,71,71,71,71,71,71,71,76,76,76,76,76,76,76,76,76,76,76,76,76,76,76],"card_choices":[{"not_picked":["Barrage","Ball Lightning"],"picked":"Hello World","floor":1.0},{"not_picked":["Compile Driver","Go for the Eyes"],"picked":"Genetic Algorithm","floor":2.0},{"not_picked":["Sweeping Beam","Turbo"],"picked":"Cold Snap","floor":3.0},{"not_picked":["Turbo","Thunder Strike"],"picked":"Loop","floor":5.0},{"not_picked":["Beam Cell","Coolheaded"],"picked":"Doom and Gloom","floor":8.0},{"not_picked":["Consume","Gash"],"picked":"Stack","floor":11.0},{"not_picked":["Rip and Tear","Go for the Eyes"],"picked":"Leap","floor":12.0},{"not_picked":["Steam Power","Doom and Gloom"],"picked":"Glacier","floor":13.0},{"not_picked":["Steam","Fusion"],"picked":"Conserve Battery","floor":14.0},{"not_picked":["Seek","Meteor Strike"],"picked":"Fission","floor":16.0},{"not_picked":["Compile Driver","Ball Lightning"],"picked":"Loop","floor":17.0},{"not_picked":["Turbo","Double Energy"],"picked":"Darkness+1","floor":18.0},{"not_picked":["Coolheaded","Turbo"],"picked":"Barrage","floor":19.0},{"not_picked":["Streamline","Glacier"],"picked":"Chaos","floor":20.0},{"not_picked":["Barrage","Meteor Strike"],"picked":"Darkness","floor":23.0},{"not_picked":["Go for the Eyes","Turbo"],"picked":"Capacitor+1","floor":25.0},{"not_picked":["Steam Power","Stack"],"picked":"Steam","floor":29.0},{"not_picked":["Sunder","Chaos"],"picked":"Force Field","floor":30.0}],"player_experience":1111028,"relics_obtained":[{"floor":8.0,"key":"Dream Catcher"},{"floor":9.0,"key":"Smiling Mask"},{"floor":11.0,"key":"Blood Vial"},{"floor":26.0,"key":"PreservedInsect"},{"floor":27.0,"key":"Orichalcum"}],"event_choices":[{"damage_healed":0.0,"max_hp_gain":0.0,"max_hp_loss":0.0,"gold_gain":0.0,"event_name":"The Cleric","player_choice":"Leave","floor":10.0,"gold_loss":0.0,"damage_taken":0.0},{"damage_healed":0.0,"max_hp_gain":0.0,"max_hp_loss":0.0,"gold_gain":0.0,"event_name":"Cursed Tome","player_choice":"Ignored","floor":21.0,"gold_loss":0.0,"damage_taken":0.0},{"damage_healed":0.0,"max_hp_gain":0.0,"max_hp_loss":0.0,"gold_gain":0.0,"event_name":"Back to Basics","player_choice":"Simplicity","floor":22.0,"gold_loss":0.0,"damage_taken":0.0,"cards_upgraded":["Strike_B","Strike_B","Strike_B","Strike_B","Defend_B","Defend_B","Defend_B","Defend_B"]},{"damage_healed":0.0,"max_hp_gain":0.0,"max_hp_loss":0.0,"gold_gain":0.0,"event_name":"Beggar","player_choice":"Ignored","floor":24.0,"gold_loss":0.0,"damage_taken":0.0}],"is_beta":false,"boss_relics":[{"not_picked":["Runic Dome","Runic Pyramid"],"picked":"Tiny House"}],"items_purged_floors":[],"is_endless":false,"potions_floor_spawned":[1,8,11,12,20],"killed_by":"Gremlin Leader","ascension_level":18}