{"gold_per_floor":[115,35,49,62,75,108,120,120,170,201,201,221,221,221,221,315,315,329,344,344,112,112],"floor_reached":22,"playtime":2056,"items_purged":["Strike_G"],"score":372,"play_id":"288c1cc5-49af-40b8-81b6-1c8a76bd6462","local_time":"20181224001705","is_ascension_mode":true,"campfire_choices":[{"data":"Cloak And Dagger","floor":8.0,"key":"SMITH"},{"data":"All Out Attack","floor":11.0,"key":"SMITH"},{"data":"Neutralize","floor":15.0,"key":"SMITH"}],"neow_cost":"NONE","seed_source_timestamp":0,"circlet_count":0,"master_deck":["AscendersBane","Defend_G","Defend_G","Defend_G","Defend_G","Defend_G","Strike_G","Strike_G","Strike_G","Strike_G","Survivor","Neutralize+1","Concentrate","Footwork","Cloak And Dagger+1","All Out Attack+1","Footwork","Reflex","Deflect","Phantasmal Killer","Skewer","Endless Agony","Ghostly","Ghostly","Ghostly","Noxious Fumes","Escape Plan"],"special_seed":0,"relics":["Runic Pyramid","Happy Flower","Juzu Bracelet","Pantograph","Golden Idol","Strawberry","HoveringKite"],"potions_floor_usage":[],"damage_taken":[{"damage":0.0,"enemies":"Jaw Worm","floor":1.0,"turns":6.0},{"damage":0.0,"enemies":"Small Slimes","floor":3.0,"turns":5.0},{"damage":1.0,"enemies":"2 Louse","floor":4.0,"turns":4.0},{"damage":3.0,"enemies":"Blue Slaver","floor":5.0,"turns":6.0},{"damage":5.0,"enemies":"Lagavulin","floor":6.0,"turns":8.0},{"damage":3.0,"enemies":"Gremlin Gang","floor":7.0,"turns":5.0},{"damage":12.0,"enemies":"3 Sentries","floor":10.0,"turns":11.0},{"damage":13.0,"enemies":"Large Slime","floor":12.0,"turns":8.0},{"damage":26.0,"enemies":"Slime Boss","floor":16.0,"turns":15.0},{"damage":18.0,"enemies":"Chosen","floor":18.0,"turns":8.0},{"damage":25.0,"enemies":"Shell Parasite","floor":19.0,"turns":5.0},{"damage":19,"enemies":"Centurion and Healer","floor":22,"turns":3}],"seed_played":"-9004982553861460398","potions_obtained":[{"floor":3.0,"key":"AttackPotion"},{"floor":5.0,"key":"LiquidBronze"},{"floor":6.0,"key":"Block Potion"},{"floor":10.0,"key":"SpeedPotion"},{"floor":12.0,"key":"EntropicBrew"},{"floor":19.0,"key":"FearPotion"}],"is_trial":false,"path_per_floor":["M","$","M","M","M","E","M","R","T","E","R","M","?","?","R","B",null,"M","M","?","$","M"],"character_chosen":"THE_SILENT","items_purchased":["Footwork","Noxious Fumes","Escape Plan"],"campfire_rested":0,"item_purchase_floors":[2,21,21],"current_hp_per_floor":[59,59,59,58,55,50,47,47,47,35,35,22,22,18,18,17,55,37,12,12,12,0],"gold":112,"neow_bonus":"BOSS_RELIC","is_prod":false,"is_daily":false,"chose_seed":false,"campfire_upgraded":3,"win_rate":0,"timestamp":1545581825,"path_taken":["M","$","M","M","M","E","M","R","T","E","R","M","?","?","R","BOSS","M","M","?","$","M"],"build_version":"2018-12-17","purchased_purges":1,"victory":false,"max_hp_per_floor":[66,66,66,66,66,66,66,66,66,66,66,66,60,67,67,67,67,67,67,33,33,33],"card_choices":[{"not_picked":["Sucker Punch","Blade Dance"],"picked":"Concentrate","floor":1.0},{"not_picked":["Caltrops","Quick Slash"],"picked":"Cloak And Dagger","floor":3.0},{"not_picked":["Underhanded Strike","Flying Knee"],"picked":"All Out Attack","floor":4.0},{"not_picked":["Corpse Explosion","Dagger Throw"],"picked":"Footwork","floor":5.0},{"not_picked":["Slice","Dagger Throw","Sucker Punch"],"picked":"SKIP","floor":6.0},{"not_picked":["Deflect","Acrobatics"],"picked":"Reflex","floor":7.0},{"not_picked":["Sucker Punch","Flechettes"],"picked":"Deflect","floor":10.0},{"not_picked":["Acrobatics","Calculated Gamble","Prepared"],"picked":"SKIP","floor":12.0},{"not_picked":["Unload","Venomology"],"picked":"Phantasmal Killer","floor":16.0},{"not_picked":["Sucker Punch+1","Cloak And Dagger"],"picked":"Skewer","floor":18.0},{"not_picked":["Deflect","Flying Knee"],"picked":"Endless Agony","floor":19.0}],"player_experience":658563,"relics_obtained":[{"floor":6.0,"key":"Happy Flower"},{"floor":9.0,"key":"Juzu Bracelet"},{"floor":10.0,"key":"Pantograph"}],"event_choices":[{"damage_healed":0.0,"max_hp_gain":0.0,"max_hp_loss":6.0,"gold_gain":0.0,"event_name":"Golden Idol","player_choice":"Lose Max HP","floor":13.0,"gold_loss":0.0,"damage_taken":0.0,"relics_obtained":["Golden Idol"]},{"damage_healed":0.0,"max_hp_gain":0.0,"max_hp_loss":0.0,"gold_gain":0.0,"event_name":"Scrap Ooze","player_choice":"Success","floor":14.0,"gold_loss":0.0,"damage_taken":11.0,"relics_obtained":["Strawberry"]},{"damage_healed":0.0,"max_hp_gain":0.0,"max_hp_loss":34.0,"gold_gain":0.0,"event_name":"Ghosts","player_choice":"Became a Ghost","floor":20.0,"gold_loss":0.0,"damage_taken":0.0,"cards_obtained":["Ghostly","Ghostly","Ghostly"]}],"is_beta":true,"boss_relics":[{"not_picked":["Pandora\u0027s Box","Orrery"],"picked":"HoveringKite"}],"items_purged_floors":[21],"is_endless":false,"potions_floor_spawned":[3,5,6,10,12,19],"killed_by":"Centurion and Healer","ascension_level":18}