{"gold_per_floor":[113,113,15,15,29,67,90,90,90,240,279,304,372,372],"floor_reached":14,"playtime":519,"items_purged":[],"score":234,"play_id":"1c66816f-2586-446c-9e59-8d0280d142ba","local_time":"20190403175324","is_ascension_mode":true,"campfire_choices":[{"data":"Jack Of All Trades","floor":8,"key":"SMITH"}],"neow_cost":"NONE","seed_source_timestamp":1737985099401809,"circlet_count":0,"master_deck":["AscendersBane","Strike_B","Strike_B","Strike_B","Strike_B","Defend_B","Defend_B","Defend_B","Defend_B","Zap","Dualcast","Heatsinks","Injury","Jack Of All Trades+1","Decay","Chill","Self Repair","Creative AI","Doubt","Leap","Self Repair"],"relics":["Cracked Core","NeowsBlessing","Golden Idol","Dead Branch","Emotion Chip","Du-Vu Doll","Shuriken"],"potions_floor_usage":[12],"damage_taken":[{"damage":0,"enemies":"2 Louse","floor":1,"turns":1},{"damage":0,"enemies":"Small Slimes","floor":5,"turns":1},{"damage":0,"enemies":"Lagavulin","floor":6,"turns":1},{"damage":1,"enemies":"Cultist","floor":7,"turns":4},{"damage":66,"enemies":"Gremlin Nob","floor":11,"turns":5},{"damage":4,"enemies":"Large Slime","floor":12,"turns":5},{"damage":27,"enemies":"Exordium Wildlife","floor":14,"turns":5}],"seed_played":"-6154032667602258877","potions_obtained":[{"floor":7,"key":"Dexterity Potion"}],"is_trial":false,"path_per_floor":["M","?","$","?","M","E","M","R","T","?","E","M","T","M"],"character_chosen":"DEFECT","items_purchased":["Jack Of All Trades"],"campfire_rested":0,"item_purchase_floors":[3],"current_hp_per_floor":[64,64,64,64,64,64,70,70,70,70,11,21,21,0],"gold":372,"neow_bonus":"THREE_ENEMY_KILL","is_prod":false,"is_daily":false,"chose_seed":false,"campfire_upgraded":1,"win_rate":0,"timestamp":1554303204,"path_taken":["M","?","$","?","?","E","M","R","T","?","E","M","?","M"],"build_version":"2019-01-23","purchased_purges":0,"victory":false,"max_hp_per_floor":[71,71,71,71,71,71,71,71,71,71,71,71,71,71],"card_choices":[{"not_picked":["Stack","Hologram"],"picked":"Heatsinks","floor":1},{"not_picked":["Conserve Battery","Hologram"],"picked":"Chill","floor":5},{"not_picked":["Defragment","Reprogram"],"picked":"Self Repair","floor":6},{"not_picked":["Chaos","Compile Driver"],"picked":"Creative AI","floor":7},{"not_picked":["Rebound","Barrage"],"picked":"Leap","floor":11},{"not_picked":["Barrage","Turbo"],"picked":"Self Repair","floor":12}],"player_experience":1160208,"relics_obtained":[{"floor":6,"key":"Dead Branch"},{"floor":9,"key":"Emotion Chip"},{"floor":11,"key":"Du-Vu Doll"},{"floor":13,"key":"Shuriken"}],"event_choices":[{"damage_healed":0,"gold_gain":0,"player_choice":"Take Wound","damage_taken":0,"relics_obtained":["Golden Idol"],"max_hp_gain":0,"max_hp_loss":0,"event_name":"Golden Idol","floor":2,"gold_loss":0,"cards_obtained":["Injury"]},{"damage_healed":0,"gold_gain":0,"player_choice":"Cursed","damage_taken":0,"max_hp_gain":0,"max_hp_loss":0,"event_name":"Wheel of Change","floor":4,"gold_loss":0,"cards_obtained":["Decay"]},{"damage_healed":0,"gold_gain":150,"player_choice":"AGREE","damage_taken":0,"max_hp_gain":0,"max_hp_loss":0,"event_name":"Liars Game","floor":10,"gold_loss":0,"cards_obtained":["Doubt"]}],"is_beta":false,"boss_relics":[],"items_purged_floors":[],"is_endless":false,"potions_floor_spawned":[7],"killed_by":"Exordium Wildlife","ascension_level":18}