{"gold_per_floor":[110,134,153,153,164,164,164,164,190,225,244,257,257,182,182,182],"floor_reached":16,"playtime":397,"items_purged":[],"score":200,"play_id":"c94552c5-ad2a-4038-8904-df0bad00fc4a","local_time":"20190412121432","is_ascension_mode":true,"campfire_choices":[{"data":"True Grit","floor":6,"key":"SMITH"},{"data":"Bash","floor":8,"key":"SMITH"},{"data":"Shrug It Off","floor":13,"key":"SMITH"},{"data":"Feel No Pain","floor":15,"key":"SMITH"}],"neow_cost":"NONE","seed_source_timestamp":2365148375400,"circlet_count":0,"master_deck":["AscendersBane","Strike_R","Strike_R","Strike_R","Defend_R","Defend_R","Defend_R","Defend_R","Bash+1","True Grit+1","Feel No Pain+1","Feel No Pain","Shrug It Off+1"],"relics":["Burning Blood","NeowsBlessing","Vajra","Potion Belt","Regal Pillow"],"potions_floor_usage":[10,16],"damage_taken":[{"damage":0,"enemies":"Cultist","floor":1,"turns":1},{"damage":0,"enemies":"Small Slimes","floor":3,"turns":1},{"damage":0,"enemies":"Jaw Worm","floor":5,"turns":1},{"damage":56,"enemies":"Gremlin Nob","floor":10,"turns":6},{"damage":7,"enemies":"3 Louse","floor":11,"turns":5},{"damage":3,"enemies":"Looter","floor":12,"turns":4},{"damage":0,"enemies":"The Guardian","floor":16,"turns":2}],"seed_played":"5020277607971096205","potions_obtained":[{"floor":1,"key":"AttackPotion"},{"floor":10,"key":"FearPotion"}],"is_trial":false,"path_per_floor":["M","T","M","?","M","R","$","R","T","E","M","M","R","?","R","B"],"character_chosen":"IRONCLAD","items_purchased":[],"campfire_rested":0,"item_purchase_floors":[],"current_hp_per_floor":[74,74,75,75,75,75,75,75,75,25,24,27,27,27,27,27],"gold":182,"neow_bonus":"THREE_ENEMY_KILL","is_prod":false,"is_daily":false,"chose_seed":false,"campfire_upgraded":4,"win_rate":0,"timestamp":1555038872,"path_taken":["M","?","M","?","M","R","$","R","T","E","M","?","R","?","R","BOSS"],"build_version":"2019-01-23","purchased_purges":0,"victory":false,"max_hp_per_floor":[75,75,75,75,75,75,75,75,75,75,75,75,75,75,75,75],"card_choices":[{"not_picked":["Shrug It Off","Twin Strike"],"picked":"True Grit","floor":1},{"not_picked":["Flex","Headbutt"],"picked":"Feel No Pain","floor":3},{"not_picked":["True Grit","Sentinel"],"picked":"Feel No Pain","floor":5},{"not_picked":["Thunderclap","Heavy Blade","Pummel"],"picked":"SKIP","floor":10},{"not_picked":["Sever Soul","Iron Wave","Havoc"],"picked":"SKIP","floor":11},{"not_picked":["Armaments","Sever Soul"],"picked":"Shrug It Off","floor":12}],"player_experience":3070290,"relics_obtained":[{"floor":2,"key":"Vajra"},{"floor":9,"key":"Potion Belt"},{"floor":10,"key":"Regal Pillow"}],"event_choices":[{"cards_removed":["Strike_R"],"damage_healed":0,"gold_gain":0,"player_choice":"Offered Basic","damage_taken":0,"max_hp_gain":0,"max_hp_loss":0,"event_name":"Bonfire Elementals","floor":4,"gold_loss":0},{"cards_removed":["Strike_R"],"damage_healed":0,"gold_gain":0,"player_choice":"Card Removal","damage_taken":0,"max_hp_gain":0,"max_hp_loss":0,"event_name":"The Cleric","floor":14,"gold_loss":75}],"is_beta":false,"boss_relics":[],"items_purged_floors":[],"is_endless":false,"potions_floor_spawned":[1,10],"killed_by":"The Guardian","ascension_level":20}