{"gold_per_floor":[113,125,75,75,0,0,33,33,33,33,46,66,66,78,78,181,181,193,203,203,222,240,240,240,257,257,275,26,0,11,11,11,11],"floor_reached":33,"playtime":4885,"items_purged":["Defend_R"],"score":249,"play_id":"a5b1cd3c-2353-4f3f-8818-650236a4c9ca","local_time":"20190115003818","is_ascension_mode":false,"campfire_choices":[{"data":"Perfected Strike","floor":6.0,"key":"SMITH"},{"data":"Panacea","floor":8.0,"key":"SMITH"},{"floor":15.0,"key":"REST"},{"floor":23.0,"key":"REST"},{"floor":32,"key":"REST"}],"neow_cost":"NONE","seed_source_timestamp":0,"circlet_count":0,"master_deck":["Strike_R","Strike_R","Strike_R","Strike_R","Strike_R","Panacea+1","Perfected Strike+1","Armaments","Armaments","Disarm","Headbutt","Seeing Red","Ghostly Armor","Brutality","Thunderclap","Headbutt+1","True Grit","Thunderclap","Wild Strike","Perfected Strike+1","Perfected Strike","Headbutt","Secret Weapon","Twin Strike+1"],"special_seed":0,"relics":["Burning Blood","Ancient Tea Set","Potion Belt","Oddly Smooth Stone","Empty Cage","Vajra","Ginger"],"potions_floor_usage":[27,30,33,33,33],"damage_taken":[{"damage":2.0,"enemies":"2 Louse","floor":1.0,"turns":2.0},{"damage":3.0,"enemies":"Jaw Worm","floor":2.0,"turns":4.0},{"damage":40.0,"enemies":"3 Sentries","floor":7.0,"turns":7.0},{"damage":0.0,"enemies":"Cultist","floor":11.0,"turns":2.0},{"damage":1.0,"enemies":"Blue Slaver","floor":12.0,"turns":4.0},{"damage":7.0,"enemies":"Lots of Slimes","floor":14.0,"turns":5.0},{"damage":48.0,"enemies":"Hexaghost","floor":16.0,"turns":13.0},{"damage":16.0,"enemies":"Spheric Guardian","floor":18.0,"turns":5.0},{"damage":8.0,"enemies":"3 Byrds","floor":19.0,"turns":6.0},{"damage":39.0,"enemies":"Centurion and Healer","floor":21.0,"turns":5.0},{"damage":23.0,"enemies":"Cultist and Chosen","floor":22.0,"turns":7.0},{"damage":23.0,"enemies":"Snecko","floor":25.0,"turns":5.0},{"damage":13,"enemies":"Centurion and Healer","floor":27,"turns":4},{"damage":9,"enemies":"Snake Plant","floor":30,"turns":3},{"damage":41,"enemies":"Automaton","floor":33,"turns":4}],"seed_played":"-1842010974027211116","potions_obtained":[{"floor":1.0,"key":"Ancient Potion"},{"floor":7.0,"key":"LiquidBronze"},{"floor":16.0,"key":"Fire Potion"},{"floor":22.0,"key":"FearPotion"},{"floor":25.0,"key":"LiquidBronze"},{"floor":27,"key":"Explosive Potion"},{"floor":30,"key":"Fire Potion"}],"is_trial":false,"path_per_floor":["M","M","?","?","$","R","E","R","T","?","M","M","?","M","R","B",null,"M","M","?","M","M","R","T","M","T","M","$","?","M","$","R","B"],"character_chosen":"IRONCLAD","items_purchased":["Perfected Strike","Headbutt","Secret Weapon"],"campfire_rested":3,"item_purchase_floors":[28,28,28],"current_hp_per_floor":[80,80,80,80,80,80,46,46,46,46,52,57,57,56,80,38,80,70,68,68,35,18,42,42,25,25,18,18,18,15,15,39,0],"gold":11,"neow_bonus":"RANDOM_COLORLESS","is_prod":false,"is_daily":false,"chose_seed":false,"campfire_upgraded":2,"win_rate":0,"timestamp":1547480298,"path_taken":["M","M","?","?","$","R","E","R","T","?","?","M","?","?","R","BOSS","M","M","?","?","M","R","?","M","T","M","$","?","M","?","R","BOSS"],"build_version":"2019-01-10","purchased_purges":1,"victory":false,"max_hp_per_floor":[80,80,80,80,80,80,80,80,80,80,80,80,80,80,80,80,80,80,80,80,80,80,80,80,80,80,80,80,80,80,80,80,80],"card_choices":[{"not_picked":["Flex","Rampage"],"picked":"Perfected Strike","floor":1.0},{"not_picked":["Clothesline","Spot Weakness"],"picked":"Armaments","floor":2.0},{"not_picked":["Warcry","Clothesline"],"picked":"Armaments","floor":7.0},{"not_picked":["Fire Breathing","Power Through"],"picked":"Disarm","floor":11.0},{"not_picked":["Shrug It Off","Exhume"],"picked":"Headbutt","floor":12.0},{"not_picked":["Anger","Iron Wave"],"picked":"Ghostly Armor","floor":14.0},{"not_picked":["Impervious","Demon Form"],"picked":"Brutality","floor":16.0},{"not_picked":["True Grit","Rampage"],"picked":"Thunderclap","floor":18.0},{"not_picked":["Heavy Blade","Cleave"],"picked":"Headbutt+1","floor":19.0},{"not_picked":["Havoc","Cleave"],"picked":"True Grit","floor":21.0},{"not_picked":["Second Wind","Flex+1"],"picked":"Thunderclap","floor":22.0},{"not_picked":["Sword Boomerang","Clash"],"picked":"Wild Strike","floor":25.0},{"not_picked":["Brutality","Intimidate+1"],"picked":"Perfected Strike+1","floor":27},{"not_picked":["Evolve","Clash"],"picked":"Twin Strike+1","floor":30}],"player_experience":39807,"relics_obtained":[{"floor":7.0,"key":"Ancient Tea Set"},{"floor":9.0,"key":"Potion Belt"},{"floor":24.0,"key":"Vajra"},{"floor":26.0,"key":"Ginger"}],"event_choices":[{"cards_removed":["Defend_R"],"damage_healed":0.0,"max_hp_gain":0.0,"max_hp_loss":0.0,"gold_gain":0.0,"event_name":"The Cleric","player_choice":"Card Removal","floor":3.0,"gold_loss":50.0,"damage_taken":0.0},{"damage_healed":0.0,"max_hp_gain":0.0,"max_hp_loss":0.0,"gold_gain":0.0,"event_name":"Shining Light","player_choice":"Ignored","floor":4.0,"gold_loss":0.0,"damage_taken":0.0},{"damage_healed":0.0,"max_hp_gain":0.0,"max_hp_loss":0.0,"gold_gain":0.0,"event_name":"WeMeetAgain","player_choice":"Gave Potion","floor":10.0,"gold_loss":0.0,"damage_taken":0.0,"relics_obtained":["Oddly Smooth Stone"]},{"damage_healed":0.0,"max_hp_gain":0.0,"max_hp_loss":0.0,"gold_gain":0.0,"cards_transformed":["Defend_R"],"event_name":"Transmorgrifier","player_choice":"Transformed","floor":13.0,"gold_loss":0.0,"damage_taken":0.0,"cards_obtained":["Seeing Red"]},{"cards_removed":["Iron Wave"],"damage_healed":0.0,"max_hp_gain":0.0,"max_hp_loss":0.0,"gold_gain":0.0,"event_name":"NoteForYourself","player_choice":"Took Card","floor":20.0,"gold_loss":0.0,"damage_taken":0.0,"cards_obtained":["Iron Wave"]},{"damage_healed":0,"gold_gain":0,"player_choice":"Paid Fearfully","damage_taken":0,"max_hp_gain":0,"max_hp_loss":0,"event_name":"Masked Bandits","floor":29,"gold_loss":26}],"is_beta":false,"boss_relics":[{"not_picked":["Fusion Hammer","Snecko Eye"],"picked":"Empty Cage"}],"items_purged_floors":[5],"is_endless":false,"potions_floor_spawned":[1,7,16,22,25,27,30],"killed_by":"Automaton","ascension_level":0}