{"gold_per_floor":[117,117,29,104,104,104,120,120,120,133,168,168,0,35,35,108,108,118,137,151,163,213,213,213],"floor_reached":24,"playtime":898,"items_purged":[],"score":408,"play_id":"e3878dae-7786-4915-8794-ad8546d21de0","local_time":"20190211173149","is_ascension_mode":true,"campfire_choices":[{"data":"Zap","floor":6,"key":"SMITH"},{"data":"Gash","floor":8,"key":"SMITH"},{"data":"Consume","floor":15,"key":"SMITH"},{"data":"Capacitor","floor":23,"key":"SMITH"}],"neow_cost":"NONE","seed_source_timestamp":515585343828000,"circlet_count":0,"master_deck":["AscendersBane","Strike_B","Strike_B","Strike_B","Defend_B","Defend_B","Defend_B+1","Defend_B","Zap+1","Dualcast+1","Gash+1","Ball Lightning","Gash","Consume+1","Capacitor+1","All For One+1","Gash+1","Core Surge+1","Beam Cell+1","Glacier","Hologram"],"relics":["Cracked Core","NeowsBlessing","Meat on the Bone","Molten Egg 2","Anchor","Philosopher\u0027s Stone"],"potions_floor_usage":[11,16,20],"damage_taken":[{"damage":0,"enemies":"2 Louse","floor":1,"turns":1},{"damage":0,"enemies":"Small Slimes","floor":7,"turns":1},{"damage":0,"enemies":"Cultist","floor":10,"turns":1},{"damage":17,"enemies":"Lagavulin","floor":11,"turns":6},{"damage":25,"enemies":"3 Sentries","floor":14,"turns":5},{"damage":40,"enemies":"The Guardian","floor":16,"turns":8},{"damage":14,"enemies":"Shell Parasite","floor":18,"turns":3},{"damage":21,"enemies":"2 Thieves","floor":19,"turns":3},{"damage":30,"enemies":"Snecko","floor":20,"turns":7},{"damage":0,"enemies":"3 Cultists","floor":21,"turns":4},{"damage":6,"enemies":"Gremlin Leader","floor":24,"turns":4}],"seed_played":"8712137111880326082","potions_obtained":[{"floor":10,"key":"FearPotion"},{"floor":14,"key":"FocusPotion"},{"floor":19,"key":"Swift Potion"}],"is_trial":false,"path_per_floor":["M","?","$","?","?","R","M","R","T","M","E","?","$","E","R","B",null,"M","M","M","M","?","R","E"],"character_chosen":"DEFECT","items_purchased":["Creative AI","Capacitor","All For One+1"],"campfire_rested":0,"item_purchase_floors":[3,13,13],"current_hp_per_floor":[64,43,43,32,81,81,81,81,81,81,64,57,57,44,44,16,65,51,42,24,36,36,36,30],"gold":213,"neow_bonus":"THREE_ENEMY_KILL","is_prod":false,"is_daily":false,"chose_seed":false,"campfire_upgraded":4,"win_rate":0,"timestamp":1549873909,"path_taken":["M","?","$","?","?","R","?","R","T","M","E","?","$","E","R","BOSS","M","M","M","M","?","R","E"],"build_version":"2019-01-23","purchased_purges":0,"victory":false,"max_hp_per_floor":[71,71,71,71,81,81,81,81,81,81,81,81,81,81,81,81,81,81,81,81,81,81,81,81],"card_choices":[{"not_picked":["Ball Lightning","Conserve Battery"],"picked":"Gash","floor":1},{"not_picked":["Recycle","FTL"],"picked":"Ball Lightning","floor":7},{"not_picked":["Streamline","Static Discharge"],"picked":"Gash","floor":10},{"not_picked":["Ball Lightning","Compile Driver"],"picked":"Consume","floor":11},{"not_picked":["Rip and Tear+1","Defragment"],"picked":"Gash+1","floor":14},{"not_picked":["Creative AI","Thunder Strike+1"],"picked":"Core Surge+1","floor":16},{"not_picked":["Aggregate","Recycle"],"picked":"Beam Cell+1","floor":18},{"not_picked":["Consume","Capacitor"],"picked":"Glacier","floor":19},{"not_picked":["Storm","Lockon+1","Compile Driver+1"],"picked":"SKIP","floor":20},{"not_picked":["Rip and Tear+1","Undo"],"picked":"Hologram","floor":21}],"player_experience":1516161,"relics_obtained":[{"floor":9,"key":"Meat on the Bone"},{"floor":11,"key":"Molten Egg 2"},{"floor":14,"key":"Anchor"}],"event_choices":[{"damage_healed":0,"gold_gain":0,"player_choice":"Entered Light","damage_taken":21,"max_hp_gain":0,"max_hp_loss":0,"event_name":"Shining Light","floor":2,"gold_loss":0,"cards_upgraded":["Dualcast","Defend_B"]},{"damage_healed":0,"gold_gain":75,"player_choice":"Gather Gold","damage_taken":11,"max_hp_gain":0,"max_hp_loss":0,"event_name":"World of Goop","floor":4,"gold_loss":0},{"cards_removed":["Creative AI"],"damage_healed":39,"gold_gain":0,"player_choice":"Offered Rare","damage_taken":0,"max_hp_gain":10,"max_hp_loss":0,"event_name":"Bonfire Elementals","floor":5,"gold_loss":0},{"cards_removed":["Strike_B"],"damage_healed":0,"gold_gain":0,"player_choice":"Card Removal","damage_taken":7,"max_hp_gain":0,"max_hp_loss":0,"event_name":"Golden Wing","floor":12,"gold_loss":0},{"damage_healed":0,"gold_gain":50,"player_choice":"Stole From Cult","damage_taken":0,"max_hp_gain":0,"max_hp_loss":0,"event_name":"Nest","floor":22,"gold_loss":0}],"is_beta":false,"boss_relics":[{"not_picked":["Runic Pyramid","Nuclear Battery"],"picked":"Philosopher\u0027s Stone"}],"items_purged_floors":[],"is_endless":false,"potions_floor_spawned":[10,14,19],"killed_by":"Gremlin Leader","ascension_level":20}