{"gold_per_floor":[116,116,135,152,165,196,196,44,44,44,74,74,100,63,63,164,164,177,13,13,13,40,40,50,50,50,50,60,86,17,48,48,148,148,161,261,261,271,286,65,65,28,28,47,47,66,66,80,80,80,80,80,11,11],"floor_reached":54,"playtime":2780,"items_purged":["Strike_G"],"score":956,"play_id":"459f2a5b-b961-435c-8498-7ed4f6cbbf74","local_time":"20190427042556","is_ascension_mode":true,"campfire_choices":[{"floor":7,"key":"REST"},{"data":"Dash","floor":10,"key":"SMITH"},{"data":"Survivor","floor":15,"key":"SMITH"},{"floor":23,"key":"RECALL"},{"data":"Footwork","floor":25,"key":"SMITH"},{"data":"Bandage Up","floor":27,"key":"SMITH"},{"data":"Accuracy","floor":32,"key":"SMITH"},{"data":"1","floor":41,"key":"LIFT"},{"data":"2","floor":47,"key":"LIFT"},{"data":"3","floor":49,"key":"LIFT"},{"floor":52,"key":"REST"}],"neow_cost":"NONE","seed_source_timestamp":209973733154500,"circlet_count":0,"master_deck":["Defend_G","Defend_G","Defend_G","Strike_G","Survivor+1","Neutralize+1","Dramatic Entrance","Dash+1","PiercingWail","Backstab","Corpse Explosion","Poisoned Stab+1","Prepared+1","After Image+1","Footwork+1","Bandage Up+1","Bullet Time","Well Laid Plans","Leg Sweep+1","Infinite Blades+1","Accuracy+1","Blade Dance+1","Infinite Blades","Blur","Caltrops","Parasite","Infinite Blades+1","Madness","Madness","Cloak And Dagger","Dash+1","Blur+1","Noxious Fumes"],"relics":["Ring of the Snake","Thread and Needle","Boot","Incense Burner","Anchor","Astrolabe","Dream Catcher","Bronze Scales","Prayer Wheel","Ancient Tea Set","Strawberry","Busted Crown","Girya","Paper Crane"],"potions_floor_usage":[6,13,33,36,48,48,50],"damage_taken":[{"damage":5,"enemies":"Jaw Worm","floor":1,"turns":6},{"damage":0,"enemies":"Cultist","floor":3,"turns":5},{"damage":0,"enemies":"Small Slimes","floor":4,"turns":4},{"damage":1,"enemies":"Blue Slaver","floor":5,"turns":5},{"damage":27,"enemies":"Lagavulin","floor":6,"turns":9},{"damage":37,"enemies":"3 Sentries","floor":11,"turns":18},{"damage":2,"enemies":"Lagavulin","floor":13,"turns":7},{"damage":13,"enemies":"The Guardian","floor":16,"turns":20},{"damage":13,"enemies":"2 Thieves","floor":18,"turns":3},{"damage":0,"enemies":"Chosen","floor":24,"turns":5},{"damage":0,"enemies":"Snake Plant","floor":28,"turns":4},{"damage":4,"enemies":"Slavers","floor":29,"turns":3},{"damage":0,"enemies":"Book of Stabbing","floor":31,"turns":6},{"damage":41,"enemies":"Champ","floor":33,"turns":16},{"damage":0,"enemies":"3 Darklings","floor":35,"turns":5},{"damage":0,"enemies":"Mind Bloom Boss Battle","floor":36,"turns":11},{"damage":5,"enemies":"3 Shapes","floor":38,"turns":2},{"damage":6,"enemies":"Spire Growth","floor":39,"turns":7},{"damage":0,"enemies":"Writhing Mass","floor":44,"turns":7},{"damage":15,"enemies":"Sphere and 2 Shapes","floor":46,"turns":6},{"damage":5,"enemies":"Spire Growth","floor":48,"turns":5},{"damage":72,"enemies":"Awakened One","floor":50,"turns":12},{"damage":92,"enemies":"Shield and Spear","floor":54,"turns":6}],"seed_played":"4812751232186886803","potions_obtained":[{"floor":5,"key":"SkillPotion"},{"floor":11,"key":"PowerPotion"},{"floor":13,"key":"GamblersBrew"},{"floor":28,"key":"SpeedPotion"},{"floor":31,"key":"Regen Potion"},{"floor":35,"key":"FearPotion"},{"floor":37,"key":"Block Potion"},{"floor":37,"key":"Strength Potion"}],"is_trial":false,"path_per_floor":["M","?","M","M","M","E","R","$","T","R","E","?","E","$","R","B",null,"M","$","?","?","T","R","M","R","T","R","M","E","$","E","R","B",null,"M","?","?","M","M","$","R","$","T","M","?","M","R","M","R","B",null,"R","$","E"],"character_chosen":"THE_SILENT","items_purchased":["Boot","Backstab","Footwork","Bandage Up","Accuracy","Infinite Blades","Blur","Caltrops","Noxious Fumes"],"campfire_rested":2,"item_purchase_floors":[8,14,19,19,30,40,40,42,53],"current_hp_per_floor":[58,58,58,58,57,30,51,51,51,51,14,80,78,78,78,65,76,63,63,63,63,63,63,67,67,67,67,73,75,75,87,87,49,78,84,87,87,82,81,81,81,81,81,87,76,67,67,82,82,15,69,87,87,0],"gold":11,"neow_bonus":"RANDOM_COLORLESS","is_prod":false,"is_daily":false,"chose_seed":false,"campfire_upgraded":5,"win_rate":0,"timestamp":1556353556,"path_taken":["M","?","M","?","M","E","R","$","T","R","E","?","E","$","R","BOSS","M","$","?","?","?","R","M","R","T","R","M","E","?","E","R","BOSS","M","?","?","M","?","$","R","$","T","M","?","M","R","M","R","BOSS","R","$","E"],"build_version":"2019-01-23","purchased_purges":1,"victory":false,"max_hp_per_floor":[70,70,70,70,70,70,70,70,70,70,70,80,80,80,80,80,80,80,80,80,80,80,80,80,80,80,80,80,80,80,87,87,87,87,87,87,87,87,87,87,87,87,87,87,87,87,87,87,87,87,87,87,87,87],"card_choices":[{"not_picked":["Prepared","Heel Hook","Quick Slash"],"picked":"SKIP","floor":1},{"not_picked":["Predator","Finisher","Sucker Punch"],"picked":"SKIP","floor":3},{"not_picked":["Deflect","Bane","Malaise"],"picked":"SKIP","floor":4},{"not_picked":["Deadly Poison","Quick Slash"],"picked":"Dash","floor":5},{"not_picked":["Setup","Well Laid Plans"],"picked":"Burst","floor":6},{"not_picked":["Dodge and Roll","Underhanded Strike","Dagger Throw"],"picked":"SKIP","floor":11},{"not_picked":["Heel Hook","Quick Slash"],"picked":"PiercingWail","floor":13},{"not_picked":["Die Die Die","Doppelganger"],"picked":"Corpse Explosion","floor":16},{"not_picked":["Flying Knee","Calculated Gamble","Dodge and Roll"],"picked":"SKIP","floor":18},{"not_picked":["Underhanded Strike","Concentrate"],"picked":"Leg Sweep+1","floor":24},{"not_picked":["Accuracy","Slice+1"],"picked":"Infinite Blades+1","floor":28},{"not_picked":["Storm of Steel","Prepared","Sucker Punch+1"],"picked":"SKIP","floor":28},{"not_picked":["Choke","Sucker Punch+1","Poisoned Stab"],"picked":"SKIP","floor":29},{"not_picked":["Predator","All Out Attack","Choke"],"picked":"SKIP","floor":31},{"not_picked":["Poisoned Stab"],"picked":"SKIP","floor":35},{"not_picked":["Terror"],"picked":"SKIP","floor":35},{"not_picked":["Underhanded Strike"],"picked":"SKIP","floor":38},{"not_picked":["Well Laid Plans"],"picked":"SKIP","floor":38},{"not_picked":[],"picked":"Blade Dance+1","floor":39},{"not_picked":["Bane+1"],"picked":"SKIP","floor":39},{"not_picked":[],"picked":"Infinite Blades+1","floor":44},{"not_picked":["Tactician+1"],"picked":"SKIP","floor":44},{"not_picked":[],"picked":"Cloak And Dagger","floor":46},{"not_picked":["Underhanded Strike+1"],"picked":"SKIP","floor":46},{"not_picked":[],"picked":"Dash+1","floor":48},{"not_picked":[],"picked":"Blur+1","floor":48}],"player_experience":191836,"relics_obtained":[{"floor":6,"key":"Thread and Needle"},{"floor":11,"key":"Incense Burner"},{"floor":13,"key":"Anchor"},{"floor":22,"key":"Bronze Scales"},{"floor":26,"key":"Prayer Wheel"},{"floor":29,"key":"Ancient Tea Set"},{"floor":31,"key":"Strawberry"},{"floor":36,"key":"Girya"},{"floor":43,"key":"Paper Crane"}],"event_choices":[{"damage_healed":0,"gold_gain":0,"player_choice":"Upgraded","damage_taken":0,"max_hp_gain":0,"max_hp_loss":0,"event_name":"Upgrade Shrine","floor":2,"gold_loss":0,"cards_upgraded":["Neutralize"]},{"cards_removed":["Burst"],"damage_healed":56,"gold_gain":0,"player_choice":"Offered Rare","damage_taken":0,"max_hp_gain":10,"max_hp_loss":0,"event_name":"Bonfire Elementals","floor":12,"gold_loss":0},{"damage_healed":0,"gold_gain":0,"player_choice":"Opened","damage_taken":0,"relics_obtained":["Dream Catcher"],"max_hp_gain":0,"max_hp_loss":0,"event_name":"The Mausoleum","floor":20,"gold_loss":0},{"damage_healed":0,"gold_gain":0,"cards_transformed":["Defend_G","Strike_G"],"player_choice":"Became Test Subject","damage_taken":0,"max_hp_gain":0,"max_hp_loss":0,"event_name":"Drug Dealer","floor":21,"gold_loss":0,"cards_obtained":["Bullet Time","Well Laid Plans"]},{"damage_healed":0,"gold_gain":0,"player_choice":"Fight","damage_taken":0,"max_hp_gain":0,"max_hp_loss":0,"event_name":"MindBloom","floor":36,"gold_loss":0},{"damage_healed":0,"gold_gain":0,"player_choice":"Got Potions","damage_taken":0,"max_hp_gain":0,"max_hp_loss":0,"event_name":"Lab","floor":37,"gold_loss":0},{"damage_healed":0,"gold_gain":0,"player_choice":"Embrace Madness","damage_taken":11,"max_hp_gain":0,"max_hp_loss":0,"event_name":"Winding Halls","floor":45,"gold_loss":0,"cards_obtained":["Madness","Madness"]}],"is_beta":false,"boss_relics":[{"not_picked":["Tiny House","Empty Cage"],"picked":"Astrolabe"},{"not_picked":["White Beast Statue","Calling Bell"],"picked":"Busted Crown"}],"items_purged_floors":[40],"is_endless":false,"potions_floor_spawned":[5,11,13,28,31,35,39,44,46],"killed_by":"Shield and Spear","ascension_level":6}