{"path_per_floor":["M","M","$","M","M","R","E","R","T","R","M","T","?","M","R","B",null,"M","$","?","?","M","R","T","E","T","M","$","M"],"character_chosen":"DEFECT","items_purchased":["Glacier","BootSequence","Self Repair"],"gold_per_floor":[118,132,59,71,91,91,125,125,125,125,142,142,142,152,152,249,249,259,113,113,113,127,127,127,160,160,175,106,116,116],"floor_reached":30,"campfire_rested":0,"playtime":1489,"current_hp_per_floor":[67,64,64,58,58,58,50,50,50,50,44,44,41,41,41,66,73,73,73,73,73,36,36,36,18,18,10,10,9,0],"items_purged":["Strike_B"],"gold":116,"score":405,"play_id":"57c8666e-310a-42fa-a4ed-0fff70f8cb04","local_time":"20180516182257","is_prod":false,"is_daily":false,"chose_seed":false,"is_ascension_mode":true,"campfire_upgraded":5,"timestamp":1526466177,"path_taken":["M","M","$","M","?","R","E","R","T","R","M","?","?","M","R","BOSS","M","$","?","?","M","R","?","E","T","M","$","M","M"],"build_version":"2018-05-15","seed_source_timestamp":438646903740330,"purchased_purges":2,"victory":false,"master_deck":["Defend_B","Defend_B","Defend_B","Defend_B","Zap+1","Dualcast+1","FTL","Glacier","Tempest+1","Blizzard","Defragment+1","Fission+1","Electrodynamics+1","Streamline+1","Multi-Cast+1","Loop","BootSequence","Coolheaded","Redo","Consume","Self Repair","Tempest"],"max_hp_per_floor":[75,75,75,75,75,75,75,75,75,75,75,75,75,75,75,75,75,75,75,75,75,75,75,75,75,75,75,75,75,75],"relics":["White Beast Statue","Ancient Tea Set","DataDisk","Blue Candle","Pantograph","Astrolabe","Toolbox","Happy Flower","Bottled Flame"],"card_choices":[{"not_picked":["Cold Snap","Aggregate"],"picked":"FTL","floor":1},{"not_picked":["Rebound","Skim","Capacitor"],"picked":"SKIP","floor":2},{"not_picked":["Sweeping Beam","Axe Kick","Capacitor"],"picked":"SKIP","floor":4},{"not_picked":["BootSequence","Skim"],"picked":"Tempest","floor":5},{"not_picked":["Streamline","Cold Snap","Barrage"],"picked":"SKIP","floor":7},{"not_picked":["Genetic Algorithm","Redo"],"picked":"Blizzard","floor":11},{"not_picked":["Beam Cell","Aggregate"],"picked":"Defragment","floor":14},{"not_picked":["Biased Cognition","Multi-Cast"],"picked":"Fission","floor":16},{"not_picked":["Stack","Sweeping Beam"],"picked":"Loop","floor":18},{"not_picked":["Lockon","Rebound"],"picked":"Coolheaded","floor":22},{"not_picked":["Force Field","Sweeping Beam"],"picked":"Redo","floor":25},{"not_picked":["Glacier","Double Energy"],"picked":"Consume","floor":27},{"not_picked":["Hologram+1","Beam Cell"],"picked":"Tempest","floor":29}],"player_experience":386023,"potions_floor_usage":[5,7,7,16,16,16,18,22,25,27,30],"damage_taken":[{"damage":1,"enemies":"Cultist","floor":1,"turns":3},{"damage":3,"enemies":"Jaw Worm","floor":2,"turns":5},{"damage":6,"enemies":"Small Slimes","floor":4,"turns":4},{"damage":0,"enemies":"Looter","floor":5,"turns":3},{"damage":8,"enemies":"Gremlin Nob","floor":7,"turns":5},{"damage":6,"enemies":"3 Louse","floor":11,"turns":2},{"damage":0,"enemies":"Large Slime","floor":14,"turns":3},{"damage":0,"enemies":"The Guardian","floor":16,"turns":10},{"damage":0,"enemies":"Spheric Guardian","floor":18,"turns":3},{"damage":37,"enemies":"3 Byrds","floor":22,"turns":5},{"damage":18,"enemies":"Slavers","floor":25,"turns":3},{"damage":8,"enemies":"Centurion and Healer","floor":27,"turns":9},{"damage":1,"enemies":"Snake Plant","floor":29,"turns":4},{"damage":11,"enemies":"Sentry and Sphere","floor":30,"turns":4}],"relics_obtained":[{"floor":7,"key":"Ancient Tea Set"},{"floor":9,"key":"DataDisk"},{"floor":12,"key":"Blue Candle"},{"floor":24,"key":"Toolbox"},{"floor":25,"key":"Happy Flower"},{"floor":26,"key":"Bottled Flame"}],"event_choices":[{"event_name":"Scrap Ooze","player_choice":"success","floor":13,"damage_taken":3},{"event_name":"Ghosts","player_choice":"Ignored","floor":20,"damage_taken":0},{"event_name":"Drug Dealer","player_choice":"Ignored","floor":21,"damage_taken":0}],"boss_relics":[{"not_picked":["Lizard Tail","Calling Bell"],"picked":"Astrolabe"}],"potions_floor_spawned":[1,2,4,5,7,11,14,16,18,22,25,27,29],"seed_played":"-6107416986478831113","killed_by":"Sentry and Sphere","ascension_level":7,"potions_obtained":[{"floor":1,"key":"EssenceOfSteel"},{"floor":2,"key":"AttackPotion"},{"floor":4,"key":"GamblersBrew"},{"floor":5,"key":"FocusPotion"},{"floor":7,"key":"Block Potion"},{"floor":11,"key":"EntropicBrew"},{"floor":14,"key":"EssenceOfSteel"},{"floor":18,"key":"Weak Potion"},{"floor":22,"key":"FearPotion"},{"floor":25,"key":"SkillPotion"},{"floor":27,"key":"Ancient Potion"}],"is_trial":false}