{"gold_per_floor":[114,114,125,137,137,170,170,6,32,32,48,64,64,90,90,165,165,175,175,175,185,185,218,218,243,266,279,204,221,250,430,430,503,503,526,551,563,593,605,617,393,393,393,409,409,422,522,522,522,522],"floor_reached":50,"playtime":1816,"items_purged":["Injury"],"score":1026,"play_id":"04f6cc76-f305-4a6a-8904-1f21a7d258c5","local_time":"20190329162952","is_ascension_mode":true,"campfire_choices":[{"data":"Whirlwind","floor":7.0,"key":"SMITH"},{"data":"Carnage","floor":10.0,"key":"SMITH"},{"data":"Bash","floor":15.0,"key":"SMITH"},{"data":"Shrug It Off","floor":24.0,"key":"SMITH"},{"floor":32.0,"key":"REST"},{"data":"Fiend Fire","floor":40.0,"key":"SMITH"},{"floor":42.0,"key":"REST"},{"floor":49.0,"key":"RECALL"}],"neow_cost":"NONE","seed_source_timestamp":17409623276999,"circlet_count":0,"master_deck":["AscendersBane","Defend_R","Defend_R","Defend_R","Bash+1","Feed+1","True Grit+1","Spot Weakness+1","Carnage+1","Whirlwind+1","Reaper","Shrug It Off+1","Bite","Bite","Bite","Bite","Shrug It Off","Seeing Red+1","Reaper","Good Instincts","Exhume","Fiend Fire+1","Evolve","Demon Form"],"special_seed":0,"relics":["Burning Blood","Omamori","Centennial Puzzle","War Paint","Mummified Hand","Philosopher\u0027s Stone","Sundial","Oddly Smooth Stone","Regal Pillow","Paper Frog","Calling Bell","MawBank","Shuriken","FossilizedHelix","Bag of Preparation","Mango","Red Skull"],"potions_floor_usage":[],"damage_taken":[{"damage":7.0,"enemies":"Small Slimes","floor":1.0,"turns":4.0},{"damage":1.0,"enemies":"Cultist","floor":3.0,"turns":5.0},{"damage":9.0,"enemies":"Jaw Worm","floor":4.0,"turns":6.0},{"damage":8.0,"enemies":"Gremlin Nob","floor":6.0,"turns":3.0},{"damage":1.0,"enemies":"2 Fungi Beasts","floor":11.0,"turns":4.0},{"damage":12.0,"enemies":"Large Slime","floor":12.0,"turns":4.0},{"damage":42.0,"enemies":"3 Sentries","floor":14.0,"turns":9.0},{"damage":26.0,"enemies":"Hexaghost","floor":16.0,"turns":7.0},{"damage":32.0,"enemies":"Shell Parasite","floor":18.0,"turns":6.0},{"damage":26.0,"enemies":"2 Thieves","floor":21.0,"turns":4.0},{"damage":31.0,"enemies":"Gremlin Leader","floor":23.0,"turns":5.0},{"damage":27.0,"enemies":"Snake Plant","floor":27.0,"turns":4.0},{"damage":5.0,"enemies":"3 Cultists","floor":29.0,"turns":3.0},{"damage":28.0,"enemies":"Slavers","floor":30.0,"turns":2.0},{"damage":77.0,"enemies":"Collector","floor":33.0,"turns":9.0},{"damage":39.0,"enemies":"Orb Walker","floor":35.0,"turns":5.0},{"damage":39.0,"enemies":"3 Darklings","floor":36.0,"turns":5.0},{"damage":79.0,"enemies":"Sphere and 2 Shapes","floor":38.0,"turns":8.0},{"damage":21.0,"enemies":"Transient","floor":44.0,"turns":6.0},{"damage":26.0,"enemies":"Spire Growth","floor":46.0,"turns":3.0},{"damage":31.0,"enemies":"Mind Bloom Boss Battle","floor":47.0,"turns":6.0},{"damage":123,"enemies":"Donu and Deca","floor":50,"turns":7}],"seed_played":"-6711665821584120477","potions_obtained":[{"floor":1.0,"key":"Energy Potion"},{"floor":5.0,"key":"Strength Potion"},{"floor":11.0,"key":"Strength Potion"},{"floor":14.0,"key":"Regen Potion"},{"floor":16.0,"key":"SpeedPotion"},{"floor":21.0,"key":"Dexterity Potion"},{"floor":29.0,"key":"LiquidBronze"},{"floor":30.0,"key":"Block Potion"},{"floor":38.0,"key":"Explosive Potion"},{"floor":44.0,"key":"Explosive Potion"},{"floor":46.0,"key":"Weak Potion"}],"is_trial":false,"path_per_floor":["M","?","M","M","?","E","R","$","T","R","M","M","?","E","R","B",null,"M","?","?","M","?","E","R","T","T","M","?","M","E","?","R","B",null,"M","M","?","M","$","R","$","R","T","M","?","M","?","?","R","B"],"character_chosen":"IRONCLAD","items_purchased":["Centennial Puzzle","Bag of Preparation"],"campfire_rested":2,"item_purchase_floors":[8,41],"current_hp_per_floor":[70,70,75,75,75,73,73,73,73,73,81,78,52,16,16,11,68,50,50,50,53,53,40,40,40,40,34,34,67,49,21,57,45,65,52,68,68,24,24,24,24,60,60,60,60,57,85,85,85,7],"gold":522,"neow_bonus":"ONE_RANDOM_RARE_CARD","is_prod":false,"is_daily":false,"chose_seed":false,"campfire_upgraded":5,"win_rate":0,"timestamp":1553844592,"path_taken":["M","?","M","?","?","E","R","?","T","R","M","M","?","E","R","BOSS","M","?","?","M","?","E","R","?","T","M","?","?","E","?","R","BOSS","M","?","?","M","$","R","$","R","T","?","?","M","?","?","R","BOSS"],"build_version":"2019-01-23","purchased_purges":1,"victory":false,"max_hp_per_floor":[78,78,78,81,81,81,81,81,81,81,84,87,87,87,87,87,87,91,91,63,63,63,63,63,63,63,63,63,67,71,71,71,71,71,71,71,71,71,71,71,71,71,71,71,71,71,85,85,85,85],"card_choices":[{"not_picked":["Combust","Clothesline"],"picked":"True Grit","floor":1.0},{"not_picked":["Power Through","Rupture"],"picked":"Spot Weakness","floor":3.0},{"not_picked":["Headbutt","Fire Breathing"],"picked":"Carnage","floor":4.0},{"not_picked":["Sword Boomerang","Juggernaut"],"picked":"Whirlwind","floor":6.0},{"not_picked":["Sentinel","Twin Strike","Perfected Strike"],"picked":"SKIP","floor":11.0},{"not_picked":["Uppercut","Carnage","Clothesline"],"picked":"SKIP","floor":12.0},{"not_picked":["Uppercut","Havoc","Headbutt"],"picked":"SKIP","floor":14.0},{"not_picked":["Double Tap","Exhume"],"picked":"Reaper","floor":16.0},{"not_picked":["Wild Strike+1","Anger","Pommel Strike"],"picked":"SKIP","floor":18.0},{"not_picked":["Perfected Strike+1","Headbutt"],"picked":"Shrug It Off","floor":21.0},{"not_picked":["Ghostly Armor","Anger","Metallicize"],"picked":"SKIP","floor":23.0},{"not_picked":["Wild Strike","Flame Barrier"],"picked":"Seeing Red+1","floor":27.0},{"not_picked":["Sentinel","Iron Wave","Spot Weakness"],"picked":"SKIP","floor":29.0},{"not_picked":["Reckless Charge","Uppercut"],"picked":"Reaper","floor":30.0},{"not_picked":["Bludgeon","Reaper"],"picked":"Exhume","floor":33.0},{"not_picked":["Bloodletting","Iron Wave","Flex+1"],"picked":"SKIP","floor":35.0},{"not_picked":["Pommel Strike","Rampage","Carnage"],"picked":"SKIP","floor":36.0},{"not_picked":["Rage+1","Twin Strike"],"picked":"Evolve","floor":38.0},{"not_picked":["Twin Strike","Whirlwind","Pommel Strike"],"picked":"SKIP","floor":44.0},{"not_picked":["Pommel Strike+1","Sword Boomerang"],"picked":"Demon Form","floor":46.0}],"player_experience":2711119,"relics_obtained":[{"floor":6.0,"key":"Omamori"},{"floor":9.0,"key":"War Paint"},{"floor":14.0,"key":"Mummified Hand"},{"floor":23.0,"key":"Sundial"},{"floor":25.0,"key":"Oddly Smooth Stone"},{"floor":26.0,"key":"Regal Pillow"},{"floor":30.0,"key":"Paper Frog"},{"floor":34.0,"key":"MawBank"},{"floor":34.0,"key":"Shuriken"},{"floor":34.0,"key":"FossilizedHelix"},{"floor":47.0,"key":"Mango"}],"event_choices":[{"cards_removed":["Strike_R"],"damage_healed":0.0,"max_hp_gain":0.0,"max_hp_loss":0.0,"gold_gain":0.0,"event_name":"Wheel of Change","player_choice":"Card Removal","floor":2.0,"gold_loss":0.0,"damage_taken":0.0},{"damage_healed":0.0,"max_hp_gain":0.0,"max_hp_loss":0.0,"gold_gain":0.0,"event_name":"Lab","player_choice":"Got Potions","floor":5.0,"gold_loss":0.0,"damage_taken":0.0},{"damage_healed":0.0,"max_hp_gain":0.0,"max_hp_loss":0.0,"gold_gain":0.0,"event_name":"Shining Light","player_choice":"Entered Light","floor":13.0,"gold_loss":0.0,"damage_taken":26.0,"cards_upgraded":["Feed","Strike_R"]},{"damage_healed":0.0,"max_hp_gain":0.0,"max_hp_loss":0.0,"gold_gain":0.0,"event_name":"The Library","player_choice":"Read","floor":19.0,"gold_loss":0.0,"damage_taken":0.0,"cards_obtained":["Shrug It Off"]},{"damage_healed":0.0,"max_hp_gain":0.0,"max_hp_loss":28.0,"gold_gain":0.0,"event_name":"Vampires","player_choice":"Became a vampire","floor":20.0,"gold_loss":0.0,"damage_taken":0.0,"cards_obtained":["Bite","Bite","Bite","Bite","Bite"]},{"cards_removed":["Bite"],"damage_healed":0.0,"max_hp_gain":0.0,"max_hp_loss":0.0,"gold_gain":0.0,"event_name":"Back to Basics","player_choice":"Elegance","floor":22.0,"gold_loss":0.0,"damage_taken":0.0},{"cards_removed":["Defend_R"],"damage_healed":0.0,"max_hp_gain":0.0,"max_hp_loss":0.0,"gold_gain":0.0,"event_name":"Beggar","player_choice":"Gave Gold","floor":28.0,"gold_loss":75.0,"damage_taken":0.0},{"damage_healed":0.0,"max_hp_gain":0.0,"max_hp_loss":0.0,"gold_gain":180.0,"event_name":"Knowing Skull","player_choice":"CARD GOLD GOLD ","floor":31.0,"potions_obtained":[],"gold_loss":0.0,"damage_taken":28.0,"cards_obtained":["Good Instincts"]},{"damage_healed":0.0,"max_hp_gain":0.0,"max_hp_loss":0.0,"gold_gain":0.0,"event_name":"Match and Keep!","player_choice":"1 cards matched","floor":37.0,"gold_loss":0.0,"damage_taken":0.0,"cards_obtained":["Fiend Fire"]},{"damage_healed":0.0,"max_hp_gain":0.0,"max_hp_loss":0.0,"gold_gain":0.0,"event_name":"Mysterious Sphere","player_choice":"Ignored","floor":45.0,"gold_loss":0.0,"damage_taken":0.0},{"damage_healed":0.0,"max_hp_gain":0.0,"max_hp_loss":0.0,"gold_gain":0.0,"event_name":"MindBloom","player_choice":"Fight","floor":47.0,"gold_loss":0.0,"damage_taken":0.0},{"damage_healed":0.0,"max_hp_gain":0.0,"max_hp_loss":0.0,"gold_gain":0.0,"event_name":"WeMeetAgain","player_choice":"Gave Potion","floor":48.0,"gold_loss":0.0,"damage_taken":0.0,"relics_obtained":["Red Skull"]}],"is_beta":false,"boss_relics":[{"not_picked":["Busted Crown","Pandora\u0027s Box"],"picked":"Philosopher\u0027s Stone"},{"not_picked":["Coffee Dripper","Orrery"],"picked":"Calling Bell"}],"items_purged_floors":[41],"is_endless":false,"potions_floor_spawned":[1,11,12,14,16,21,29,30,38,44,46,47],"killed_by":"Donu and Deca","ascension_level":20}