{"path_per_floor":["M","M","M","?","M","E","M","R","T","M","M","M","R","?","R","B",null,"M","?","M","$","M","E","R","E","T","R","?","$","M","M","R"],"character_chosen":"THE_SILENT","items_purchased":["Apotheosis","Dash"],"gold_per_floor":[117,137,156,156,173,200,215,215,242,262,282,298,298,298,298,402,402,418,418,432,175,189,214,214,241,265,265,265,136,155,171,171],"floor_reached":33,"campfire_rested":0,"playtime":2428,"current_hp_per_floor":[60,60,60,60,56,15,15,15,15,15,10,10,10,10,10,13,63,52,52,52,52,52,46,46,43,43,43,27,27,27,12,12],"items_purged":["Writhe","Strike_G"],"gold":171,"score":291,"play_id":"7e64dd3d-5ebe-44d0-aac8-e0294a62a9da","is_prod":false,"is_daily":false,"is_ascension_mode":false,"campfire_upgraded":6,"path_taken":["M","M","M","?","M","E","M","R","T","M","M","?","R","?","R","BOSS","M","?","M","$","M","E","R","E","T","R","?","$","M","M","R","BOSS"],"build_version":"2018-02-15-BETA1","purchased_purges":2,"victory":false,"master_deck":["Defend_G","Defend_G","Defend_G","Defend_G","Defend_G","Strike_G","Strike_G","Strike_G","Strike_G","Survivor","Neutralize+1","Bullet Time+1","Leg Sweep","Dagger Spray+1","Acrobatics","Backflip","Acrobatics+1","Choke","Well Laid Plans+1","Envenom","A Thousand Cuts+1","Finisher+1","Apotheosis+1","Tools of the Trade","Terror","Dash"],"max_hp_per_floor":[63,63,63,63,63,63,63,63,63,63,63,63,63,63,63,63,63,63,63,63,63,63,63,63,63,63,63,63,63,63,63,63],"relics":["Ring of the Snake","Smiling Mask","Prayer Wheel","Sozu","Oddly Smooth Stone","Bronze Scales","Tingsha","Omamori","Necronomicon"],"card_choices":[{"not_picked":["Burst","Wraith Form"],"picked":"Bullet Time"},{"not_picked":["Slice","Underhanded Strike"],"picked":"Leg Sweep"},{"not_picked":["Eviscerate","Slice"],"picked":"Dagger Spray"},{"not_picked":["Dodge and Roll","Slice"],"picked":"Acrobatics"},{"not_picked":["All Out Attack","Blade Dance"],"picked":"Backflip"},{"not_picked":["Slice","Noxious Fumes"],"picked":"Acrobatics"},{"not_picked":["Glass Knife","Deadly Poison"],"picked":"Choke"},{"not_picked":["Acrobatics","Sucker Punch"],"picked":"Well Laid Plans"},{"not_picked":["Corpse Explosion","Die Die Die"],"picked":"A Thousand Cuts"},{"not_picked":["Underhanded Strike","Poisoned Stab"],"picked":"Finisher"},{"not_picked":["Flechettes","Endless Agony"],"picked":"Tools of the Trade"},{"not_picked":["Endless Agony","Flying Knee"],"picked":"Terror"}],"player_experience":47965,"potions_floor_usage":[5,16],"damage_taken":[{"damage":3,"enemies":"Jaw Worm","floor":1,"turns":4},{"damage":0,"enemies":"Cultist","floor":2,"turns":4},{"damage":0,"enemies":"Small Slimes","floor":3,"turns":4},{"damage":4,"enemies":"Exordium Thugs","floor":5,"turns":5},{"damage":41,"enemies":"Lagavulin","floor":6,"turns":10},{"damage":0,"enemies":"3 Louse","floor":7,"turns":4},{"damage":0,"enemies":"Looter","floor":10,"turns":4},{"damage":5,"enemies":"Gremlin Gang","floor":11,"turns":5},{"damage":0,"enemies":"Blue Slaver","floor":12,"turns":4},{"damage":12,"enemies":"The Guardian","floor":16,"turns":9},{"damage":11,"enemies":"Spheric Guardian","floor":18,"turns":5},{"damage":0,"enemies":"3 Byrds","floor":20,"turns":4},{"damage":0,"enemies":"Snecko","floor":22,"turns":3},{"damage":6,"enemies":"Gremlin Leader","floor":23,"turns":4},{"damage":3,"enemies":"Book of Stabbing","floor":25,"turns":5},{"damage":0,"enemies":"Snake Plant","floor":30,"turns":3},{"damage":15,"enemies":"Chosen and Byrds","floor":31,"turns":5},{"damage":16,"enemies":"Collector","floor":33,"turns":3}],"event_choices":[{"event_name":"Accursed Blacksmith","player_choice":"Forge","floor":4,"damage_taken":0},{"event_name":"Match and Keep!","player_choice":"1 cards matched","floor":14,"damage_taken":0},{"event_name":"The Mausoleum","player_choice":"Yes","floor":19,"damage_taken":0},{"event_name":"Cursed Tome","player_choice":"Obtained Book","floor":28,"damage_taken":0}],"boss_relics":[{"not_picked":["Velvet Choker","Ectoplasm"],"picked":"Sozu"}],"potions_floor_spawned":[1,7,11,16,18,23,25],"seed_played":"-8021823042456377768","killed_by":"Collector","ascension_level":0,"is_trial":false}