{"gold_per_floor":[110,127,52,65,92,92,112,143,215,235,235,255,275,350,350,428,428,444,444,462,40,40,70,70,88,133,133,148,148,63,93,93,170,170,186,108,108,33,0,30,30,55,79,120,144,187,209,247,259,271,283,295,307,49,75,75],"floor_reached":56,"playtime":2670,"items_purged":["Defend_B","Strike_B"],"score":2291,"play_id":"a64b06b1-43bb-4e33-857d-56c046f5a1f6","local_time":"20190222121335","is_ascension_mode":true,"campfire_choices":[{"data":"Zap","floor":6.0,"key":"SMITH"},{"data":"Defragment","floor":11.0,"key":"SMITH"},{"data":"Self Repair","floor":15.0,"key":"SMITH"},{"data":"Defragment","floor":24.0,"key":"SMITH"},{"data":"Loop","floor":27.0,"key":"SMITH"},{"data":"Hologram","floor":29.0,"key":"SMITH"},{"floor":32.0,"key":"REST"},{"floor":41.0,"key":"REST"},{"floor":49.0,"key":"RECALL"},{"data":"Seek","floor":53.0,"key":"SMITH"}],"neow_cost":"NONE","seed_source_timestamp":170833455370700,"circlet_count":0,"master_deck":["AscendersBane","Strike_B","Strike_B","Defend_B","Zap+1","Dualcast","Self Repair+1","Conserve Battery","BootSequence","Defragment+1","Streamline+1","Cold Snap+1","Core Surge+1","Sweeping Beam+1","Coolheaded","Defragment+1","Loop+1","Self Repair","Hologram+1","Electrodynamics","Reinforced Body+1","Biased Cognition","Seek+1","Reboot","Coolheaded+1","Defragment+1","Loop","Echo Form"],"special_seed":0,"relics":["Cracked Core","Potion Belt","PreservedInsect","Molten Egg 2","Velvet Choker","Runic Capacitor","Art of War","Gambling Chip","Oddly Smooth Stone","Regal Pillow","Prayer Wheel","Inserter","Red Mask","Dream Catcher","Pear","MawBank","Symbiotic Virus","Boot","Centennial Puzzle","Nunchaku"],"potions_floor_usage":[56,56,56],"damage_taken":[{"damage":0.0,"enemies":"2 Louse","floor":1.0,"turns":4.0},{"damage":7.0,"enemies":"Jaw Worm","floor":2.0,"turns":3.0},{"damage":1.0,"enemies":"Cultist","floor":4.0,"turns":3.0},{"damage":9.0,"enemies":"3 Louse","floor":7.0,"turns":3.0},{"damage":39.0,"enemies":"Gremlin Nob","floor":8.0,"turns":4.0},{"damage":2.0,"enemies":"Lots of Slimes","floor":10.0,"turns":5.0},{"damage":1.0,"enemies":"Blue Slaver","floor":12.0,"turns":3.0},{"damage":7.0,"enemies":"3 Louse","floor":13.0,"turns":4.0},{"damage":25.0,"enemies":"The Guardian","floor":16.0,"turns":8.0},{"damage":21.0,"enemies":"Spheric Guardian","floor":18.0,"turns":4.0},{"damage":27.0,"enemies":"3 Byrds","floor":20.0,"turns":5.0},{"damage":20.0,"enemies":"Book of Stabbing","floor":23.0,"turns":5.0},{"damage":21.0,"enemies":"Snake Plant","floor":25.0,"turns":4.0},{"damage":4.0,"enemies":"Snecko","floor":28.0,"turns":5.0},{"damage":33.0,"enemies":"Gremlin Leader","floor":31.0,"turns":4.0},{"damage":0.0,"enemies":"Champ","floor":33.0,"turns":8.0},{"damage":0.0,"enemies":"3 Shapes","floor":35.0,"turns":5.0},{"damage":47.0,"enemies":"Reptomancer","floor":40.0,"turns":5.0},{"damage":10.0,"enemies":"Giant Head","floor":42.0,"turns":7.0},{"damage":8.0,"enemies":"Reptomancer","floor":44.0,"turns":5.0},{"damage":8.0,"enemies":"Orb Walker","floor":45.0,"turns":4.0},{"damage":29.0,"enemies":"Giant Head","floor":46.0,"turns":6.0},{"damage":0.0,"enemies":"Transient","floor":47.0,"turns":6.0},{"damage":0.0,"enemies":"Nemesis","floor":48.0,"turns":5.0},{"damage":26.0,"enemies":"Awakened One","floor":50.0,"turns":11.0},{"damage":0.0,"enemies":"Donu and Deca","floor":51.0,"turns":8.0},{"damage":50.0,"enemies":"Shield and Spear","floor":55.0,"turns":9.0},{"damage":46,"enemies":"The Heart","floor":56,"turns":5}],"seed_played":"-5792272472330784140","potions_obtained":[{"floor":1.0,"key":"SteroidPotion"},{"floor":2.0,"key":"Regen Potion"},{"floor":8.0,"key":"Ancient Potion"},{"floor":13.0,"key":"SteroidPotion"},{"floor":16.0,"key":"PowerPotion"},{"floor":20.0,"key":"SkillPotion"},{"floor":23.0,"key":"Fruit Juice"},{"floor":25.0,"key":"LiquidBronze"},{"floor":44.0,"key":"GamblersBrew"},{"floor":48.0,"key":"SkillPotion"},{"floor":55.0,"key":"Strength Potion"}],"is_trial":false,"path_per_floor":["M","M","?","M","T","R","M","E","T","M","R","M","M","?","R","B",null,"M","?","M","$","?","E","R","M","T","R","M","R","?","E","R","B",null,"M","$","?","$","?","E","R","E","T","E","M","E","M","E","R","B","B",null,"R","$","E","B"],"character_chosen":"DEFECT","items_purchased":["Defragment","Runic Capacitor","Art of War","Biased Cognition","Ancient Potion","Loop"],"campfire_rested":2,"item_purchase_floors":[21,21,21,36,54,54],"current_hp_per_floor":[64,57,57,63,63,63,61,29,29,48,48,54,47,36,36,21,59,38,71,54,54,54,49,49,38,38,38,51,51,51,35,72,76,76,76,76,76,76,76,36,73,86,86,78,86,74,86,86,86,77,86,86,86,86,53,7],"gold":75,"neow_bonus":"RANDOM_COMMON_RELIC","is_prod":false,"is_daily":false,"chose_seed":false,"campfire_upgraded":7,"win_rate":0,"timestamp":1550805215,"path_taken":["M","M","?","M","?","R","M","E","T","M","R","?","?","?","R","BOSS","M","?","?","$","?","E","R","M","T","R","M","R","?","E","R","BOSS","M","$","?","$","?","E","R","E","T","E","M","E","M","E","R","BOSS","BOSS","R","$","E","BOSS"],"build_version":"2019-01-23","purchased_purges":2,"victory":false,"max_hp_per_floor":[71,71,71,71,71,71,71,71,71,71,71,71,71,71,71,71,71,71,71,71,71,71,76,76,76,76,76,76,76,76,76,76,76,76,76,76,76,76,76,76,76,86,86,86,86,86,86,86,86,86,86,86,86,86,86,86],"card_choices":[{"not_picked":["Hello World","Compile Driver","Double Energy"],"picked":"SKIP","floor":1.0},{"not_picked":["Storm","Redo"],"picked":"Self Repair","floor":2.0},{"not_picked":["Compile Driver","Storm"],"picked":"Conserve Battery","floor":4.0},{"not_picked":["Reinforced Body","Scrape"],"picked":"BootSequence","floor":7.0},{"not_picked":["Barrage","Go for the Eyes"],"picked":"FTL","floor":8.0},{"not_picked":["Double Energy","Doom and Gloom+1"],"picked":"Defragment","floor":10.0},{"not_picked":["Fusion","Compile Driver+1"],"picked":"Streamline+1","floor":12.0},{"not_picked":["Scrape+1","Barrage+1"],"picked":"Cold Snap+1","floor":13.0},{"not_picked":["Seek","Fission"],"picked":"Core Surge+1","floor":16.0},{"not_picked":["Fusion","Turbo"],"picked":"Sweeping Beam+1","floor":18.0},{"not_picked":["Turbo","Sweeping Beam+1"],"picked":"Coolheaded","floor":20.0},{"not_picked":["Scrape+1","Reprogram"],"picked":"Loop","floor":23.0},{"not_picked":["Ball Lightning+1","Stack"],"picked":"Self Repair","floor":25.0},{"not_picked":["Steam","Gash+1"],"picked":"Hologram","floor":28.0},{"not_picked":["Hologram","Redo","Steam Power"],"picked":"SKIP","floor":31.0},{"not_picked":["Core Surge+1","Buffer"],"picked":"Electrodynamics","floor":33.0},{"not_picked":["Reprogram","Rip and Tear+1"],"picked":"Reinforced Body+1","floor":35.0},{"not_picked":["Streamline+1","Leap","Go for the Eyes+1"],"picked":"SKIP","floor":35.0},{"not_picked":["Turbo","Reprogram","Ball Lightning+1"],"picked":"SKIP","floor":40.0},{"not_picked":["Leap","Genetic Algorithm"],"picked":"Seek","floor":42.0},{"not_picked":["Storm","Conserve Battery"],"picked":"Reboot","floor":44.0},{"not_picked":["Cold Snap+1","Sweeping Beam+1"],"picked":"Coolheaded+1","floor":45.0},{"not_picked":["Compile Driver+1","Undo","Genetic Algorithm"],"picked":"SKIP","floor":45.0},{"not_picked":["BootSequence","Fusion","Hologram"],"picked":"SKIP","floor":46.0},{"not_picked":["FTL+1","Fusion"],"picked":"Defragment+1","floor":47.0},{"not_picked":["Storm","Go for the Eyes+1","Rebound+1"],"picked":"SKIP","floor":47.0},{"not_picked":["FTL+1","Streamline+1","Doom and Gloom+1"],"picked":"SKIP","floor":48.0},{"not_picked":["Steam+1","Sunder+1"],"picked":"Echo Form","floor":55.0}],"player_experience":1717769,"relics_obtained":[{"floor":8.0,"key":"PreservedInsect"},{"floor":9.0,"key":"Molten Egg 2"},{"floor":23.0,"key":"Gambling Chip"},{"floor":26.0,"key":"Oddly Smooth Stone"},{"floor":31.0,"key":"Prayer Wheel"},{"floor":40.0,"key":"Dream Catcher"},{"floor":42.0,"key":"Pear"},{"floor":43.0,"key":"MawBank"},{"floor":44.0,"key":"Symbiotic Virus"},{"floor":46.0,"key":"Boot"},{"floor":48.0,"key":"Centennial Puzzle"},{"floor":55.0,"key":"Nunchaku"}],"event_choices":[{"cards_removed":["Defend_B"],"damage_healed":0.0,"max_hp_gain":0.0,"max_hp_loss":0.0,"gold_gain":0.0,"event_name":"The Cleric","player_choice":"Card Removal","floor":3.0,"gold_loss":75.0,"damage_taken":0.0},{"damage_healed":0.0,"max_hp_gain":0.0,"max_hp_loss":0.0,"gold_gain":75.0,"event_name":"World of Goop","player_choice":"Gather Gold","floor":14.0,"gold_loss":0.0,"damage_taken":11.0},{"cards_removed":["FTL"],"damage_healed":33.0,"max_hp_gain":0.0,"max_hp_loss":0.0,"gold_gain":0.0,"event_name":"Bonfire Elementals","player_choice":"Offered Uncommon","floor":19.0,"gold_loss":0.0,"damage_taken":0.0},{"cards_removed":["Strike_B"],"damage_healed":0.0,"max_hp_gain":0.0,"max_hp_loss":0.0,"gold_gain":0.0,"event_name":"Back to Basics","player_choice":"Elegance","floor":22.0,"gold_loss":0.0,"damage_taken":0.0},{"damage_healed":0.0,"max_hp_gain":0.0,"max_hp_loss":0.0,"gold_gain":0.0,"event_name":"Addict","player_choice":"Obtained Relic","floor":30.0,"gold_loss":85.0,"damage_taken":0.0,"relics_obtained":["Regal Pillow"]},{"cards_removed":["Defend_B"],"damage_healed":0.0,"max_hp_gain":0.0,"max_hp_loss":0.0,"gold_gain":0.0,"event_name":"Falling","player_choice":"Removed Skill","floor":37.0,"gold_loss":0.0,"damage_taken":0.0},{"damage_healed":0.0,"max_hp_gain":0.0,"max_hp_loss":0.0,"gold_gain":0.0,"event_name":"Tomb of Lord Red Mask","player_choice":"Paid","floor":39.0,"gold_loss":33.0,"damage_taken":0.0,"relics_obtained":["Red Mask"]}],"is_beta":false,"boss_relics":[{"not_picked":["Tiny House","Snecko Eye"],"picked":"Velvet Choker"},{"not_picked":["White Beast Statue","Cursed Key"],"picked":"Inserter"}],"items_purged_floors":[38,54],"is_endless":false,"potions_floor_spawned":[1,2,8,13,16,20,23,25,44,48,55],"killed_by":"The Heart","ascension_level":20}