{"gold_per_floor":[117,137,137,148,42,42,42,42,69,85,85,99,110,35,35,132,132,142,155,155,254,138,138,150,150],"floor_reached":25,"playtime":2048,"items_purged":["Defend_R"],"score":193,"play_id":"604fe9c5-2cea-43b2-be4e-029042821ed0","local_time":"20180814154113","is_ascension_mode":false,"campfire_choices":[{"floor":6,"key":"REST"},{"data":"Good Instincts","floor":8,"key":"SMITH"},{"data":"Rage","floor":11,"key":"SMITH"},{"data":"Intimidate","floor":15,"key":"SMITH"},{"floor":23,"key":"REST"}],"neow_cost":"PERCENT_DAMAGE","seed_source_timestamp":1972861255320134,"circlet_count":0,"master_deck":["Strike_R","Strike_R","Strike_R","Strike_R","Strike_R","Defend_R","Defend_R","Bash","Rage+1","Good Instincts+1","Intimidate+1","Rage","Bandage Up","Flex"],"relics":["Burning Blood","Unceasing Top","Red Skull","Nloth\u0027s Gift"],"potions_floor_usage":[2,4,16,24],"damage_taken":[{"damage":1,"enemies":"2 Louse","floor":1,"turns":3},{"damage":3,"enemies":"Jaw Worm","floor":2,"turns":4},{"damage":2,"enemies":"Small Slimes","floor":4,"turns":3},{"damage":1,"enemies":"Gremlin Gang","floor":10,"turns":8},{"damage":7,"enemies":"Blue Slaver","floor":12,"turns":5},{"damage":1,"enemies":"2 Fungi Beasts","floor":13,"turns":4},{"damage":75,"enemies":"Slime Boss","floor":16,"turns":17},{"damage":11,"enemies":"3 Byrds","floor":18,"turns":9},{"damage":43,"enemies":"Chosen","floor":19,"turns":8},{"damage":38,"enemies":"Snake Plant","floor":24,"turns":8},{"damage":65,"enemies":"Slavers","floor":25,"turns":5}],"seed_played":"7702283616681879245","potions_obtained":[{"floor":1,"key":"Weak Potion"},{"floor":2,"key":"Weak Potion"},{"floor":13,"key":"FearPotion"},{"floor":19,"key":"Regen Potion"}],"is_trial":false,"path_per_floor":["M","M","?","M","$","R","?","R","T","M","R","M","M","$","R","B",null,"M","M","?","?","$","R","M"],"character_chosen":"IRONCLAD","items_purchased":["Good Instincts","Bandage Up","Flex"],"campfire_rested":2,"item_purchase_floors":[5,22,22],"current_hp_per_floor":[61,64,57,61,61,80,80,80,80,80,80,79,80,80,80,11,80,75,38,38,38,38,62,49,0],"gold":150,"neow_bonus":"ONE_RARE_RELIC","is_prod":false,"is_daily":false,"chose_seed":false,"campfire_upgraded":3,"win_rate":0,"timestamp":1534250473,"path_taken":["M","M","?","M","$","R","?","R","T","M","R","M","?","$","R","BOSS","M","M","?","?","$","R","M","E"],"build_version":"2018-08-09","purchased_purges":1,"victory":false,"max_hp_per_floor":[80,80,80,80,80,80,80,80,80,80,80,80,80,80,80,80,80,80,80,80,80,80,80,80,80],"card_choices":[{"not_picked":["Whirlwind","Cleave","Iron Wave"],"picked":"SKIP","floor":1},{"not_picked":["True Grit","Pommel Strike","Power Through"],"picked":"SKIP","floor":2},{"not_picked":["Power Through","Warcry"],"picked":"Rage","floor":4},{"not_picked":["Havoc","Infernal Blade","Battle Trance"],"picked":"SKIP","floor":10},{"not_picked":["Headbutt","Havoc"],"picked":"Intimidate","floor":12},{"not_picked":["Clothesline","Pummel","Hemokinesis"],"picked":"SKIP","floor":13},{"not_picked":["Heavy Blade","Disarm"],"picked":"Rage","floor":17},{"not_picked":["Dropkick","Headbutt","Feel No Pain+1"],"picked":"SKIP","floor":18},{"not_picked":["Clothesline","Havoc","Inflame+1"],"picked":"SKIP","floor":19},{"not_picked":["Headbutt","Thunderclap","Havoc"],"picked":"SKIP","floor":24}],"player_experience":644707,"relics_obtained":[{"floor":9,"key":"Red Skull"}],"event_choices":[{"event_name":"Golden Wing","player_choice":"Card Removal","floor":3,"damage_taken":0},{"event_name":"Golden Idol","player_choice":"Ignored","floor":7,"damage_taken":0},{"event_name":"N\u0027loth","player_choice":"Traded a Orrery","floor":20,"damage_taken":0},{"event_name":"Nest","player_choice":"Stole From Cult","floor":21,"damage_taken":0}],"is_beta":false,"boss_relics":[{"not_picked":["Eternal Feather","Tiny House"],"picked":"Orrery"}],"items_purged_floors":[14],"is_endless":false,"potions_floor_spawned":[1,2,13,19],"killed_by":"Slavers","ascension_level":0}