{"gold_per_floor":[110,124,124,299,23,23,23,43,43,43,43,63,81,92,92,191,191,211,223,223,236,100,100,118,128,128,139,154,154],"floor_reached":29,"playtime":3535,"items_purged":["Doubt"],"score":221,"play_id":"df8a4b30-5c03-497b-aee9-2edab4db4ddf","local_time":"20180815144755","is_ascension_mode":false,"campfire_choices":[{"floor":11,"key":"REST"},{"data":"Demon Form","floor":15,"key":"SMITH"},{"floor":23,"key":"REST"}],"neow_cost":"PERCENT_DAMAGE","seed_source_timestamp":2054559298193924,"circlet_count":0,"master_deck":["Strike_R+1","Strike_R+1","Strike_R+1","Strike_R+1","Defend_R+1","Defend_R+1","Defend_R+1","Bash","Demon Form+1","Iron Wave","Rage","Fire Breathing","Demon Form","Sword Boomerang","Whirlwind+1","Heavy Blade","Jack Of All Trades","Carnage","Heavy Blade","Clash","Anger+1","Headbutt+1"],"relics":["Burning Blood","Sling","Happy Flower","White Beast Statue","Molten Egg 2"],"potions_floor_usage":[13,16,18,19,21,21,24,25,28],"damage_taken":[{"damage":8,"enemies":"Jaw Worm","floor":1,"turns":4},{"damage":9,"enemies":"Small Slimes","floor":2,"turns":5},{"damage":0,"enemies":"Cultist","floor":8,"turns":3},{"damage":0,"enemies":"Looter","floor":12,"turns":4},{"damage":3,"enemies":"Exordium Wildlife","floor":13,"turns":4},{"damage":5,"enemies":"Blue Slaver","floor":14,"turns":4},{"damage":27,"enemies":"Slime Boss","floor":16,"turns":7},{"damage":30,"enemies":"3 Byrds","floor":18,"turns":5},{"damage":34,"enemies":"2 Thieves","floor":19,"turns":4},{"damage":12,"enemies":"Snake Plant","floor":21,"turns":5},{"damage":33,"enemies":"Cultist and Chosen","floor":24,"turns":9},{"damage":15,"enemies":"Snecko","floor":25,"turns":4},{"damage":17,"enemies":"Snake Plant","floor":27,"turns":5},{"damage":21,"enemies":"Chosen and Byrds","floor":28,"turns":5},{"damage":7,"enemies":"Snecko","floor":29,"turns":3}],"seed_played":"6979236850495705349","potions_obtained":[{"floor":1,"key":"Ancient Potion"},{"floor":2,"key":"Energy Potion"},{"floor":14,"key":"FearPotion"},{"floor":16,"key":"Block Potion"},{"floor":18,"key":"BloodPotion"},{"floor":19,"key":"Explosive Potion"},{"floor":21,"key":"Regen Potion"},{"floor":24,"key":"SkillPotion"},{"floor":25,"key":"Fire Potion"},{"floor":27,"key":"SpeedPotion"},{"floor":28,"key":"Fire Potion"}],"is_trial":false,"path_per_floor":["M","M","?","?","$","?","$","M","T","?","R","M","M","M","R","B",null,"M","M","?","M","$","R","M","M","T","M","M"],"character_chosen":"IRONCLAD","items_purchased":["Sling","Jack Of All Trades","Carnage"],"campfire_rested":2,"item_purchase_floors":[5,22,22],"current_hp_per_floor":[54,51,44,44,44,44,44,50,50,50,74,80,80,80,80,59,80,56,36,36,30,30,54,42,33,33,22,7,0],"gold":154,"neow_bonus":"THREE_RARE_CARDS","is_prod":false,"is_daily":false,"chose_seed":false,"campfire_upgraded":1,"win_rate":0,"timestamp":1534333675,"path_taken":["M","M","?","?","$","?","?","M","T","?","R","M","M","M","R","BOSS","M","M","?","M","$","R","M","M","T","M","M","M"],"build_version":"2018-08-09","purchased_purges":1,"victory":false,"max_hp_per_floor":[80,80,80,80,80,80,80,80,80,80,80,80,80,80,80,80,80,80,80,80,80,80,80,80,80,80,80,80,80],"card_choices":[{"not_picked":["Feed","Fiend Fire"],"picked":"Demon Form","floor":0},{"not_picked":["Reckless Charge","Clothesline","Warcry"],"picked":"SKIP","floor":1},{"not_picked":["Seeing Red","Flame Barrier"],"picked":"Iron Wave","floor":2},{"not_picked":["Seeing Red","Clothesline","Body Slam"],"picked":"SKIP","floor":8},{"not_picked":["Clothesline","Heavy Blade"],"picked":"Fire Breathing","floor":12},{"not_picked":["Shrug It Off","True Grit","Body Slam"],"picked":"SKIP","floor":13},{"not_picked":["Thunderclap","Clothesline","Wild Strike"],"picked":"SKIP","floor":14},{"not_picked":["Juggernaut","Double Tap"],"picked":"Demon Form","floor":16},{"not_picked":["Wild Strike","Body Slam+1"],"picked":"Sword Boomerang","floor":18},{"not_picked":["Combust","Anger"],"picked":"Whirlwind+1","floor":19},{"not_picked":["Sword Boomerang","Burning Pact"],"picked":"Heavy Blade","floor":21},{"not_picked":["Feel No Pain+1","Shockwave"],"picked":"Heavy Blade","floor":24},{"not_picked":["Sever Soul+1","Twin Strike+1"],"picked":"Clash","floor":25},{"not_picked":["Flame Barrier","Burning Pact+1"],"picked":"Anger+1","floor":27},{"not_picked":["Wild Strike+1","Impervious"],"picked":"Headbutt+1","floor":28}],"player_experience":657516,"relics_obtained":[{"floor":9,"key":"Happy Flower"},{"floor":26,"key":"Molten Egg 2"}],"event_choices":[{"event_name":"Golden Wing","player_choice":"Card Removal","floor":3,"damage_taken":0},{"event_name":"Liars Game","player_choice":"agreed","floor":4,"damage_taken":0},{"event_name":"Transmorgrifier","player_choice":"Transform","floor":6,"damage_taken":0},{"event_name":"Golden Idol","player_choice":"Ignored","floor":10,"damage_taken":0},{"event_name":"Back to Basics","player_choice":"Simplicity","floor":20,"damage_taken":0}],"is_beta":false,"boss_relics":[{"not_picked":["Pandora\u0027s Box","Black Blood"],"picked":"White Beast Statue"}],"items_purged_floors":[5],"is_endless":false,"potions_floor_spawned":[1,2,14,16,18,19,21,24,25,27,28],"killed_by":"Snecko","ascension_level":0}