{"gold_per_floor":[117,117,129,229,243,243,277,288,288,300,328,515,477,504,516,607,619,618,10,25,25,42,67,67,67,67,67,87,87,37,50,50,50],"floor_reached":33,"playtime":5027,"items_purged":[],"score":496,"play_id":"002034b1-82ba-412c-a0fc-435c5230dc60","local_time":"20180927201721","is_ascension_mode":true,"campfire_choices":[{"floor":6.0,"key":"REST"},{"floor":10.0,"key":"REST"},{"floor":15.0,"key":"REST"},{"floor":29,"key":"REST"},{"floor":32,"key":"REST"}],"neow_cost":"NONE","seed_source_timestamp":0,"circlet_count":0,"master_deck":["Strike_B","Strike_B","Strike_B","Strike_B","Defend_B","Defend_B","Defend_B","Defend_B","Zap","Dualcast","AscendersBane","Glacier","Loop","Darkness","Reboot","BootSequence","Coolheaded","Self Repair","Fission","Compile Driver","FTL","Hello World","Mayhem","Steam","Chaos","Defragment","White Noise","PanicButton","Conserve Battery","FTL"],"special_seed":0,"relics":["Cracked Core","Vajra","Blood Vial","MawBank","Velvet Choker","OrangePellets","Meat on the Bone","Centennial Puzzle"],"potions_floor_usage":[22,23,28],"damage_taken":[{"damage":7.0,"enemies":"Jaw Worm","floor":1.0,"turns":3.0},{"damage":0.0,"enemies":"2 Louse","floor":3.0,"turns":3.0},{"damage":5.0,"enemies":"Small Slimes","floor":5.0,"turns":5.0},{"damage":21.0,"enemies":"3 Sentries","floor":7.0,"turns":9.0},{"damage":25.0,"enemies":"Exordium Thugs","floor":8.0,"turns":5.0},{"damage":0.0,"enemies":"2 Fungi Beasts","floor":11.0,"turns":3.0},{"damage":0.0,"enemies":"Lots of Slimes","floor":14.0,"turns":4.0},{"damage":20.0,"enemies":"Slime Boss","floor":16.0,"turns":13.0},{"damage":10.0,"enemies":"2 Thieves","floor":18.0,"turns":4.0},{"damage":44,"enemies":"3 Byrds","floor":20,"turns":7},{"damage":7,"enemies":"Cultist and Chosen","floor":22,"turns":8},{"damage":0,"enemies":"Gremlin Leader","floor":23,"turns":12},{"damage":9,"enemies":"Centurion and Healer","floor":28,"turns":8},{"damage":32,"enemies":"3 Cultists","floor":31,"turns":7},{"damage":69,"enemies":"Automaton","floor":33,"turns":16}],"seed_played":"-6192027060183308609","potions_obtained":[{"floor":7.0,"key":"Swift Potion"},{"floor":11.0,"key":"SteroidPotion"},{"floor":16.0,"key":"SpeedPotion"},{"floor":20,"key":"Dexterity Potion"},{"floor":22,"key":"Poison Potion"},{"floor":23,"key":"Poison Potion"}],"is_trial":false,"path_per_floor":["M","?","M","?","M","R","E","M","T","R","M","?","?","M","R","B",null,"M","$","M","?","M","E","?","$","T","?","M","R","?","M","R"],"character_chosen":"DEFECT","items_purchased":["OrangePellets","FTL","Hello World","Mayhem","Ancient Potion","Steam"],"campfire_rested":5,"item_purchase_floors":[19,19,19,19,19,19],"current_hp_per_floor":[57,57,57,57,52,71,50,27,27,48,50,50,50,52,71,58,68,67,67,32,32,34,43,29,29,29,52,52,71,71,46,67,0],"gold":50,"neow_bonus":"RANDOM_COMMON_RELIC","is_prod":false,"is_daily":false,"chose_seed":false,"campfire_upgraded":0,"win_rate":0,"timestamp":1538068641,"path_taken":["M","?","M","?","?","R","E","M","T","R","M","?","?","M","R","BOSS","M","$","M","?","?","E","?","$","T","?","M","R","?","M","R","BOSS"],"build_version":"2018-09-20","purchased_purges":0,"victory":false,"max_hp_per_floor":[71,71,71,71,71,71,71,71,71,71,71,71,71,71,71,71,71,71,71,71,71,71,71,71,71,71,71,71,71,71,71,71,71],"card_choices":[{"not_picked":["Redo","Compile Driver"],"picked":"Glacier","floor":1.0},{"not_picked":["Darkness","Ball Lightning"],"picked":"Loop","floor":3.0},{"not_picked":["Reprogram","Barrage"],"picked":"Darkness","floor":5.0},{"not_picked":["Coolheaded","Conserve Battery"],"picked":"Reboot","floor":7.0},{"not_picked":["Stack","Skim"],"picked":"BootSequence","floor":8.0},{"not_picked":["Steam Power","Leap"],"picked":"Coolheaded","floor":11.0},{"not_picked":["Stack","Go for the Eyes"],"picked":"Self Repair","floor":14.0},{"not_picked":["All For One","Reboot"],"picked":"Fission","floor":16.0},{"not_picked":["Glacier","Scrape"],"picked":"Compile Driver","floor":18.0},{"not_picked":["Streamline+1","Stack"],"picked":"Chaos","floor":20},{"not_picked":["Ball Lightning","Go for the Eyes"],"picked":"Defragment","floor":22},{"not_picked":["Hello World","Hologram"],"picked":"White Noise","floor":23},{"not_picked":["Multi-Cast","Gash"],"picked":"Conserve Battery","floor":28},{"not_picked":["Beam Cell","Turbo"],"picked":"FTL","floor":31}],"player_experience":730497,"relics_obtained":[{"floor":7.0,"key":"Blood Vial"},{"floor":9.0,"key":"MawBank"},{"floor":23,"key":"Meat on the Bone"},{"floor":26,"key":"Centennial Puzzle"}],"event_choices":[{"event_name":"Scrap Ooze","player_choice":"unsuccessful","floor":2.0,"damage_taken":0.0},{"event_name":"Wheel of Change","player_choice":"Gold","floor":4.0,"damage_taken":0.0},{"event_name":"Liars Game","player_choice":"agreed","floor":12.0,"damage_taken":0.0},{"event_name":"The Cleric","player_choice":"Card Removal","floor":13.0,"damage_taken":0.0},{"event_name":"Purifier","player_choice":"Skipped","floor":21,"damage_taken":0},{"event_name":"Knowing Skull","player_choice":"CARD ","floor":24,"damage_taken":0},{"event_name":"The Library","player_choice":"Heal","floor":27,"damage_taken":0},{"event_name":"The Joust","player_choice":"Bet on Murderer","floor":30,"damage_taken":0}],"is_beta":false,"boss_relics":[{"not_picked":["Coffee Dripper","Astrolabe"],"picked":"Velvet Choker"}],"items_purged_floors":[],"is_endless":false,"potions_floor_spawned":[7,11,16,20,22,23],"killed_by":"Automaton","ascension_level":14}