{"gold_per_floor":[109,119,119,119,134,148,148,148,171,196,196,210,226,241,241,315,315,330,163,173,173,173],"floor_reached":22,"playtime":1692,"items_purged":[],"score":338,"play_id":"d0b44572-310a-4c11-bc1e-a0320948268c","local_time":"20181128214432","is_ascension_mode":true,"campfire_choices":[{"floor":7,"key":"REST"},{"floor":11,"key":"REST"},{"floor":15,"key":"REST"}],"neow_cost":"NONE","seed_source_timestamp":377527090414504,"circlet_count":0,"master_deck":["AscendersBane","Strike_B","Strike_B","Strike_B","Strike_B","Defend_B","Defend_B","Defend_B","Defend_B","Zap","Dualcast","Storm","Storm+1","Heatsinks","White Noise","Cold Snap","Coolheaded","Streamline","Electrodynamics","Doom and Gloom+1","Storm","Cold Snap"],"relics":["Cracked Core","Bag of Preparation","Strawberry","Black Star"],"potions_floor_usage":[6,6,10,13,20,22,22],"damage_taken":[{"damage":8,"enemies":"2 Louse","floor":1,"turns":2},{"damage":7,"enemies":"Small Slimes","floor":2,"turns":2},{"damage":0,"enemies":"Cultist","floor":5,"turns":3},{"damage":26,"enemies":"Gremlin Gang","floor":6,"turns":7},{"damage":10,"enemies":"Gremlin Nob","floor":10,"turns":3},{"damage":14,"enemies":"3 Louse","floor":12,"turns":4},{"damage":0,"enemies":"Exordium Thugs","floor":13,"turns":2},{"damage":16,"enemies":"Gremlin Gang","floor":14,"turns":6},{"damage":45,"enemies":"Hexaghost","floor":16,"turns":8},{"damage":31,"enemies":"Chosen","floor":18,"turns":5},{"damage":40,"enemies":"Shell Parasite","floor":20,"turns":7},{"damage":12,"enemies":"Sentry and Sphere","floor":22,"turns":2}],"seed_played":"-7700800351364519807","potions_obtained":[{"floor":1,"key":"Dexterity Potion"},{"floor":5,"key":"Block Potion"},{"floor":6,"key":"PowerPotion"},{"floor":12,"key":"AttackPotion"},{"floor":16,"key":"FocusPotion"},{"floor":20,"key":"Energy Potion"},{"floor":21,"key":"Explosive Potion"}],"is_trial":false,"path_per_floor":["M","M","?","?","M","M","R","$","T","E","R","M","M","M","R","B",null,"M","$","M","?","M"],"character_chosen":"DEFECT","items_purchased":["Regen Potion","Storm"],"campfire_rested":3,"item_purchase_floors":[19,19],"current_hp_per_floor":[56,49,49,49,49,23,44,44,44,41,64,50,50,34,57,12,62,31,31,6,6,0],"gold":173,"neow_bonus":"RANDOM_COMMON_RELIC","is_prod":false,"is_daily":false,"chose_seed":false,"campfire_upgraded":0,"win_rate":0,"timestamp":1543434272,"path_taken":["M","M","?","?","?","M","R","$","T","E","R","M","M","M","R","BOSS","M","$","?","?","M"],"build_version":"2018-11-15","purchased_purges":0,"victory":false,"max_hp_per_floor":[71,71,71,71,71,71,71,71,71,78,78,78,78,78,78,78,78,78,78,78,78,78],"card_choices":[{"not_picked":["Cold Snap","Loop"],"picked":"Storm","floor":1},{"not_picked":["Blizzard","Cold Snap"],"picked":"Storm","floor":2},{"not_picked":["Turbo","Double Energy","Compile Driver"],"picked":"SKIP","floor":5},{"not_picked":["Stack","Hologram"],"picked":"Heatsinks","floor":6},{"not_picked":["Hologram","Lockon"],"picked":"White Noise","floor":10},{"not_picked":["Fusion","Redo"],"picked":"Cold Snap","floor":12},{"not_picked":["Hologram","Leap"],"picked":"Coolheaded","floor":13},{"not_picked":["Aggregate","Reinforced Body"],"picked":"Streamline","floor":14},{"not_picked":["All For One","Biased Cognition"],"picked":"Electrodynamics","floor":16},{"not_picked":["Conserve Battery","Fusion"],"picked":"Doom and Gloom+1","floor":18},{"not_picked":["Beam Cell","Streamline"],"picked":"Cold Snap","floor":20}],"player_experience":806246,"relics_obtained":[{"floor":10,"key":"Strawberry"}],"event_choices":[{"damage_healed":0,"gold_gain":0,"player_choice":"Fled","damage_taken":0,"max_hp_gain":0,"max_hp_loss":0,"event_name":"Scrap Ooze","floor":3,"gold_loss":0},{"damage_healed":0,"gold_gain":0,"player_choice":"Upgraded","damage_taken":0,"max_hp_gain":0,"max_hp_loss":0,"event_name":"Upgrade Shrine","floor":4,"gold_loss":0,"cards_upgraded":["Storm"]},{"damage_healed":0,"gold_gain":0,"player_choice":"Got Potions","damage_taken":0,"max_hp_gain":0,"max_hp_loss":0,"event_name":"Lab","floor":21,"gold_loss":0}],"is_beta":false,"boss_relics":[{"not_picked":["Philosopher\u0027s Stone","Coffee Dripper"],"picked":"Black Star"}],"items_purged_floors":[],"is_endless":false,"potions_floor_spawned":[1,5,6,12,16,20],"killed_by":"Sentry and Sphere","ascension_level":16}