{"gold_per_floor":[214,231,231,250,250,48,48,63,63,74,89,102,121,180,180,276,276,264,279,279],"floor_reached":20,"playtime":715,"items_purged":["Strike_B"],"score":196,"play_id":"cf95c0ab-e78f-47d8-8475-cbbb9e796d44","local_time":"20190417022922","is_ascension_mode":true,"campfire_choices":[{"data":"Dualcast","floor":7,"key":"SMITH"},{"floor":15,"key":"REST"}],"neow_cost":"NONE","seed_source_timestamp":457877958344861,"circlet_count":0,"master_deck":["Strike_B","Strike_B","Strike_B","Defend_B","Defend_B","Defend_B","Defend_B+1","Zap+1","Dualcast+1","Coolheaded","Coolheaded","FTL","Conserve Battery","Loop","Ball Lightning","Cold Snap","Conserve Battery","Cold Snap","Amplify","Steam","Seek","Glacier","Blizzard","Glacier","Fusion","Coolheaded","Beam Cell","Defragment"],"relics":["Cracked Core","Blue Candle","Symbiotic Virus","Orrery"],"potions_floor_usage":[16,16,20,20],"damage_taken":[{"damage":6,"enemies":"Jaw Worm","floor":1,"turns":5},{"damage":6,"enemies":"Small Slimes","floor":2,"turns":3},{"damage":7,"enemies":"2 Louse","floor":4,"turns":3},{"damage":1,"enemies":"Blue Slaver","floor":8,"turns":4},{"damage":0,"enemies":"Looter","floor":10,"turns":4},{"damage":4,"enemies":"2 Fungi Beasts","floor":11,"turns":4},{"damage":12,"enemies":"Exordium Wildlife","floor":12,"turns":5},{"damage":6,"enemies":"Looter","floor":13,"turns":3},{"damage":30,"enemies":"Gremlin Nob","floor":14,"turns":5},{"damage":32,"enemies":"The Guardian","floor":16,"turns":11},{"damage":12,"enemies":"2 Thieves","floor":18,"turns":4},{"damage":6,"enemies":"Chosen","floor":19,"turns":5},{"damage":61,"enemies":"Masked Bandits","floor":20,"turns":6}],"seed_played":"-3776790069777034853","potions_obtained":[{"floor":1,"key":"Strength Potion"},{"floor":10,"key":"SpeedPotion"},{"floor":11,"key":"Fire Potion"},{"floor":16,"key":"AttackPotion"},{"floor":18,"key":"SkillPotion"}],"is_trial":false,"path_per_floor":["M","M","?","M","?","$","R","M","T","M","M","M","M","?","R","B",null,"M","M","?"],"character_chosen":"DEFECT","items_purchased":["Conserve Battery","Loop"],"campfire_rested":1,"item_purchase_floors":[6,6],"current_hp_per_floor":[69,63,48,41,66,66,66,65,65,65,61,49,43,13,35,3,75,63,57,0],"gold":279,"neow_bonus":"HUNDRED_GOLD","is_prod":false,"is_daily":false,"chose_seed":false,"campfire_upgraded":1,"win_rate":0,"timestamp":1555486162,"path_taken":["M","M","?","M","?","$","R","M","T","M","M","?","M","?","R","BOSS","M","M","?"],"build_version":"2019-01-23","purchased_purges":1,"victory":false,"max_hp_per_floor":[75,75,75,75,75,75,75,75,75,75,75,75,75,75,75,75,75,75,75,75],"card_choices":[{"not_picked":["Ball Lightning","Conserve Battery"],"picked":"Coolheaded","floor":1},{"not_picked":["Leap","Rip and Tear"],"picked":"Coolheaded","floor":2},{"not_picked":["Consume","Hologram"],"picked":"FTL","floor":4},{"not_picked":["Rebound","Gash"],"picked":"Ball Lightning","floor":8},{"not_picked":["Stack","Leap"],"picked":"Cold Snap","floor":10},{"not_picked":["Reboot","Cold Snap"],"picked":"Conserve Battery","floor":11},{"not_picked":["Turbo","Force Field"],"picked":"Cold Snap","floor":12},{"not_picked":["Scrape","Rebound"],"picked":"Amplify","floor":13},{"not_picked":["Compile Driver","Hologram"],"picked":"Steam","floor":14},{"not_picked":["Rainbow","All For One"],"picked":"Seek","floor":16},{"not_picked":["Stack","Barrage"],"picked":"Glacier","floor":17},{"not_picked":["Hologram","Sweeping Beam"],"picked":"Blizzard","floor":17},{"not_picked":["Ball Lightning","Sweeping Beam"],"picked":"Glacier","floor":17},{"not_picked":["Redo","Stack"],"picked":"Fusion","floor":17},{"not_picked":["Leap","Steam"],"picked":"Coolheaded","floor":17},{"not_picked":["Darkness","Sweeping Beam"],"picked":"Beam Cell","floor":18},{"not_picked":["Cold Snap","Doom and Gloom+1"],"picked":"Defragment","floor":19}],"player_experience":199144,"relics_obtained":[{"floor":9,"key":"Blue Candle"},{"floor":14,"key":"Symbiotic Virus"}],"event_choices":[{"damage_healed":0,"gold_gain":0,"player_choice":"Entered Light","damage_taken":15,"max_hp_gain":0,"max_hp_loss":0,"event_name":"Shining Light","floor":3,"gold_loss":0,"cards_upgraded":["Defend_B","Zap"]},{"damage_healed":25,"gold_gain":0,"player_choice":"Banana","damage_taken":0,"max_hp_gain":0,"max_hp_loss":0,"event_name":"Big Fish","floor":5,"gold_loss":0},{"damage_healed":0,"gold_gain":0,"player_choice":"Searched \u00271\u0027 times","damage_taken":0,"max_hp_gain":0,"max_hp_loss":0,"event_name":"Dead Adventurer","floor":14,"gold_loss":0},{"damage_healed":0,"gold_gain":0,"player_choice":"Fought Bandits","damage_taken":0,"max_hp_gain":0,"max_hp_loss":0,"event_name":"Masked Bandits","floor":20,"gold_loss":0}],"is_beta":false,"boss_relics":[{"not_picked":["Cursed Key","Black Star"],"picked":"Orrery"}],"items_purged_floors":[6],"is_endless":false,"potions_floor_spawned":[1,10,11,12,14,16,18],"killed_by":"Masked Bandits","ascension_level":3}