{"gold_per_floor":[118,138,138,148,26,51,51,51,51,84,104,134,134,154,154,255,255,266,123,139,139,139,139,172,172,172,172,172,190,222,255,255,354,354,367,382,82,100,20,20,20,53,53,70,70,90,123,143,143,143],"floor_reached":51,"playtime":3758,"items_purged":["Defend_B","Strike_B"],"score":1136,"play_id":"bca15291-8476-4038-b885-d28b599bbb17","local_time":"20180920212228","is_ascension_mode":true,"campfire_choices":[{"data":"Defragment","floor":7,"key":"SMITH"},{"data":"Hologram","floor":8,"key":"SMITH"},{"floor":13,"key":"REST"},{"data":"Zap","floor":15,"key":"SMITH"},{"data":"Defragment","floor":23,"key":"SMITH"},{"data":"Coolheaded","floor":27,"key":"SMITH"},{"floor":28,"key":"REST"},{"floor":32,"key":"REST"},{"data":"Capacitor","floor":40,"key":"SMITH"},{"data":"Seek","floor":45,"key":"SMITH"},{"data":"Loop","floor":49,"key":"SMITH"}],"neow_cost":"PERCENT_DAMAGE","seed_source_timestamp":276360923930589,"circlet_count":0,"master_deck":["Strike_B","Strike_B","Strike_B","Defend_B","Defend_B","Defend_B","Zap+1","Dualcast","AscendersBane","Ball Lightning","Hologram+1","Genetic Algorithm","Auto Shields","Compile Driver","Genetic Algorithm","Defragment+1","Coolheaded+1","Ball Lightning","Chill","Glacier","Glacier","Loop+1","Seek+1","Loop+1","Self Repair","Defragment+1","Sunder+1","Storm+1","Fission+1","Compile Driver+1","Capacitor+1","Rainbow+1"],"special_seed":0,"relics":["Cracked Core","Prayer Wheel","WingedGreaves","Cables","Dream Catcher","Juzu Bracelet","Busted Crown","Potion Belt","Toxic Egg 2","Matryoshka","The Courier","Nuclear Battery","Sling","Strawberry","Ancient Tea Set","Pantograph","Art of War"],"potions_floor_usage":[6,12,16,30,31,31,33,42,46,46,46,50,50,50,50],"damage_taken":[{"damage":7,"enemies":"Jaw Worm","floor":1,"turns":3},{"damage":6,"enemies":"2 Louse","floor":2,"turns":3},{"damage":1,"enemies":"Cultist","floor":4,"turns":3},{"damage":26,"enemies":"3 Sentries","floor":6,"turns":8},{"damage":20,"enemies":"Lagavulin","floor":10,"turns":6},{"damage":3,"enemies":"Gremlin Gang","floor":11,"turns":4},{"damage":11,"enemies":"Gremlin Nob","floor":12,"turns":4},{"damage":0,"enemies":"Large Slime","floor":14,"turns":4},{"damage":5,"enemies":"Slime Boss","floor":16,"turns":7},{"damage":2,"enemies":"Shell Parasite","floor":18,"turns":5},{"damage":0,"enemies":"2 Thieves","floor":20,"turns":5},{"damage":38,"enemies":"Gremlin Leader","floor":24,"turns":6},{"damage":0,"enemies":"3 Cultists","floor":29,"turns":8},{"damage":29,"enemies":"Slavers","floor":30,"turns":6},{"damage":2,"enemies":"Gremlin Leader","floor":31,"turns":5},{"damage":22,"enemies":"Automaton","floor":33,"turns":11},{"damage":0,"enemies":"3 Shapes","floor":35,"turns":5},{"damage":0,"enemies":"Orb Walker","floor":36,"turns":3},{"damage":0,"enemies":"Maw","floor":38,"turns":5},{"damage":30,"enemies":"Giant Head","floor":42,"turns":8},{"damage":5,"enemies":"Spire Growth","floor":44,"turns":4},{"damage":8,"enemies":"Reptomancer","floor":46,"turns":3},{"damage":4,"enemies":"2 Orb Walkers","floor":47,"turns":4},{"damage":0,"enemies":"Sphere and 2 Shapes","floor":48,"turns":3},{"damage":19,"enemies":"Donu and Deca","floor":50,"turns":7}],"seed_played":"-8487834539227350462","potions_obtained":[{"floor":1,"key":"Block Potion"},{"floor":10,"key":"SpeedPotion"},{"floor":12,"key":"EssenceOfSteel"},{"floor":14,"key":"Explosive Potion"},{"floor":16,"key":"Strength Potion"},{"floor":29,"key":"SkillPotion"},{"floor":30,"key":"FocusPotion"},{"floor":33,"key":"Explosive Potion"},{"floor":36,"key":"EssenceOfSteel"},{"floor":47,"key":"Ancient Potion"}],"is_trial":false,"path_per_floor":["M","M","?","M","$","E","R","R","T","E","M","E","R","M","R","B",null,"M","$","M","?","?","R","E","$","T","R","R","M","E","E","R","B",null,"M","M","$","M","$","R","$","E","T","M","R","M","E","M","R","B"],"character_chosen":"DEFECT","items_purchased":["Defragment","Coolheaded","Self Repair","Capacitor","Sling","EntropicBrew"],"campfire_rested":3,"item_purchase_floors":[5,5,19,37,37,39],"current_hp_per_floor":[43,37,62,61,61,35,35,35,35,15,12,1,23,23,23,18,61,59,59,66,66,52,52,21,21,21,21,45,52,30,35,59,44,71,78,78,78,80,80,80,80,64,64,66,66,65,68,75,75,75],"gold":143,"neow_bonus":"ONE_RARE_RELIC","is_prod":false,"is_daily":false,"chose_seed":false,"campfire_upgraded":8,"win_rate":0,"timestamp":1537449748,"path_taken":["M","M","?","?","$","E","R","R","T","E","M","E","R","M","R","BOSS","M","$","M","?","?","R","E","?","T","R","R","M","E","E","R","BOSS","M","M","$","M","?","R","$","E","T","M","R","M","E","M","R","BOSS"],"build_version":"2018-09-19","purchased_purges":2,"victory":true,"max_hp_per_floor":[75,75,75,75,75,75,75,75,75,75,75,75,75,75,75,75,75,75,75,75,75,80,80,80,80,80,80,80,80,80,80,80,80,80,80,80,80,80,80,80,80,87,87,87,87,87,87,87,87,87],"card_choices":[{"not_picked":["Cold Snap","Skim"],"picked":"Ball Lightning","floor":1},{"not_picked":["Rip and Tear","Hello World"],"picked":"Hologram","floor":1},{"not_picked":["Double Energy","Coolheaded"],"picked":"Genetic Algorithm","floor":2},{"not_picked":["Sunder","Steam Power"],"picked":"Auto Shields","floor":2},{"not_picked":["Barrage","Conserve Battery"],"picked":"Compile Driver","floor":4},{"not_picked":["Conserve Battery","Streamline"],"picked":"Genetic Algorithm","floor":4},{"not_picked":["Cold Snap","Rebound"],"picked":"Ball Lightning","floor":6},{"not_picked":["Undo","Rebound"],"picked":"Chill","floor":10},{"not_picked":["Defragment","Leap"],"picked":"Glacier","floor":11},{"not_picked":["Force Field","Reboot","Double Energy"],"picked":"SKIP","floor":11},{"not_picked":["Melter","Coolheaded"],"picked":"Glacier","floor":12},{"not_picked":["Compile Driver","Auto Shields"],"picked":"Loop","floor":14},{"not_picked":["Turbo","Streamline","Auto Shields"],"picked":"SKIP","floor":14},{"not_picked":["Meteor Strike","Reboot"],"picked":"Seek","floor":16},{"not_picked":[],"picked":"Loop+1","floor":18},{"not_picked":["Heatsinks"],"picked":"SKIP","floor":18},{"not_picked":["Stack"],"picked":"SKIP","floor":20},{"not_picked":["Sweeping Beam+1"],"picked":"SKIP","floor":20},{"not_picked":["Meteor Strike"],"picked":"SKIP","floor":24},{"not_picked":[],"picked":"Sunder+1","floor":29},{"not_picked":[],"picked":"Storm+1","floor":29},{"not_picked":["Scrape"],"picked":"SKIP","floor":30},{"not_picked":["Turbo+1"],"picked":"SKIP","floor":31},{"not_picked":[],"picked":"Fission+1","floor":33},{"not_picked":[],"picked":"Compile Driver+1","floor":35},{"not_picked":["Rebound+1"],"picked":"SKIP","floor":35},{"not_picked":["Barrage+1"],"picked":"SKIP","floor":36},{"not_picked":["Rebound+1"],"picked":"SKIP","floor":36},{"not_picked":["Stack+1"],"picked":"SKIP","floor":38},{"not_picked":["Rainbow+1"],"picked":"SKIP","floor":38},{"not_picked":[],"picked":"Rainbow+1","floor":38},{"not_picked":["Stack+1"],"picked":"SKIP","floor":38},{"not_picked":["Reprogram+1"],"picked":"SKIP","floor":42},{"not_picked":["Melter+1"],"picked":"SKIP","floor":44},{"not_picked":["Gash"],"picked":"SKIP","floor":44},{"not_picked":["Ball Lightning"],"picked":"SKIP","floor":46},{"not_picked":["Rebound"],"picked":"SKIP","floor":46},{"not_picked":["Thunder Strike"],"picked":"SKIP","floor":47},{"not_picked":["Steam+1"],"picked":"SKIP","floor":48},{"not_picked":["Recycle+1"],"picked":"SKIP","floor":48}],"player_experience":480402,"relics_obtained":[{"floor":6,"key":"WingedGreaves"},{"floor":9,"key":"Cables"},{"floor":10,"key":"Dream Catcher"},{"floor":12,"key":"Juzu Bracelet"},{"floor":24,"key":"Potion Belt"},{"floor":26,"key":"Toxic Egg 2"},{"floor":30,"key":"Matryoshka"},{"floor":31,"key":"The Courier"},{"floor":42,"key":"Strawberry"},{"floor":43,"key":"Ancient Tea Set"},{"floor":43,"key":"Pantograph"},{"floor":47,"key":"Art of War"}],"event_choices":[{"event_name":"Big Fish","player_choice":"Banana","floor":3,"damage_taken":0},{"event_name":"The Library","player_choice":"Read","floor":21,"damage_taken":0},{"event_name":"Forgotten Altar","player_choice":"Shed Blood","floor":22,"damage_taken":0}],"is_beta":true,"boss_relics":[{"not_picked":["Velvet Choker","Empty Cage"],"picked":"Busted Crown"},{"not_picked":["Cursed Key","Philosopher\u0027s Stone"],"picked":"Nuclear Battery"}],"items_purged_floors":[19,37],"is_endless":false,"potions_floor_spawned":[1,10,12,14,16,18,29,30,33,36,47],"ascension_level":11}