{"gold_per_floor":[115,125,125,42,59,59,70,96,96,111,111,129,129,54,54,131,131,106,106,31,31],"floor_reached":21,"playtime":655,"items_purged":[],"score":358,"play_id":"ccf1648c-1601-49f2-88e2-7e6a9085e9d1","local_time":"20190321185222","is_ascension_mode":true,"campfire_choices":[{"data":"Defragment","floor":6,"key":"SMITH"},{"floor":11,"key":"REST"},{"data":"Loop","floor":13,"key":"SMITH"},{"data":"Barrage","floor":15,"key":"SMITH"}],"neow_cost":"NONE","seed_source_timestamp":173437688377500,"circlet_count":0,"master_deck":["AscendersBane","Strike_B","Defend_B+1","Zap","Dualcast","Coolheaded+1","Streamline+1","Defragment+1","Coolheaded","Barrage+1","Loop+1","Seek","Glacier","All For One","Redo"],"relics":["Cracked Core","NeowsBlessing","War Paint","Pen Nib","Empty Cage"],"potions_floor_usage":[8,12,18],"damage_taken":[{"damage":0,"enemies":"2 Louse","floor":1,"turns":1},{"damage":0,"enemies":"Cultist","floor":2,"turns":1},{"damage":0,"enemies":"Jaw Worm","floor":5,"turns":1},{"damage":7,"enemies":"Looter","floor":7,"turns":4},{"damage":31,"enemies":"Gremlin Nob","floor":8,"turns":4},{"damage":16,"enemies":"Exordium Thugs","floor":10,"turns":6},{"damage":10,"enemies":"Lots of Slimes","floor":12,"turns":5},{"damage":3,"enemies":"Hexaghost","floor":16,"turns":14},{"damage":19,"enemies":"2 Thieves","floor":18,"turns":4},{"damage":11,"enemies":"3 Byrds","floor":21,"turns":3}],"seed_played":"-7652772120170002657","potions_obtained":[{"floor":5,"key":"Strength Potion"},{"floor":10,"key":"SkillPotion"},{"floor":16,"key":"SteroidPotion"},{"floor":18,"key":"GamblersBrew"}],"is_trial":false,"path_per_floor":["M","M","?","$","M","R","M","E","T","M","R","M","R","?","R","B",null,"M","?","?","M"],"character_chosen":"DEFECT","items_purchased":["Defragment"],"campfire_rested":1,"item_purchase_floors":[4],"current_hp_per_floor":[64,64,64,64,64,64,57,26,26,10,31,21,21,21,21,18,58,39,39,39,28],"gold":31,"neow_bonus":"THREE_ENEMY_KILL","is_prod":false,"is_daily":false,"chose_seed":false,"campfire_upgraded":3,"win_rate":0,"timestamp":1553161942,"path_taken":["M","M","?","?","M","R","M","E","T","M","R","M","R","?","R","BOSS","M","?","?","M"],"build_version":"2019-01-23","purchased_purges":0,"victory":false,"max_hp_per_floor":[71,71,71,71,71,71,71,71,71,71,71,71,71,71,71,71,71,71,71,71,71],"card_choices":[{"not_picked":["Sweeping Beam","Storm"],"picked":"Coolheaded","floor":1},{"not_picked":["Conserve Battery","Static Discharge"],"picked":"Streamline","floor":2},{"not_picked":["Compile Driver","Stack"],"picked":"Coolheaded","floor":5},{"not_picked":["Rebound","Coolheaded"],"picked":"Barrage","floor":7},{"not_picked":["Scrape","Reinforced Body","Barrage"],"picked":"SKIP","floor":8},{"not_picked":["Barrage","Fusion"],"picked":"Loop","floor":10},{"not_picked":["Streamline","Sweeping Beam","Turbo"],"picked":"SKIP","floor":12},{"not_picked":["All For One","Fission"],"picked":"Seek","floor":16},{"not_picked":["Rebound","Stack"],"picked":"Glacier","floor":18}],"player_experience":2445736,"relics_obtained":[{"floor":8,"key":"War Paint"},{"floor":9,"key":"Pen Nib"}],"event_choices":[{"damage_healed":0,"gold_gain":0,"player_choice":"Upgraded","damage_taken":0,"max_hp_gain":0,"max_hp_loss":0,"event_name":"Upgrade Shrine","floor":3,"gold_loss":0,"cards_upgraded":["Streamline"]},{"cards_removed":["Strike_B"],"damage_healed":0,"gold_gain":0,"player_choice":"Card Removal","damage_taken":0,"max_hp_gain":0,"max_hp_loss":0,"event_name":"The Cleric","floor":14,"gold_loss":75},{"cards_removed":["Defend_B"],"damage_healed":0,"gold_gain":0,"player_choice":"Elegance","damage_taken":0,"max_hp_gain":0,"max_hp_loss":0,"event_name":"Back to Basics","floor":19,"gold_loss":0},{"damage_healed":0,"gold_gain":0,"cards_transformed":["Strike_B","Defend_B"],"player_choice":"Transformed Cards","damage_taken":0,"max_hp_gain":0,"max_hp_loss":0,"event_name":"Designer","floor":20,"gold_loss":75,"cards_obtained":["All For One","Redo"]}],"is_beta":false,"boss_relics":[{"not_picked":["Coffee Dripper","Black Star"],"picked":"Empty Cage"}],"items_purged_floors":[],"is_endless":false,"potions_floor_spawned":[5,10,16,18],"killed_by":"3 Byrds","ascension_level":20}