{"path_per_floor":["M","?","T","?","?","$","R","E","T","E","M","M","?","$","R","B",null,"M","?","?","$","T","R","M","R","T","M","R","M"],"character_chosen":"DEFECT","items_purchased":["DataDisk","Chaos","Rip and Tear"],"gold_per_floor":[117,117,117,117,117,117,117,148,201,245,264,280,245,61,61,185,185,203,203,203,56,56,56,71,71,71,89,89,114,114],"floor_reached":30,"campfire_rested":0,"playtime":1234,"current_hp_per_floor":[64,69,69,49,49,49,49,21,21,8,15,22,42,42,42,27,67,22,22,22,22,22,22,32,32,32,34,34,38,0],"items_purged":["Injury"],"gold":114,"score":304,"play_id":"498e465d-69ab-4922-a4ca-3e965f9cb4b1","local_time":"20180514190801","is_prod":false,"is_daily":false,"chose_seed":false,"is_ascension_mode":true,"campfire_upgraded":5,"timestamp":1526296081,"path_taken":["M","?","?","?","?","$","R","E","T","E","M","M","?","?","R","BOSS","M","?","?","$","?","R","M","R","T","M","R","M","E"],"build_version":"2018-05-12v2","seed_source_timestamp":268796697654555,"purchased_purges":1,"victory":false,"master_deck":["Strike_B","Strike_B","Strike_B","Strike_B","Defend_B","Defend_B","Defend_B","Defend_B","Zap+1","Dualcast+1","Self Repair+1","Go for the Eyes+1","Seek","Streamline+1","Chaos+1","Reinforced Body","Rip and Tear","Auto Shields"],"max_hp_per_floor":[75,80,80,80,80,80,80,80,80,80,80,80,80,80,80,80,80,80,80,80,80,80,80,80,80,80,80,80,80,80],"relics":["Cracked Core","Shuriken","Golden Idol","Regal Pillow","Bag of Preparation","Juzu Bracelet","DataDisk","Nuclear Battery","Pantograph","Toolbox"],"card_choices":[{"not_picked":["Rebound","Axe Kick"],"picked":"Self Repair","floor":1},{"not_picked":["Recycle","Reprogram"],"picked":"Go for the Eyes","floor":8},{"not_picked":["Biased Cognition","Steam"],"picked":"Seek","floor":10},{"not_picked":["Go for the Eyes","Skim"],"picked":"Streamline","floor":11},{"not_picked":["Steam Power","Stack","Storm"],"picked":"SKIP","floor":12},{"not_picked":["Rebound+1","Hologram"],"picked":"Reinforced Body","floor":18},{"not_picked":["Force Field","Undo"],"picked":"Auto Shields","floor":24},{"not_picked":["Axe Kick+1","Auto Shields+1","Reprogram"],"picked":"SKIP","floor":27},{"not_picked":["Sunder","Coolheaded","Rebound"],"picked":"SKIP","floor":29}],"player_experience":375759,"potions_floor_usage":[8,16],"damage_taken":[{"damage":4,"enemies":"Jaw Worm","floor":1,"turns":3},{"damage":35,"enemies":"Gremlin Nob","floor":8,"turns":4},{"damage":20,"enemies":"Lagavulin","floor":10,"turns":7},{"damage":0,"enemies":"Small Slimes","floor":11,"turns":3},{"damage":0,"enemies":"2 Louse","floor":12,"turns":2},{"damage":22,"enemies":"Hexaghost","floor":16,"turns":8},{"damage":52,"enemies":"3 Byrds","floor":18,"turns":5},{"damage":0,"enemies":"Chosen","floor":24,"turns":4},{"damage":8,"enemies":"Snake Plant","floor":27,"turns":5},{"damage":6,"enemies":"Centurion and Healer","floor":29,"turns":7},{"damage":44,"enemies":"Slavers","floor":30,"turns":5}],"event_choices":[{"event_name":"Big Fish","player_choice":"Donut","floor":2,"damage_taken":0},{"event_name":"Golden Idol","player_choice":"Take Damage","floor":4,"damage_taken":0},{"event_name":"The Woman in Blue","player_choice":"Bought 0 Potions","floor":5,"damage_taken":0},{"event_name":"The Cleric","player_choice":"Healed","floor":13,"damage_taken":0},{"event_name":"Accursed Blacksmith","player_choice":"Forge","floor":19,"damage_taken":0},{"event_name":"Cursed Tome","player_choice":"Ignored","floor":20,"damage_taken":0}],"boss_relics":[{"not_picked":["Black Star","Eternal Feather"],"picked":"Nuclear Battery"}],"potions_floor_spawned":[1,12,18],"seed_played":"508990560355835161","killed_by":"Slavers","ascension_level":6,"is_trial":false}