{"gold_per_floor":[118,118,118,43,43,70,70,70,70,105,105,118,43,43,43,116,116,89,89,89,89],"floor_reached":21,"playtime":419,"items_purged":["Strike_R"],"score":362,"play_id":"7f53a62d-b69f-499d-8418-3fe0d263f237","local_time":"20190316153044","is_ascension_mode":true,"campfire_choices":[{"floor":8,"key":"REST"},{"data":"Searing Blow","floor":11,"key":"SMITH"},{"data":"Evolve","floor":15,"key":"SMITH"}],"neow_cost":"TEN_PERCENT_HP_LOSS","seed_source_timestamp":192250617529900,"circlet_count":0,"master_deck":["AscendersBane","Defend_R","Defend_R","Defend_R","Bash","Searing Blow+1","Inflame+1","Armaments+1","Evolve+1","Body Slam+1"],"relics":["Burning Blood","Shuriken","Molten Egg 2","Blood Vial","White Beast Statue"],"potions_floor_usage":[16],"damage_taken":[{"damage":6,"enemies":"2 Louse","floor":1,"turns":3},{"damage":34,"enemies":"Gremlin Nob","floor":6,"turns":4},{"damage":32,"enemies":"Lagavulin","floor":10,"turns":8},{"damage":4,"enemies":"Jaw Worm","floor":12,"turns":3},{"damage":15,"enemies":"Hexaghost","floor":16,"turns":7},{"damage":21,"enemies":"2 Thieves","floor":18,"turns":4},{"damage":7,"enemies":"Chosen","floor":21,"turns":3}],"seed_played":"-6568487364527547196","potions_obtained":[{"floor":10,"key":"GamblersBrew"},{"floor":12,"key":"PowerPotion"},{"floor":18,"key":"Explosive Potion"}],"is_trial":false,"path_per_floor":["M","?","$","?","?","E","?","R","T","E","R","M","$","?","R","B",null,"M","$","?","M"],"character_chosen":"IRONCLAD","items_purchased":[],"campfire_rested":1,"item_purchase_floors":[],"current_hp_per_floor":[68,48,48,48,48,20,20,40,40,14,14,18,18,18,18,11,54,41,41,31,26],"gold":89,"neow_bonus":"TRANSFORM_TWO_CARDS","is_prod":false,"is_daily":false,"chose_seed":false,"campfire_upgraded":2,"win_rate":0,"timestamp":1552717844,"path_taken":["M","?","$","?","?","E","?","R","T","E","R","M","$","?","R","BOSS","M","$","?","M"],"build_version":"2019-01-23","purchased_purges":1,"victory":false,"max_hp_per_floor":[68,68,68,68,68,68,68,68,68,68,68,68,68,68,68,68,68,68,68,68,68],"card_choices":[{"not_picked":["Body Slam","Heavy Blade"],"picked":"Armaments","floor":1},{"not_picked":["Sword Boomerang","Infernal Blade"],"picked":"Evolve","floor":6},{"not_picked":["Cleave+1","Body Slam+1","Uppercut+1"],"picked":"SKIP","floor":10},{"not_picked":["Bludgeon+1","Perfected Strike+1"],"picked":"Body Slam+1","floor":12},{"not_picked":["Spot Weakness+1","Uppercut+1","Perfected Strike+1"],"picked":"SKIP","floor":18}],"player_experience":2308156,"relics_obtained":[{"floor":6,"key":"Shuriken"},{"floor":9,"key":"Molten Egg 2"},{"floor":10,"key":"Blood Vial"}],"event_choices":[{"damage_healed":0,"gold_gain":0,"player_choice":"Entered Light","damage_taken":20,"max_hp_gain":0,"max_hp_loss":0,"event_name":"Shining Light","floor":2,"gold_loss":0,"cards_upgraded":["Inflame","Armaments"]},{"cards_removed":["Strike_R"],"damage_healed":0,"gold_gain":0,"player_choice":"Card Removal","damage_taken":0,"max_hp_gain":0,"max_hp_loss":0,"event_name":"The Cleric","floor":4,"gold_loss":75},{"cards_removed":["Strike_R"],"damage_healed":0,"gold_gain":0,"player_choice":"Forget","damage_taken":0,"max_hp_gain":0,"max_hp_loss":0,"event_name":"Living Wall","floor":5,"gold_loss":0},{"damage_healed":0,"gold_gain":0,"player_choice":"Ignored","damage_taken":0,"max_hp_gain":0,"max_hp_loss":0,"event_name":"Liars Game","floor":7,"gold_loss":0},{"cards_removed":["Defend_R"],"damage_healed":0,"gold_gain":0,"player_choice":"Purged","damage_taken":0,"max_hp_gain":0,"max_hp_loss":0,"event_name":"Purifier","floor":14,"gold_loss":0},{"damage_healed":0,"gold_gain":0,"player_choice":"Damaged","damage_taken":10,"max_hp_gain":0,"max_hp_loss":0,"event_name":"Wheel of Change","floor":20,"gold_loss":0}],"is_beta":false,"boss_relics":[{"not_picked":["Eternal Feather","Black Star"],"picked":"White Beast Statue"}],"items_purged_floors":[13],"is_endless":false,"potions_floor_spawned":[10,12,18],"killed_by":"Chosen","ascension_level":20}