{"path_per_floor":["M","M","?","M","$","E","R","?","T","M","$","R","M","?","R","B",null,"M","$","M","M","M","E","M","R","T","M","R","$","M","M","R"],"character_chosen":"THE_SILENT","items_purchased":["Finisher","Flying Knee","Deadly Poison","Flash of Steel","Backflip"],"gold_per_floor":[119,132,132,148,1,32,32,32,57,73,50,50,62,62,62,165,165,152,26,38,53,72,98,117,117,140,158,158,13,29,49,49],"floor_reached":33,"campfire_rested":2,"playtime":3316,"current_hp_per_floor":[70,64,64,64,64,33,33,33,33,33,33,33,32,32,32,16,70,57,57,51,45,17,17,7,28,35,29,29,29,14,18,41],"items_purged":["Strike_G","Defend_G"],"gold":49,"play_id":"52e9538a-fcba-45c0-91cd-9808df7ebfe8","is_prod":false,"is_daily":false,"is_ascension_mode":false,"campfire_upgraded":4,"path_taken":["M","M","?","M","$","E","R","?","T","M","?","R","?","?","R","BOSS","M","?","?","M","M","E","M","R","T","M","R","$","M","M","R","BOSS"],"build_version":"2018-01-25-PROD3","purchased_purges":2,"victory":false,"master_deck":["Defend_G","Defend_G","Defend_G","Defend_G","Strike_G","Strike_G","Strike_G","Survivor","Neutralize+1","Crippling Poison+1","Deflect","Backstab","Backflip","Finisher","Envenom+1","Prepared","Flying Knee","Quick Slash","Phantasmal Killer","Clumsy","Doubt","Parasite","Noxious Fumes","Deadly Poison+1","Deadly Poison+1","Bane","Bane+1","Die Die Die","PiercingWail+1","Underhanded Strike","Reflex+1","Flash of Steel","Backflip","Prepared","Dagger Throw+1"],"max_hp_per_floor":[70,70,70,70,70,70,70,70,70,70,70,70,70,70,70,70,70,70,70,70,70,70,70,70,70,77,77,77,77,77,77,77],"relics":["Runic Dome","Orichalcum","Oddly Smooth Stone","Calling Bell","Paper Crane","Prayer Wheel","Pen Nib","Girya","Strawberry"],"card_choices":[{"not_picked":["Bane","Deadly Poison"],"picked":"Crippling Poison"},{"not_picked":["PiercingWail","Leg Sweep"],"picked":"Deflect"},{"not_picked":["Dodge and Roll","Choke"],"picked":"Backflip"},{"not_picked":["Backstab","Catalyst"],"picked":"Envenom"},{"not_picked":["Backflip","Catalyst"],"picked":"Prepared"},{"not_picked":["Underhanded Strike","Blade Dance"],"picked":"Quick Slash"},{"not_picked":["Doppelganger","Envenom"],"picked":"Phantasmal Killer"},{"not_picked":["Blade Dance","Deflect"],"picked":"Noxious Fumes"},{"not_picked":["Outmaneuver","Backflip"],"picked":"Deadly Poison"},{"not_picked":["Outmaneuver","Prepared"],"picked":"Bane"},{"not_picked":["Finisher","Prepared"],"picked":"Bane"},{"not_picked":["Eviscerate","Sucker Punch"],"picked":"Die Die Die"},{"not_picked":["Dagger Throw","Prepared"],"picked":"PiercingWail"},{"not_picked":["Choke","Bane"],"picked":"Underhanded Strike"},{"not_picked":["Dodge and Roll","Noxious Fumes"],"picked":"Reflex"},{"not_picked":["Reflex","PiercingWail"],"picked":"Prepared"},{"not_picked":["Slice","Venomology"],"picked":"Dagger Throw"}],"player_experience":48807,"potions_floor_usage":[16,23,27,31],"damage_taken":[{"damage":0,"enemies":"Jaw Worm","floor":1,"turns":4},{"damage":6,"enemies":"Cultist","floor":2,"turns":4},{"damage":0,"enemies":"2 Louse","floor":4,"turns":2},{"damage":31,"enemies":"3 Sentries","floor":6,"turns":14},{"damage":0,"enemies":"2 Fungi Beasts","floor":10,"turns":2},{"damage":1,"enemies":"Looter","floor":13,"turns":2},{"damage":16,"enemies":"The Guardian","floor":16,"turns":9},{"damage":13,"enemies":"2 Thieves","floor":18,"turns":4},{"damage":6,"enemies":"Chosen","floor":20,"turns":7},{"damage":6,"enemies":"Snake Plant","floor":21,"turns":5},{"damage":28,"enemies":"Centurion and Healer","floor":22,"turns":8},{"damage":0,"enemies":"Book of Stabbing","floor":23,"turns":5},{"damage":10,"enemies":"Sentry and Sphere","floor":24,"turns":5},{"damage":6,"enemies":"Chosen and Byrds","floor":27,"turns":6},{"damage":15,"enemies":"Centurion and Healer","floor":30,"turns":7},{"damage":5,"enemies":"Snake Plant","floor":31,"turns":4},{"damage":62,"enemies":"Automaton","floor":33,"turns":6}],"event_choices":[{"event_name":"Living Wall","player_choice":"Change","floor":3,"damage_taken":0},{"event_name":"The Cleric","player_choice":"Leave","floor":8,"damage_taken":0},{"event_name":"The Lab","player_choice":"Got Potions","floor":14,"damage_taken":0}],"boss_relics":[{"not_picked":["Eternal Feather","White Beast Statue"],"picked":"Calling Bell"}],"potions_floor_spawned":[1,4,13,16,18,23,24],"seed_played":"600413816111216101","killed_by":"Automaton","ascension_level":0,"is_trial":false}