{"gold_per_floor":[114,126,126,69,89,122,122,122,122,197,65,65,90,110,110,201,201,215,128,149,170,170],"floor_reached":22,"playtime":961,"items_purged":["Parasite"],"score":363,"play_id":"5937066b-dabd-48d7-80e5-cee220e60656","local_time":"20190421125619","is_ascension_mode":true,"campfire_choices":[{"floor":8,"key":"REST"},{"floor":15,"key":"REST"}],"neow_cost":"NONE","seed_source_timestamp":847051478880293,"circlet_count":0,"master_deck":["AscendersBane","Strike_B","Strike_B","Strike_B","Strike_B","Defend_B","Defend_B","Defend_B","Defend_B","Zap","Dualcast","Leap","Self Repair","Injury","Cold Snap","Redo","Electrodynamics","Ball Lightning","Amplify","White Noise","Defragment","Hello World+1","Static Discharge"],"relics":["Cracked Core","Golden Idol","Ginger","Torii","GremlinMask","Inserter"],"potions_floor_usage":[6,13,14,21],"damage_taken":[{"damage":1,"enemies":"Cultist","floor":1,"turns":3},{"damage":0,"enemies":"2 Louse","floor":2,"turns":3},{"damage":9,"enemies":"Jaw Worm","floor":5,"turns":4},{"damage":37,"enemies":"Lagavulin","floor":6,"turns":8},{"damage":7,"enemies":"2 Fungi Beasts","floor":13,"turns":4},{"damage":15,"enemies":"Exordium Thugs","floor":14,"turns":5},{"damage":12,"enemies":"Slime Boss","floor":16,"turns":8},{"damage":25,"enemies":"Chosen","floor":18,"turns":5},{"damage":23,"enemies":"Spheric Guardian","floor":20,"turns":4},{"damage":26,"enemies":"Snake Plant","floor":21,"turns":4},{"damage":34,"enemies":"Shelled Parasite and Fungi","floor":22,"turns":2}],"seed_played":"743317742258736206","potions_obtained":[{"floor":6,"key":"LiquidBronze"},{"floor":13,"key":"SpeedPotion"},{"floor":21,"key":"Energy Potion"}],"is_trial":false,"path_per_floor":["M","M","?","$","M","E","?","R","T","?","$","?","M","M","R","B",null,"M","$","M","M","M"],"character_chosen":"DEFECT","items_purchased":["PowerPotion","SkillPotion","Defragment"],"campfire_rested":2,"item_purchase_floors":[4,11,19],"current_hp_per_floor":[70,70,70,70,68,38,57,78,78,67,67,67,67,59,75,63,72,54,54,31,19,0],"gold":170,"neow_bonus":"TEN_PERCENT_HP_BONUS","is_prod":false,"is_daily":false,"chose_seed":false,"campfire_upgraded":0,"win_rate":0,"timestamp":1555840579,"path_taken":["M","M","?","$","M","E","?","R","T","?","$","?","?","M","R","BOSS","M","$","M","M","?"],"build_version":"2019-01-23","purchased_purges":1,"victory":false,"max_hp_per_floor":[78,78,78,78,78,78,78,78,78,78,75,75,75,75,75,75,75,75,75,75,75,75],"card_choices":[{"not_picked":["Skim","Hologram"],"picked":"Leap","floor":1},{"not_picked":["Conserve Battery","Leap"],"picked":"Self Repair","floor":2},{"not_picked":["Streamline","Fusion"],"picked":"Cold Snap","floor":5},{"not_picked":["Blizzard","Steam"],"picked":"Redo","floor":6},{"not_picked":["Hologram","Rebound"],"picked":"Electrodynamics","floor":13},{"not_picked":["Darkness","Compile Driver"],"picked":"Ball Lightning","floor":14},{"not_picked":["Multi-Cast","Core Surge"],"picked":"Amplify","floor":16},{"not_picked":["Fusion+1","Gash"],"picked":"White Noise","floor":18},{"not_picked":["Blizzard","Stack"],"picked":"Hello World+1","floor":20},{"not_picked":["Tempest","Turbo"],"picked":"Static Discharge","floor":21}],"player_experience":1225518,"relics_obtained":[{"floor":6,"key":"Ginger"},{"floor":9,"key":"Torii"}],"event_choices":[{"damage_healed":0,"gold_gain":0,"player_choice":"Take Wound","damage_taken":0,"relics_obtained":["Golden Idol"],"max_hp_gain":0,"max_hp_loss":0,"event_name":"Golden Idol","floor":3,"gold_loss":0,"cards_obtained":["Injury"]},{"damage_healed":19,"gold_gain":0,"player_choice":"Healed and dodged fight","damage_taken":0,"max_hp_gain":0,"max_hp_loss":0,"event_name":"Mushrooms","floor":7,"gold_loss":0,"cards_obtained":["Parasite"]},{"damage_healed":0,"gold_gain":75,"player_choice":"Gather Gold","damage_taken":11,"max_hp_gain":0,"max_hp_loss":0,"event_name":"World of Goop","floor":10,"gold_loss":0},{"damage_healed":0,"gold_gain":0,"player_choice":"Trade","damage_taken":0,"relics_obtained":["GremlinMask"],"max_hp_gain":0,"max_hp_loss":0,"event_name":"FaceTrader","floor":12,"gold_loss":0}],"is_beta":false,"boss_relics":[{"not_picked":["Sozu","Black Star"],"picked":"Inserter"}],"items_purged_floors":[11],"is_endless":false,"potions_floor_spawned":[6,13,21],"killed_by":"Shelled Parasite and Fungi","ascension_level":19}