{"gold_per_floor":[113,113,131,147,158,186,186,213,213,213,193],"floor_reached":11,"playtime":314,"items_purged":[],"score":166,"play_id":"71ad69fa-2a18-4b52-b01d-1ffe72c8b28d","local_time":"20190210204211","is_ascension_mode":true,"campfire_choices":[{"floor":7,"key":"REST"}],"neow_cost":"TEN_PERCENT_HP_LOSS","seed_source_timestamp":441191399441200,"circlet_count":0,"master_deck":["AscendersBane","Strike_B","Strike_B","Strike_B","Defend_B","Defend_B","Defend_B","Defend_B+1","Zap","Dualcast+1","Biased Cognition","Streamline","Defragment","Coolheaded","Cold Snap","Capacitor","BootSequence"],"relics":["Cracked Core","Question Card","War Paint","Omamori","Singing Bowl"],"potions_floor_usage":[5,6],"damage_taken":[{"damage":2,"enemies":"Jaw Worm","floor":1,"turns":3},{"damage":12,"enemies":"Small Slimes","floor":3,"turns":5},{"damage":15,"enemies":"2 Louse","floor":4,"turns":3},{"damage":0,"enemies":"Gremlin Gang","floor":5,"turns":1},{"damage":19,"enemies":"3 Sentries","floor":6,"turns":8},{"damage":28,"enemies":"Gremlin Nob","floor":8,"turns":4},{"damage":0,"enemies":"Looter","floor":11,"turns":2}],"seed_played":"4158056702456075922","potions_obtained":[{"floor":1,"key":"LiquidBronze"},{"floor":3,"key":"PowerPotion"},{"floor":6,"key":"Fruit Juice"}],"is_trial":false,"path_per_floor":["M","?","M","M","M","E","R","E","T","?","M"],"character_chosen":"DEFECT","items_purchased":[],"campfire_rested":1,"item_purchase_floors":[],"current_hp_per_floor":[62,55,43,28,28,14,34,6,6,6,6],"gold":193,"neow_bonus":"THREE_RARE_CARDS","is_prod":false,"is_daily":false,"chose_seed":false,"campfire_upgraded":0,"win_rate":0,"timestamp":1549798931,"path_taken":["M","?","M","M","M","E","R","E","T","?","M"],"build_version":"2019-01-23","purchased_purges":0,"victory":false,"max_hp_per_floor":[64,64,64,64,64,69,69,69,69,69,69],"card_choices":[{"not_picked":["All For One","Fission"],"picked":"Biased Cognition","floor":0},{"not_picked":["Auto Shields","Beam Cell"],"picked":"Streamline","floor":1},{"not_picked":["Ball Lightning","Steam"],"picked":"Defragment","floor":3},{"not_picked":["Doom and Gloom","Defragment"],"picked":"Coolheaded","floor":4},{"not_picked":["Stack","Gash"],"picked":"Cold Snap","floor":5},{"not_picked":["Rebound","Doom and Gloom"],"picked":"Capacitor","floor":6},{"not_picked":["Thunder Strike","Double Energy","Force Field"],"picked":"BootSequence","floor":8}],"player_experience":1500636,"relics_obtained":[{"floor":6,"key":"Question Card"},{"floor":8,"key":"War Paint"},{"floor":9,"key":"Omamori"}],"event_choices":[{"cards_removed":["Strike_B"],"damage_healed":0,"gold_gain":0,"player_choice":"Card Removal","damage_taken":7,"max_hp_gain":0,"max_hp_loss":0,"event_name":"Golden Wing","floor":2,"gold_loss":0},{"damage_healed":0,"gold_gain":0,"player_choice":"Box","damage_taken":0,"relics_obtained":["Singing Bowl"],"max_hp_gain":0,"max_hp_loss":0,"event_name":"Big Fish","floor":10,"gold_loss":0,"cards_obtained":["Regret"]}],"is_beta":false,"boss_relics":[],"items_purged_floors":[],"is_endless":false,"potions_floor_spawned":[1,3,6],"killed_by":"Looter","ascension_level":20}