{"path_per_floor":["M","$","?","$","M","R","E","M","T","E","M","R","M","?","R","B",null,"M","M","?","$","?","R","E","R","T","R","E","M","?","M","R"],"character_chosen":"IRONCLAD","items_purchased":["Fire Breathing"],"gold_per_floor":[116,41,41,41,58,58,91,111,111,145,164,164,181,181,181,277,277,297,317,232,97,97,97,122,122,169,169,195,211,136,156,156,156],"floor_reached":33,"campfire_rested":4,"playtime":2414,"current_hp_per_floor":[78,78,71,71,77,77,80,80,80,69,68,68,59,43,67,23,66,52,44,44,44,44,68,68,68,68,87,87,87,87,74,87,0],"items_purged":["Defend_R","Strike_R"],"gold":156,"score":463,"play_id":"a4c9f023-76aa-4e0e-8030-885c24cf87ec","local_time":"20180422164423","is_prod":false,"is_daily":false,"chose_seed":false,"is_ascension_mode":true,"campfire_upgraded":3,"timestamp":1524404663,"path_taken":["M","$","?","?","?","R","E","M","T","E","M","R","M","?","R","BOSS","M","M","?","$","?","R","E","R","T","R","E","M","?","M","R","BOSS"],"build_version":"2018-04-19","seed_source_timestamp":697136902399771,"purchased_purges":2,"victory":false,"master_deck":["Strike_R+1","Strike_R","Strike_R","Defend_R","Defend_R","Bash+1","Iron Wave","Shockwave+1","Iron Wave","Metallicize+1","Dropkick","Iron Wave","Offering","Clash","Fire Breathing+1","Fire Breathing","Metallicize","Seeing Red","Dropkick"],"max_hp_per_floor":[80,80,80,80,80,80,80,80,80,80,80,80,80,80,80,80,80,80,80,80,80,80,80,87,87,87,87,87,87,87,87,87,87],"relics":["Burning Blood","NeowsBlessing","Dodecahedron","Self Forming Clay","Question Card","White Beast Statue","Thread and Needle","Strawberry","Omamori","Smiling Mask"],"card_choices":[{"not_picked":["Sword Boomerang","Wild Strike"],"picked":"Iron Wave","floor":1},{"not_picked":["Pommel Strike","Disarm"],"picked":"Shockwave","floor":5},{"not_picked":["Feel No Pain","Wild Strike"],"picked":"Iron Wave","floor":8},{"not_picked":["Dark Embrace","Headbutt"],"picked":"Metallicize","floor":10},{"not_picked":["Perfected Strike","Rage","Hemokinesis"],"picked":"Dropkick","floor":11},{"not_picked":["Perfected Strike","Thunderclap","True Grit"],"picked":"Iron Wave","floor":13},{"not_picked":["Fiend Fire","Impervious","Double Tap"],"picked":"Offering","floor":16},{"not_picked":["Warcry","Pommel Strike","Feel No Pain"],"picked":"Clash","floor":18},{"not_picked":["Cleave","Seeing Red","Inflame"],"picked":"Fire Breathing","floor":24},{"not_picked":["Feed","Wild Strike","Sword Boomerang"],"picked":"Metallicize","floor":28},{"not_picked":["Clothesline","Rage","Havoc"],"picked":"Seeing Red","floor":29},{"not_picked":["Hemokinesis","Cleave","Sever Soul"],"picked":"Dropkick","floor":31}],"player_experience":367982,"potions_floor_usage":[18,18,24,24,28,29,31,33,33],"damage_taken":[{"damage":0,"enemies":"2 Louse","floor":1,"turns":1},{"damage":0,"enemies":"Small Slimes","floor":5,"turns":1},{"damage":0,"enemies":"Gremlin Nob","floor":7,"turns":1},{"damage":0,"enemies":"Cultist","floor":8,"turns":2},{"damage":17,"enemies":"3 Sentries","floor":10,"turns":8},{"damage":7,"enemies":"Exordium Thugs","floor":11,"turns":6},{"damage":15,"enemies":"Lots of Slimes","floor":13,"turns":6},{"damage":50,"enemies":"The Guardian","floor":16,"turns":12},{"damage":20,"enemies":"Spheric Guardian","floor":18,"turns":6},{"damage":14,"enemies":"Chosen","floor":19,"turns":4},{"damage":13,"enemies":"Slavers","floor":24,"turns":7},{"damage":4,"enemies":"Book of Stabbing","floor":28,"turns":5},{"damage":6,"enemies":"Centurion and Healer","floor":29,"turns":5},{"damage":19,"enemies":"Slaver and Parasite","floor":31,"turns":5},{"damage":99,"enemies":"Champ","floor":33,"turns":11}],"event_choices":[{"event_name":"Golden Wing","player_choice":"Card Removal","floor":3,"damage_taken":0},{"event_name":"Shining Light","player_choice":"Entered Light","floor":14,"damage_taken":0},{"event_name":"Addict","player_choice":"Obtained Relic","floor":20,"damage_taken":0},{"event_name":"Vampires","player_choice":"Ignored","floor":22,"damage_taken":0},{"event_name":"Beggar","player_choice":"Gave Gold","floor":30,"damage_taken":0}],"boss_relics":[{"not_picked":["Runic Cube","Tiny House"],"picked":"White Beast Statue"}],"potions_floor_spawned":[7,11,16,18,19,24,28,29,31],"seed_played":"-1318449422203953254","killed_by":"Champ","ascension_level":7,"is_trial":false}