{"gold_per_floor":[112,112,112,135,152,152,186,239,239,256,267,278,91,103,103,181,181,191,81,94,94,107,107,107],"floor_reached":24,"playtime":811,"items_purged":["Defend_B","Strike_B"],"score":546,"play_id":"fe7ff7d8-cc7f-4955-9a79-8c7dc39dd11d","local_time":"20190313142937","is_ascension_mode":true,"campfire_choices":[{"data":"Creative AI","floor":6,"key":"SMITH"},{"data":"Capacitor","floor":15,"key":"SMITH"},{"floor":23,"key":"REST"}],"neow_cost":"NONE","seed_source_timestamp":360517190963300,"circlet_count":0,"master_deck":["AscendersBane","Strike_B","Strike_B","Strike_B","Defend_B","Defend_B","Defend_B","Zap","Dualcast","Sunder+1","Creative AI+1","White Noise","Cold Snap","Conserve Battery","Capacitor+1","Bandage Up","Cold Snap","Echo Form","Hologram","Loop"],"relics":["Cracked Core","NeowsBlessing","Sundial","Smiling Mask","Oddly Smooth Stone","The Courier","Runic Dome"],"potions_floor_usage":[16,24,24],"damage_taken":[{"damage":0,"enemies":"Cultist","floor":1,"turns":1},{"damage":0,"enemies":"Small Slimes","floor":5,"turns":1},{"damage":0,"enemies":"Gremlin Nob","floor":7,"turns":1},{"damage":11,"enemies":"Jaw Worm","floor":10,"turns":4},{"damage":1,"enemies":"2 Fungi Beasts","floor":11,"turns":3},{"damage":3,"enemies":"Blue Slaver","floor":12,"turns":3},{"damage":14,"enemies":"Red Slaver","floor":14,"turns":2},{"damage":0,"enemies":"Slime Boss","floor":16,"turns":7},{"damage":14,"enemies":"Chosen","floor":18,"turns":5},{"damage":26,"enemies":"Shell Parasite","floor":20,"turns":6},{"damage":7,"enemies":"Snecko","floor":22,"turns":7},{"damage":49,"enemies":"Gremlin Leader","floor":24,"turns":5}],"seed_played":"3281755953143222996","potions_obtained":[{"floor":10,"key":"AttackPotion"},{"floor":11,"key":"Strength Potion"},{"floor":18,"key":"PowerPotion"}],"is_trial":false,"path_per_floor":["M","T","?","T","M","R","E","?","T","M","M","M","$","M","R","B",null,"M","$","M","?","M","R","E"],"character_chosen":"DEFECT","items_purchased":["Capacitor","Bandage Up","Loop"],"campfire_rested":1,"item_purchase_floors":[13,13,19],"current_hp_per_floor":[64,64,64,64,64,64,64,64,64,53,52,49,49,39,39,43,64,54,54,32,12,13,35,0],"gold":107,"neow_bonus":"THREE_ENEMY_KILL","is_prod":false,"is_daily":false,"chose_seed":false,"campfire_upgraded":2,"win_rate":0,"timestamp":1552454977,"path_taken":["M","?","?","?","M","R","E","?","T","M","M","?","?","M","R","BOSS","M","$","M","?","M","R","E"],"build_version":"2019-01-23","purchased_purges":2,"victory":false,"max_hp_per_floor":[71,71,71,71,71,71,71,71,71,71,71,71,71,71,71,71,71,71,71,71,76,76,76,76],"card_choices":[{"not_picked":["Go for the Eyes","Leap"],"picked":"Sunder","floor":1},{"not_picked":["Compile Driver","Beam Cell"],"picked":"Creative AI","floor":5},{"not_picked":["Sweeping Beam","BootSequence"],"picked":"White Noise","floor":7},{"not_picked":["Gash","Blizzard"],"picked":"Cold Snap","floor":10},{"not_picked":["Stack","Undo"],"picked":"Conserve Battery","floor":11},{"not_picked":["Sweeping Beam","Fusion","Scrape"],"picked":"SKIP","floor":12},{"not_picked":["Gash","Ball Lightning"],"picked":"Cold Snap","floor":14},{"not_picked":["All For One","Meteor Strike"],"picked":"Echo Form","floor":16},{"not_picked":["Fusion","Leap"],"picked":"Hologram","floor":18},{"not_picked":["Streamline","Fusion","Conserve Battery"],"picked":"SKIP","floor":20},{"not_picked":["Conserve Battery","Streamline","FTL"],"picked":"SKIP","floor":22}],"player_experience":2226958,"relics_obtained":[{"floor":2,"key":"Sundial"},{"floor":4,"key":"Smiling Mask"},{"floor":7,"key":"Oddly Smooth Stone"},{"floor":9,"key":"The Courier"}],"event_choices":[{"damage_healed":0,"gold_gain":0,"player_choice":"Grow","damage_taken":0,"max_hp_gain":0,"max_hp_loss":0,"event_name":"Living Wall","floor":3,"gold_loss":0,"cards_upgraded":["Sunder"]},{"damage_healed":0,"gold_gain":53,"player_choice":"Gained Gold","damage_taken":0,"max_hp_gain":0,"max_hp_loss":0,"event_name":"Golden Wing","floor":8,"gold_loss":0},{"damage_healed":0,"gold_gain":0,"player_choice":"Shed Blood","damage_taken":25,"max_hp_gain":5,"max_hp_loss":0,"event_name":"Forgotten Altar","floor":21,"gold_loss":0}],"is_beta":false,"boss_relics":[{"not_picked":["Sozu","Empty Cage"],"picked":"Runic Dome"}],"items_purged_floors":[13,19],"is_endless":false,"potions_floor_spawned":[10,11,14,18,20],"killed_by":"Gremlin Leader","ascension_level":20}