{"path_per_floor":["M","M","M","?","M","M","E","M","T","R","M","M","E","M","R"],"character_chosen":"IRONCLAD","items_purchased":[],"gold_per_floor":[117,135,151,151,174,192,228,252,252,252,270,289,332,345,345],"floor_reached":16,"campfire_rested":2,"playtime":1618,"current_hp_per_floor":[72,72,59,41,37,31,14,12,12,33,32,30,8,12,33],"items_purged":[],"gold":345,"play_id":"ff23a99a-176d-4a1e-b7a0-591a97b4d44e","is_prod":false,"is_daily":false,"is_ascension_mode":false,"campfire_upgraded":0,"path_taken":["M","M","M","?","M","M","E","?","T","R","M","M","E","M","R","BOSS"],"build_version":"2018-01-25-PROD3","purchased_purges":0,"victory":false,"master_deck":["Strike_R","Strike_R","Strike_R","Strike_R","Strike_R","Defend_R","Defend_R","Defend_R","Defend_R","Bash","Limit Break","Cleave","Reckless Charge","Pommel Strike","Flex","Whirlwind","Iron Wave","Seeing Red","Headbutt","Headbutt","Blood for Blood"],"max_hp_per_floor":[72,72,72,72,72,72,72,72,72,72,72,72,72,72,72],"relics":["Burning Blood","Golden Idol","Kunai","Paper Frog","Lantern"],"card_choices":[{"not_picked":["Immolate","Berserk"],"picked":"Limit Break"},{"not_picked":["Metallicize","Thunderclap"],"picked":"Cleave"},{"not_picked":["Thunderclap","Body Slam"],"picked":"Reckless Charge"},{"not_picked":["Clothesline","Intimidate"],"picked":"Pommel Strike"},{"not_picked":["Dual Wield","Sever Soul"],"picked":"Flex"},{"not_picked":["Armaments","Evolve"],"picked":"Whirlwind"},{"not_picked":["Second Wind","Sever Soul"],"picked":"Iron Wave"},{"not_picked":["Searing Blow","Shrug It Off"],"picked":"Seeing Red"},{"not_picked":["True Grit","Dropkick"],"picked":"Headbutt"},{"not_picked":["Flex","Reckless Charge"],"picked":"Headbutt"},{"not_picked":["True Grit","Pommel Strike"],"picked":"Blood for Blood"}],"player_experience":62350,"potions_floor_usage":[7,7,8,13,16,16],"damage_taken":[{"damage":1,"enemies":"Cultist","floor":1,"turns":3},{"damage":6,"enemies":"Jaw Worm","floor":2,"turns":3},{"damage":19,"enemies":"Blue Slaver","floor":3,"turns":3},{"damage":10,"enemies":"3 Louse","floor":5,"turns":2},{"damage":12,"enemies":"2 Fungi Beasts","floor":6,"turns":3},{"damage":23,"enemies":"Lagavulin","floor":7,"turns":7},{"damage":8,"enemies":"Exordium Thugs","floor":8,"turns":4},{"damage":7,"enemies":"3 Louse","floor":11,"turns":3},{"damage":8,"enemies":"Large Slime","floor":12,"turns":6},{"damage":28,"enemies":"3 Sentries","floor":13,"turns":5},{"damage":2,"enemies":"2 Fungi Beasts","floor":14,"turns":3},{"damage":47,"enemies":"Slime Boss","floor":16,"turns":8}],"event_choices":[{"event_name":"Golden Idol","player_choice":"Take Damage","floor":4,"damage_taken":0}],"boss_relics":[],"potions_floor_spawned":[2,6,7,11,13,14],"seed_played":"-5761272764813077727","killed_by":"Slime Boss","ascension_level":0,"is_trial":false}