{"gold_per_floor":[112,128,146,71,71,71,85,85,167,197,197],"floor_reached":11,"playtime":295,"items_purged":[],"score":126,"play_id":"28eb97bf-b84b-4026-a613-3a8abb732285","local_time":"20190420144657","is_ascension_mode":true,"campfire_choices":[{"data":"Bash","floor":6,"key":"SMITH"},{"data":"Cleave","floor":8,"key":"SMITH"}],"neow_cost":"NONE","seed_source_timestamp":384745836542100,"circlet_count":0,"master_deck":["AscendersBane","Strike_R","Strike_R","Strike_R","Strike_R","Defend_R+1","Defend_R","Defend_R","Defend_R","Bash+1","Shockwave+1","Ghostly Armor","Cleave+1"],"relics":["Burning Blood","Vajra","Singing Bowl","Tiny Chest"],"potions_floor_usage":[7,11],"damage_taken":[{"damage":1,"enemies":"Cultist","floor":1,"turns":3},{"damage":11,"enemies":"Jaw Worm","floor":2,"turns":5},{"damage":8,"enemies":"2 Louse","floor":3,"turns":4},{"damage":3,"enemies":"Looter","floor":7,"turns":5},{"damage":24,"enemies":"Gremlin Nob","floor":11,"turns":3}],"seed_played":"-8929655354865086347","potions_obtained":[{"floor":1,"key":"GamblersBrew"},{"floor":2,"key":"SpeedPotion"},{"floor":7,"key":"Fruit Juice"}],"is_trial":false,"path_per_floor":["M","M","M","?","?","R","M","R","T","?","E"],"character_chosen":"IRONCLAD","items_purchased":[],"campfire_rested":0,"item_purchase_floors":[],"current_hp_per_floor":[73,68,66,66,43,43,51,51,51,16,0],"gold":197,"neow_bonus":"RANDOM_COMMON_RELIC","is_prod":false,"is_daily":false,"chose_seed":false,"campfire_upgraded":2,"win_rate":0,"timestamp":1555739217,"path_taken":["M","M","?","?","?","R","M","R","T","?","E"],"build_version":"2019-01-23","purchased_purges":0,"victory":false,"max_hp_per_floor":[75,75,75,75,75,75,80,80,80,80,80],"card_choices":[{"not_picked":["Pummel","Flex"],"picked":"Shockwave","floor":1},{"not_picked":["Bloodletting","Iron Wave"],"picked":"Ghostly Armor","floor":2},{"not_picked":["Intimidate","Heavy Blade"],"picked":"Cleave","floor":3},{"not_picked":["Reckless Charge","Anger","Cleave"],"picked":"SKIP","floor":7}],"player_experience":3250285,"relics_obtained":[{"floor":9,"key":"Singing Bowl"}],"event_choices":[{"cards_removed":["Strike_R"],"damage_healed":0,"gold_gain":0,"player_choice":"Card Removal","damage_taken":0,"max_hp_gain":0,"max_hp_loss":0,"event_name":"The Cleric","floor":4,"gold_loss":75},{"damage_healed":0,"gold_gain":0,"player_choice":"Entered Light","damage_taken":23,"max_hp_gain":0,"max_hp_loss":0,"event_name":"Shining Light","floor":5,"gold_loss":0,"cards_upgraded":["Shockwave","Defend_R"]},{"damage_healed":0,"gold_gain":0,"player_choice":"Success","damage_taken":35,"relics_obtained":["Tiny Chest"],"max_hp_gain":0,"max_hp_loss":0,"event_name":"Scrap Ooze","floor":10,"gold_loss":0}],"is_beta":false,"boss_relics":[],"items_purged_floors":[],"is_endless":false,"potions_floor_spawned":[1,2,7],"killed_by":"Gremlin Nob","ascension_level":20}