{"gold_per_floor":[367,367,25,36,36,36,68,82,132,149,149,129,129,145,145,221,221,236,236,4,184,204,204,204,204,204,204],"floor_reached":27,"playtime":1011,"items_purged":["Strike_R"],"score":422,"play_id":"c5ef1264-1128-48a7-aa76-7e510c1cf2fa","local_time":"20190419184534","is_ascension_mode":true,"campfire_choices":[{"data":"Second Wind","floor":6,"key":"SMITH"},{"data":"Twin Strike","floor":13,"key":"SMITH"},{"data":"Sword Boomerang","floor":15,"key":"SMITH"},{"data":"Barricade","floor":23,"key":"SMITH"},{"data":"True Grit","floor":25,"key":"SMITH"}],"neow_cost":"TEN_PERCENT_HP_LOSS","seed_source_timestamp":0,"circlet_count":0,"master_deck":["AscendersBane","Defend_R","Defend_R","Defend_R","Bash+1","Shrug It Off","Evolve","Second Wind+1","Ghostly Armor","Twin Strike+1","Sword Boomerang+1","Barricade+1","True Grit+1","Ghostly","Ghostly","Ghostly","Dual Wield","Spot Weakness"],"relics":["Burning Blood","Sundial","Red Skull","Happy Flower","Empty Cage","Art of War","Shuriken"],"potions_floor_usage":[12,16,22,27],"damage_taken":[{"damage":11,"enemies":"Small Slimes","floor":1,"turns":5},{"damage":15,"enemies":"Cultist","floor":4,"turns":5},{"damage":56,"enemies":"Gremlin Nob","floor":7,"turns":5},{"damage":0,"enemies":"Jaw Worm","floor":8,"turns":4},{"damage":10,"enemies":"3 Louse","floor":10,"turns":4},{"damage":6,"enemies":"Exordium Thugs","floor":12,"turns":4},{"damage":0,"enemies":"Large Slime","floor":14,"turns":3},{"damage":13,"enemies":"Hexaghost","floor":16,"turns":7},{"damage":6,"enemies":"Chosen","floor":18,"turns":6},{"damage":2,"enemies":"3 Byrds","floor":22,"turns":6},{"damage":9,"enemies":"Gremlin Leader","floor":27,"turns":5}],"seed_played":"5207352584523090548","potions_obtained":[{"floor":8,"key":"FearPotion"},{"floor":10,"key":"Poison Potion"},{"floor":12,"key":"Fire Potion"},{"floor":16,"key":"Block Potion"}],"is_trial":false,"path_per_floor":["M","?","$","M","?","R","E","M","T","M","?","M","R","M","R","B",null,"M","?","$","?","M","R","?","R","T","E"],"character_chosen":"IRONCLAD","items_purchased":["Sundial","Evolve","Art of War"],"campfire_rested":0,"item_purchase_floors":[3,3,20],"current_hp_per_floor":[63,63,63,54,59,59,9,15,15,11,11,11,11,17,17,10,57,57,36,36,18,22,22,22,22,22,13],"gold":204,"neow_bonus":"TWO_FIFTY_GOLD","is_prod":false,"is_daily":false,"chose_seed":true,"campfire_upgraded":5,"win_rate":0,"timestamp":1555667134,"path_taken":["M","?","$","?","?","R","E","M","T","M","?","?","R","M","R","BOSS","M","?","$","?","?","R","?","R","T","E"],"build_version":"2019-01-23","purchased_purges":1,"victory":false,"max_hp_per_floor":[68,68,68,68,73,73,73,73,73,73,73,73,73,73,73,73,73,73,36,36,36,36,36,36,36,36,36],"card_choices":[{"not_picked":["Rupture","Pommel Strike"],"picked":"Shrug It Off","floor":1},{"not_picked":["Dual Wield","Thunderclap"],"picked":"Second Wind","floor":4},{"not_picked":["Intimidate","Hemokinesis","Second Wind"],"picked":"SKIP","floor":7},{"not_picked":["Iron Wave","Flex"],"picked":"Ghostly Armor","floor":8},{"not_picked":["Body Slam","Uppercut","Sever Soul"],"picked":"SKIP","floor":10},{"not_picked":["Reckless Charge","Warcry"],"picked":"Twin Strike","floor":12},{"not_picked":["Thunderclap","Second Wind"],"picked":"Sword Boomerang","floor":14},{"not_picked":["Brutality","Bludgeon"],"picked":"Barricade","floor":16},{"not_picked":["Thunderclap","Wild Strike"],"picked":"True Grit","floor":18},{"not_picked":["Headbutt","Wild Strike","Thunderclap"],"picked":"SKIP","floor":22}],"player_experience":3228389,"relics_obtained":[{"floor":7,"key":"Red Skull"},{"floor":9,"key":"Happy Flower"},{"floor":26,"key":"Shuriken"}],"event_choices":[{"damage_healed":0,"gold_gain":0,"player_choice":"Upgraded","damage_taken":0,"max_hp_gain":0,"max_hp_loss":0,"event_name":"Upgrade Shrine","floor":2,"gold_loss":0,"cards_upgraded":["Bash"]},{"damage_healed":0,"gold_gain":0,"player_choice":"Donut","damage_taken":0,"max_hp_gain":5,"max_hp_loss":0,"event_name":"Big Fish","floor":5,"gold_loss":0},{"cards_removed":["Strike_R"],"damage_healed":0,"gold_gain":0,"player_choice":"Offered Basic","damage_taken":0,"max_hp_gain":0,"max_hp_loss":0,"event_name":"Bonfire Elementals","floor":11,"gold_loss":0},{"damage_healed":0,"gold_gain":0,"player_choice":"Became a Ghost","damage_taken":0,"max_hp_gain":0,"max_hp_loss":37,"event_name":"Ghosts","floor":19,"gold_loss":0,"cards_obtained":["Ghostly","Ghostly","Ghostly"]},{"damage_healed":0,"gold_gain":180,"player_choice":"GOLD GOLD ","damage_taken":18,"max_hp_gain":0,"max_hp_loss":0,"event_name":"Knowing Skull","floor":21,"potions_obtained":[],"gold_loss":0,"cards_obtained":[]},{"damage_healed":0,"gold_gain":0,"cards_transformed":["Strike_R","Defend_R"],"player_choice":"Became Test Subject","damage_taken":0,"max_hp_gain":0,"max_hp_loss":0,"event_name":"Drug Dealer","floor":24,"gold_loss":0,"cards_obtained":["Dual Wield","Spot Weakness"]}],"is_beta":false,"boss_relics":[{"not_picked":["Orrery","White Beast Statue"],"picked":"Empty Cage"}],"items_purged_floors":[20],"is_endless":false,"potions_floor_spawned":[8,10,12,16,18],"killed_by":"Gremlin Leader","ascension_level":20}