{"gold_per_floor":[13,13,13,188,64,64,95,115,140,175,190,190,90,103,103,231,231,255,101,101,16,35,35,60,60,60,74,92,106,106,106,106,106],"floor_reached":33,"playtime":2399,"items_purged":["Doubt","Defend_R"],"score":268,"play_id":"c9a00cc1-047e-4050-b700-7980c999b4d1","local_time":"20190218181131","is_ascension_mode":true,"campfire_choices":[{"floor":6,"key":"REST"},{"floor":15,"key":"REST"},{"data":"Perfected Strike","floor":23,"key":"SMITH"},{"floor":25,"key":"REST"},{"floor":32,"key":"REST"}],"neow_cost":"NO_GOLD","seed_source_timestamp":10414918433900,"circlet_count":0,"master_deck":["Strike_R","Strike_R","Strike_R","Strike_R","Strike_R","Bash","Pommel Strike","Perfected Strike+1","Intimidate","Shrug It Off","Thunderclap","Flex","Perfected Strike","Brutality","Battle Trance","Rampage","Heavy Blade+1","Pummel+1","Whirlwind+1","Battle Trance","Perfected Strike","Headbutt"],"relics":["Burning Blood","Golden Idol","WingedGreaves","Oddly Smooth Stone","Du-Vu Doll","Orrery","Dream Catcher","Pen Nib","Meat on the Bone"],"potions_floor_usage":[14,14,16,18,33],"damage_taken":[{"damage":11,"enemies":"Jaw Worm","floor":1,"turns":2},{"damage":36,"enemies":"3 Sentries","floor":7,"turns":6},{"damage":12,"enemies":"2 Louse","floor":8,"turns":3},{"damage":26,"enemies":"Lagavulin","floor":10,"turns":6},{"damage":0,"enemies":"Small Slimes","floor":11,"turns":2},{"damage":28,"enemies":"Exordium Thugs","floor":14,"turns":4},{"damage":30,"enemies":"Hexaghost","floor":16,"turns":7},{"damage":10,"enemies":"Spheric Guardian","floor":18,"turns":3},{"damage":44,"enemies":"Colosseum Slavers","floor":20,"turns":5},{"damage":1,"enemies":"Chosen","floor":22,"turns":3},{"damage":35,"enemies":"Centurion and Healer","floor":24,"turns":6},{"damage":33,"enemies":"Snecko","floor":27,"turns":4},{"damage":20,"enemies":"3 Cultists","floor":28,"turns":4},{"damage":11,"enemies":"Centurion and Healer","floor":29,"turns":5},{"damage":65,"enemies":"Champ","floor":33,"turns":7}],"seed_played":"-1873438838955064728","potions_obtained":[{"floor":10,"key":"Dexterity Potion"},{"floor":11,"key":"Regen Potion"},{"floor":14,"key":"SkillPotion"},{"floor":16,"key":"Fire Potion"},{"floor":24,"key":"SpeedPotion"},{"floor":28,"key":"Weak Potion"},{"floor":29,"key":"AttackPotion"}],"is_trial":false,"path_per_floor":["M","?","?","?","$","R","E","M","T","E","M","?","$","M","R","B",null,"M","$","?","?","M","R","M","R","T","M","M","M","?","?","R","B"],"character_chosen":"IRONCLAD","items_purchased":["Perfected Strike","Dream Catcher"],"campfire_rested":4,"item_purchase_floors":[5,19],"current_hp_per_floor":[75,55,48,48,48,72,42,36,36,16,22,27,27,17,42,18,85,81,81,43,43,48,48,19,44,44,29,27,34,34,34,59,0],"gold":106,"neow_bonus":"REMOVE_TWO","is_prod":false,"is_daily":false,"chose_seed":false,"campfire_upgraded":1,"win_rate":0,"timestamp":1550481091,"path_taken":["M","?","?","?","$","R","E","M","T","E","M","?","?","M","R","BOSS","M","$","?","?","M","R","M","R","T","M","M","?","?","?","R","BOSS"],"build_version":"2019-01-23","purchased_purges":2,"victory":false,"max_hp_per_floor":[80,80,80,80,80,80,80,80,80,80,80,85,85,85,85,85,85,85,85,85,85,85,85,85,85,85,85,85,85,85,85,85,85],"card_choices":[{"not_picked":["Flex","Havoc"],"picked":"Pommel Strike","floor":1},{"not_picked":["Sword Boomerang","Sever Soul"],"picked":"Intimidate","floor":7},{"not_picked":["Metallicize","Entrench"],"picked":"Shrug It Off","floor":8},{"not_picked":["Corruption","Clothesline"],"picked":"Thunderclap","floor":10},{"not_picked":["True Grit","Rage"],"picked":"Flex","floor":11},{"not_picked":["Iron Wave","Fiend Fire"],"picked":"Perfected Strike","floor":14},{"not_picked":["Immolate","Berserk"],"picked":"Brutality","floor":16},{"not_picked":["Anger","Dropkick"],"picked":"Battle Trance","floor":17},{"not_picked":["Evolve","Feel No Pain"],"picked":"Pummel","floor":17},{"not_picked":["Cleave","True Grit"],"picked":"Rampage","floor":17},{"not_picked":["Iron Wave","Feel No Pain+1","Corruption"],"picked":"SKIP","floor":18},{"not_picked":["Body Slam+1","Warcry"],"picked":"Heavy Blade+1","floor":22},{"not_picked":["Disarm","Armaments"],"picked":"Pummel+1","floor":24},{"not_picked":["Headbutt","Thunderclap"],"picked":"Whirlwind+1","floor":25},{"not_picked":["Brutality","Clash"],"picked":"Battle Trance","floor":27},{"not_picked":["Fire Breathing","Entrench","Clothesline"],"picked":"SKIP","floor":28},{"not_picked":["Wild Strike","Iron Wave"],"picked":"Perfected Strike","floor":29},{"not_picked":["Power Through","Reckless Charge"],"picked":"Headbutt","floor":32}],"player_experience":102589,"relics_obtained":[{"floor":7,"key":"WingedGreaves"},{"floor":9,"key":"Oddly Smooth Stone"},{"floor":10,"key":"Du-Vu Doll"},{"floor":26,"key":"Meat on the Bone"}],"event_choices":[{"damage_healed":0,"gold_gain":0,"player_choice":"Take Damage","damage_taken":20,"relics_obtained":["Golden Idol"],"max_hp_gain":0,"max_hp_loss":0,"event_name":"Golden Idol","floor":2,"gold_loss":0},{"cards_removed":["Defend_R"],"damage_healed":0,"gold_gain":0,"player_choice":"Card Removal","damage_taken":7,"max_hp_gain":0,"max_hp_loss":0,"event_name":"Golden Wing","floor":3,"gold_loss":0},{"damage_healed":0,"gold_gain":175,"player_choice":"AGREE","damage_taken":0,"max_hp_gain":0,"max_hp_loss":0,"event_name":"Liars Game","floor":4,"gold_loss":0,"cards_obtained":["Doubt"]},{"damage_healed":0,"gold_gain":0,"player_choice":"Donut","damage_taken":0,"max_hp_gain":5,"max_hp_loss":0,"event_name":"Big Fish","floor":12,"gold_loss":0},{"damage_healed":0,"gold_gain":0,"player_choice":"Fight","damage_taken":0,"max_hp_gain":0,"max_hp_loss":0,"event_name":"Colosseum","floor":20,"gold_loss":0},{"damage_healed":0,"gold_gain":0,"player_choice":"Fled From Nobs","damage_taken":0,"max_hp_gain":0,"max_hp_loss":0,"event_name":"Colosseum","floor":20,"gold_loss":0},{"damage_healed":0,"gold_gain":0,"player_choice":"Obtained Relic","damage_taken":0,"relics_obtained":["Pen Nib"],"max_hp_gain":0,"max_hp_loss":0,"event_name":"Addict","floor":21,"gold_loss":85},{"damage_healed":0,"gold_gain":0,"player_choice":"Ignored","damage_taken":0,"max_hp_gain":0,"max_hp_loss":0,"event_name":"Ghosts","floor":30,"gold_loss":0},{"cards_removed":["Pummel"],"damage_healed":0,"gold_gain":0,"player_choice":"Elegance","damage_taken":0,"max_hp_gain":0,"max_hp_loss":0,"event_name":"Back to Basics","floor":31,"gold_loss":0}],"is_beta":false,"boss_relics":[{"not_picked":["Lizard Tail","Black Blood"],"picked":"Orrery"}],"items_purged_floors":[5,13],"is_endless":false,"potions_floor_spawned":[10,11,14,16,24,28,29],"killed_by":"Champ","ascension_level":1}