{"path_per_floor":["M","?","?","M","M","E","R","M","T","R","E","?","$","?","R"],"character_chosen":"IRONCLAD","items_purchased":["Mercury Hourglass"],"gold_per_floor":[115,115,190,205,222,247,247,265,265,265,293,293,3,3,3,3],"floor_reached":16,"campfire_rested":0,"playtime":663,"item_purchase_floors":[13],"current_hp_per_floor":[74,57,46,44,46,44,44,45,45,45,21,18,18,18,18,0],"items_purged":["Strike_R"],"gold":3,"score":162,"play_id":"325ac7f3-26e8-4956-b8c3-ac7875004fdd","local_time":"20180609191603","is_prod":false,"is_daily":false,"chose_seed":false,"is_ascension_mode":true,"campfire_upgraded":3,"win_rate":0,"timestamp":1528542963,"campfire_choices":[{"data":"Feed","floor":7,"key":"SMITH"},{"data":"Rampage","floor":10,"key":"SMITH"},{"data":"Bash","floor":15,"key":"SMITH"}],"path_taken":["M","?","?","M","?","E","R","M","T","R","E","?","$","?","R","BOSS"],"build_version":"2018-06-07v2","seed_source_timestamp":1148743310738813,"purchased_purges":1,"victory":false,"master_deck":["Strike_R","Strike_R+1","Strike_R+1","Defend_R","Defend_R","Defend_R","Defend_R","Bash+1","AscendersBane","Feed+1","Clash","Thunderclap","Headbutt","Rampage+1"],"max_hp_per_floor":[83,83,83,86,86,86,86,90,90,90,90,90,90,90,90,90],"relics":["Burning Blood","Calipers","Letter Opener","Smiling Mask","Turnip","Mercury Hourglass"],"card_choices":[{"not_picked":["Clothesline","Rupture"],"picked":"Clash","floor":1},{"not_picked":["Twin Strike","Cleave"],"picked":"Thunderclap","floor":4},{"not_picked":["Entrench","Power Through"],"picked":"Headbutt","floor":5},{"not_picked":["Heavy Blade","Pommel Strike","Infernal Blade"],"picked":"SKIP","floor":6},{"not_picked":["Headbutt","Clothesline"],"picked":"Rampage","floor":8},{"not_picked":["Twin Strike","Anger","Wild Strike"],"picked":"SKIP","floor":11}],"player_experience":413785,"potions_floor_usage":[6],"damage_taken":[{"damage":7,"enemies":"2 Louse","floor":1,"turns":3},{"damage":11,"enemies":"Small Slimes","floor":4,"turns":5},{"damage":4,"enemies":"Jaw Worm","floor":5,"turns":3},{"damage":8,"enemies":"Gremlin Nob","floor":6,"turns":3},{"damage":9,"enemies":"Blue Slaver","floor":8,"turns":4},{"damage":30,"enemies":"Lagavulin","floor":11,"turns":7},{"damage":21,"enemies":"Hexaghost","floor":16,"turns":8}],"relics_obtained":[{"floor":6,"key":"Calipers"},{"floor":9,"key":"Letter Opener"},{"floor":11,"key":"Smiling Mask"}],"event_choices":[{"event_name":"Shining Light","player_choice":"Entered Light","floor":2,"damage_taken":0},{"event_name":"World of Goop","player_choice":"Gather Gold","floor":3,"damage_taken":0},{"event_name":"Scrap Ooze","player_choice":"success","floor":12,"damage_taken":3},{"event_name":"Wheel of Change","player_choice":"Card Removal","floor":14,"damage_taken":0}],"boss_relics":[],"items_purged_floors":[13],"potions_floor_spawned":[5],"seed_played":"9068390216630198994","killed_by":"Hexaghost","ascension_level":10,"potions_obtained":[{"floor":5,"key":"AttackPotion"}],"is_trial":false}