{"gold_per_floor":[109,109,74,89,14,14,32,57,57,57,92,106,106,124,124,198,198,218,235,18,28,0,0],"floor_reached":23,"playtime":554,"items_purged":[],"score":402,"play_id":"038a4f43-bf39-402c-825b-379e0eed2100","local_time":"20190403200450","is_ascension_mode":true,"campfire_choices":[{"data":"Self Repair","floor":6,"key":"SMITH"},{"data":"Zap","floor":10,"key":"SMITH"},{"data":"Barrage","floor":15,"key":"SMITH"}],"neow_cost":"NONE","seed_source_timestamp":464210025471800,"circlet_count":0,"master_deck":["AscendersBane","Strike_B","Strike_B","Strike_B","Defend_B","Defend_B","Defend_B","Defend_B+1","Zap+1","Dualcast+1","Ball Lightning","Self Repair+1","Barrage+1","Seek","Leap","Recycle","Core Surge","Redo+1","Capacitor","Coolheaded","Coolheaded"],"relics":["Cracked Core","NeowsBlessing","Thread and Needle","PreservedInsect","Black Star","Ancient Tea Set"],"potions_floor_usage":[8,16,16,19],"damage_taken":[{"damage":0,"enemies":"Jaw Worm","floor":1,"turns":1},{"damage":0,"enemies":"2 Louse","floor":4,"turns":1},{"damage":0,"enemies":"Cultist","floor":7,"turns":1},{"damage":32,"enemies":"Gremlin Nob","floor":8,"turns":4},{"damage":16,"enemies":"3 Sentries","floor":11,"turns":6},{"damage":0,"enemies":"Lots of Slimes","floor":12,"turns":4},{"damage":0,"enemies":"Blue Slaver","floor":14,"turns":3},{"damage":23,"enemies":"The Guardian","floor":16,"turns":10},{"damage":12,"enemies":"Spheric Guardian","floor":18,"turns":4},{"damage":1,"enemies":"2 Thieves","floor":19,"turns":4},{"damage":32,"enemies":"Centurion and Healer","floor":21,"turns":10},{"damage":53,"enemies":"Slavers","floor":23,"turns":4}],"seed_played":"4383034864700440273","potions_obtained":[{"floor":4,"key":"AttackPotion"},{"floor":11,"key":"Fire Potion"},{"floor":12,"key":"Strength Potion"},{"floor":18,"key":"Block Potion"}],"is_trial":false,"path_per_floor":["M","?","?","M","$","R","M","E","T","R","E","M","?","M","R","B",null,"M","M","$","M","?","E"],"character_chosen":"DEFECT","items_purchased":["Self Repair","Ancient Tea Set","Coolheaded"],"campfire_rested":0,"item_purchase_floors":[5,20,20],"current_hp_per_floor":[64,43,60,60,60,60,70,48,48,48,42,52,52,62,62,49,66,64,71,71,49,49,0],"gold":0,"neow_bonus":"THREE_ENEMY_KILL","is_prod":false,"is_daily":false,"chose_seed":false,"campfire_upgraded":3,"win_rate":0,"timestamp":1554289490,"path_taken":["M","?","?","?","?","R","?","E","T","R","E","M","?","M","R","BOSS","M","M","$","M","?","E"],"build_version":"2019-01-23","purchased_purges":0,"victory":false,"max_hp_per_floor":[71,71,71,71,71,71,71,71,71,71,71,71,71,71,71,71,71,71,71,71,71,71,71],"card_choices":[{"not_picked":["Gash","Leap"],"picked":"Ball Lightning","floor":1},{"not_picked":["Gash","Barrage","Redo"],"picked":"SKIP","floor":4},{"not_picked":["Compile Driver","Undo"],"picked":"Barrage","floor":7},{"not_picked":["Sweeping Beam","Aggregate"],"picked":"Seek","floor":8},{"not_picked":["Redo","Fusion","Barrage"],"picked":"SKIP","floor":11},{"not_picked":["Double Energy","Compile Driver"],"picked":"Leap","floor":12},{"not_picked":["Turbo","Ball Lightning","Redo"],"picked":"SKIP","floor":14},{"not_picked":["Meteor Strike","Rainbow"],"picked":"Core Surge","floor":16},{"not_picked":["Rebound","Conserve Battery"],"picked":"Redo+1","floor":18},{"not_picked":["Redo","Coolheaded"],"picked":"Capacitor","floor":19},{"not_picked":["Go for the Eyes","Streamline+1"],"picked":"Coolheaded","floor":21}],"player_experience":2844732,"relics_obtained":[{"floor":9,"key":"Thread and Needle"},{"floor":11,"key":"PreservedInsect"}],"event_choices":[{"damage_healed":0,"gold_gain":0,"player_choice":"Entered Light","damage_taken":21,"max_hp_gain":0,"max_hp_loss":0,"event_name":"Shining Light","floor":2,"gold_loss":0,"cards_upgraded":["Dualcast","Defend_B"]},{"damage_healed":17,"gold_gain":0,"player_choice":"Healed","damage_taken":0,"max_hp_gain":0,"max_hp_loss":0,"event_name":"The Cleric","floor":3,"gold_loss":35},{"damage_healed":0,"gold_gain":0,"cards_transformed":["Strike_B"],"player_choice":"Change","damage_taken":0,"max_hp_gain":0,"max_hp_loss":0,"event_name":"Living Wall","floor":13,"gold_loss":0,"cards_obtained":["Recycle"]},{"damage_healed":0,"gold_gain":0,"player_choice":"Paid Fearfully","damage_taken":0,"max_hp_gain":0,"max_hp_loss":0,"event_name":"Masked Bandits","floor":22,"gold_loss":28}],"is_beta":false,"boss_relics":[{"not_picked":["Orrery","Eternal Feather"],"picked":"Black Star"}],"items_purged_floors":[],"is_endless":false,"potions_floor_spawned":[4,11,12,18],"killed_by":"Slavers","ascension_level":20}