{"gold_per_floor":[118,138,138,138,151,151,171,78,101,57,76,87,87,113,113,184,184,198,113,63,79,97,97,111,130,201,218,218,298,316,335,335,408,408,420,420,465,465,483,483,250,262,262,290,301,312,323,350,350,350,350,350,350,18,43,43],"floor_reached":56,"playtime":3087,"items_purged":["Strike_B"],"score":1980,"play_id":"db188b79-1661-488f-a720-99c81a9ecd3d","local_time":"20190320144135","is_ascension_mode":true,"campfire_choices":[{"data":"Zap","floor":6,"key":"SMITH"},{"data":"Sunder","floor":13,"key":"SMITH"},{"data":"Defragment","floor":15,"key":"SMITH"},{"data":"Seek","floor":23,"key":"SMITH"},{"data":"Defragment","floor":28,"key":"SMITH"},{"floor":32,"key":"REST"},{"data":"Strike_B","floor":40,"key":"PURGE"},{"floor":49,"key":"RECALL"},{"data":"Blizzard","floor":53,"key":"SMITH"}],"neow_cost":"NONE","seed_source_timestamp":69560120221300,"circlet_count":0,"master_deck":["AscendersBane","Defend_B+1","Defend_B","Defend_B","Zap+1","Dualcast","Chill","Double Energy+1","Cold Snap","Defragment+1","Capacitor","Sunder+1","Defragment+1","Cold Snap","Seek+1","Turbo","White Noise","Coolheaded","Cold Snap","White Noise","Self Repair+1","Seek","Loop+1","Skim+1","Loop+1","Coolheaded+1","Buffer+1","Blizzard+1","Echo Form+1"],"relics":["Cracked Core","Centennial Puzzle","Happy Flower","Bronze Scales","Potion Belt","Anchor","Empty Cage","Vajra","Symbiotic Virus","Frozen Egg 2","Coffee Dripper","Peace Pipe","Mercury Hourglass","Kunai","Bag of Preparation","Blood Vial"],"potions_floor_usage":[16,25,33,33,37,39,45,51,51,56,56],"damage_taken":[{"damage":3,"enemies":"2 Louse","floor":1,"turns":2},{"damage":7,"enemies":"Jaw Worm","floor":2,"turns":3},{"damage":0,"enemies":"Cultist","floor":5,"turns":3},{"damage":9,"enemies":"Red Slaver","floor":7,"turns":3},{"damage":4,"enemies":"Exordium Thugs","floor":11,"turns":5},{"damage":9,"enemies":"Looter","floor":12,"turns":2},{"damage":2,"enemies":"3 Sentries","floor":14,"turns":5},{"damage":5,"enemies":"The Guardian","floor":16,"turns":9},{"damage":12,"enemies":"Spheric Guardian","floor":18,"turns":3},{"damage":0,"enemies":"2 Thieves","floor":21,"turns":4},{"damage":3,"enemies":"Sentry and Sphere","floor":22,"turns":4},{"damage":0,"enemies":"Centurion and Healer","floor":24,"turns":7},{"damage":6,"enemies":"Snecko","floor":25,"turns":7},{"damage":0,"enemies":"3 Cultists","floor":27,"turns":3},{"damage":0,"enemies":"Centurion and Healer","floor":30,"turns":9},{"damage":13,"enemies":"Snecko","floor":31,"turns":7},{"damage":6,"enemies":"Champ","floor":33,"turns":16},{"damage":5,"enemies":"3 Shapes","floor":35,"turns":4},{"damage":19,"enemies":"2 Orb Walkers","floor":37,"turns":5},{"damage":31,"enemies":"3 Darklings","floor":39,"turns":7},{"damage":4,"enemies":"Spire Growth","floor":42,"turns":5},{"damage":10,"enemies":"Nemesis","floor":44,"turns":11},{"damage":11,"enemies":"Writhing Mass","floor":45,"turns":3},{"damage":9,"enemies":"3 Darklings","floor":46,"turns":6},{"damage":0,"enemies":"Sphere and 2 Shapes","floor":47,"turns":5},{"damage":0,"enemies":"Giant Head","floor":48,"turns":12},{"damage":0,"enemies":"Time Eater","floor":50,"turns":18},{"damage":33,"enemies":"Awakened One","floor":51,"turns":25},{"damage":2,"enemies":"Shield and Spear","floor":55,"turns":9},{"damage":67,"enemies":"The Heart","floor":56,"turns":3}],"seed_played":"315345864136139812","potions_obtained":[{"floor":2,"key":"Strength Potion"},{"floor":7,"key":"Energy Potion"},{"floor":14,"key":"PowerPotion"},{"floor":16,"key":"AttackPotion"},{"floor":21,"key":"LiquidBronze"},{"floor":25,"key":"Swift Potion"},{"floor":31,"key":"Ancient Potion"},{"floor":33,"key":"Strength Potion"},{"floor":37,"key":"GamblersBrew"},{"floor":39,"key":"SkillPotion"},{"floor":46,"key":"Fire Potion"}],"is_trial":false,"path_per_floor":["M","M","?","?","M","R","M","$","T","$","M","M","R","E","R","B",null,"M","?","?","M","M","R","M","M","T","M","R","T","M","M","R","B",null,"M","?","?","?","M","R","$","M","T","E","M","M","M","E","R","B","B",null,"R","$","E","B"],"character_chosen":"DEFECT","items_purchased":["Defragment","Fire Potion","Capacitor","Loop+1","FocusPotion","Bag of Preparation","Echo Form+1","FocusPotion"],"campfire_rested":1,"item_purchase_floors":[8,8,10,41,41,54,54,54],"current_hp_per_floor":[61,54,36,36,36,36,27,27,27,27,23,14,14,12,12,7,55,43,43,43,43,40,40,40,34,34,34,34,34,34,31,52,56,67,71,67,67,67,46,46,46,52,52,52,41,42,42,52,52,62,39,60,60,60,67,0],"gold":43,"neow_bonus":"RANDOM_COMMON_RELIC","is_prod":false,"is_daily":false,"chose_seed":false,"campfire_upgraded":6,"win_rate":0,"timestamp":1553060495,"path_taken":["M","M","?","?","?","R","M","?","T","$","M","M","R","E","R","BOSS","M","?","?","M","?","R","M","M","T","M","R","?","M","M","R","BOSS","M","?","?","?","M","R","$","M","T","E","M","?","M","E","R","BOSS","BOSS","R","$","E","BOSS"],"build_version":"2019-01-23","purchased_purges":1,"victory":false,"max_hp_per_floor":[71,71,71,71,71,71,71,71,71,71,71,71,71,71,71,71,71,71,71,71,71,71,71,71,71,71,71,71,71,71,71,71,71,71,71,67,67,67,67,67,67,67,67,67,67,67,67,67,67,67,67,67,67,67,67,67],"card_choices":[{"not_picked":["Go for the Eyes","Chaos"],"picked":"Chill","floor":1},{"not_picked":["Steam","Double Energy","Skim"],"picked":"SKIP","floor":2},{"not_picked":["Steam","Skim"],"picked":"Double Energy","floor":2},{"not_picked":["Beam Cell","Stack","Fusion"],"picked":"SKIP","floor":5},{"not_picked":["Ball Lightning","Beam Cell"],"picked":"Cold Snap","floor":7},{"not_picked":["Conserve Battery","Rebound"],"picked":"Sunder","floor":11},{"not_picked":["Loop","Rebound"],"picked":"Defragment","floor":12},{"not_picked":["Beam Cell","Doom and Gloom"],"picked":"Cold Snap","floor":14},{"not_picked":["Biased Cognition","Hyperbeam"],"picked":"Seek","floor":16},{"not_picked":["Auto Shields","Fusion","Redo"],"picked":"SKIP","floor":18},{"not_picked":["Undo","Coolheaded"],"picked":"Turbo","floor":21},{"not_picked":["BootSequence+1","Steam"],"picked":"White Noise","floor":22},{"not_picked":["Sweeping Beam+1","Meteor Strike"],"picked":"Coolheaded","floor":24},{"not_picked":["Go for the Eyes","Scrape"],"picked":"Cold Snap","floor":25},{"not_picked":["Tempest","FTL"],"picked":"White Noise","floor":27},{"not_picked":["Lockon","Rip and Tear"],"picked":"Self Repair+1","floor":30},{"not_picked":["Barrage","FTL","Sweeping Beam"],"picked":"SKIP","floor":31},{"not_picked":["Multi-Cast","All For One"],"picked":"Seek","floor":33},{"not_picked":["Barrage","Turbo"],"picked":"Loop+1","floor":35},{"not_picked":["Ball Lightning","Gash"],"picked":"Skim+1","floor":39},{"not_picked":["Cold Snap","Barrage+1"],"picked":"Coolheaded+1","floor":42},{"not_picked":["Chaos","Static Discharge+1","Gash"],"picked":"SKIP","floor":44},{"not_picked":["Turbo","Redo","Go for the Eyes"],"picked":"SKIP","floor":45},{"not_picked":["Redo","Stack"],"picked":"Buffer+1","floor":46},{"not_picked":["Ball Lightning","Beam Cell"],"picked":"Blizzard","floor":47},{"not_picked":["Doom and Gloom","Rip and Tear+1","Auto Shields"],"picked":"SKIP","floor":48},{"not_picked":["Storm+1","Rainbow","Heatsinks+1"],"picked":"SKIP","floor":55}],"player_experience":2404721,"relics_obtained":[{"floor":9,"key":"Potion Belt"},{"floor":14,"key":"Anchor"},{"floor":26,"key":"Symbiotic Virus"},{"floor":29,"key":"Frozen Egg 2"},{"floor":37,"key":"Peace Pipe"},{"floor":44,"key":"Mercury Hourglass"},{"floor":48,"key":"Kunai"},{"floor":55,"key":"Blood Vial"}],"event_choices":[{"damage_healed":0,"gold_gain":0,"player_choice":"Success","damage_taken":18,"relics_obtained":["Happy Flower"],"max_hp_gain":0,"max_hp_loss":0,"event_name":"Scrap Ooze","floor":3,"gold_loss":0},{"damage_healed":0,"gold_gain":0,"player_choice":"Gave Potion","damage_taken":0,"relics_obtained":["Bronze Scales"],"max_hp_gain":0,"max_hp_loss":0,"event_name":"WeMeetAgain","floor":4,"gold_loss":0},{"damage_healed":0,"gold_gain":0,"player_choice":"Obtained Relic","damage_taken":0,"relics_obtained":["Vajra"],"max_hp_gain":0,"max_hp_loss":0,"event_name":"Addict","floor":19,"gold_loss":85},{"damage_healed":0,"gold_gain":0,"player_choice":"Upgraded Two","damage_taken":0,"max_hp_gain":0,"max_hp_loss":0,"event_name":"Designer","floor":20,"gold_loss":50,"cards_upgraded":["Defend_B","Double Energy"]},{"damage_healed":0,"gold_gain":0,"player_choice":"Max HP","damage_taken":0,"max_hp_gain":0,"max_hp_loss":4,"event_name":"Winding Halls","floor":36,"gold_loss":0},{"damage_healed":0,"gold_gain":0,"player_choice":"Fight","damage_taken":0,"max_hp_gain":0,"max_hp_loss":0,"event_name":"Mysterious Sphere","floor":37,"gold_loss":0},{"cards_removed":["Strike_B"],"damage_healed":0,"gold_gain":0,"player_choice":"Purged","damage_taken":0,"max_hp_gain":0,"max_hp_loss":0,"event_name":"Purifier","floor":38,"gold_loss":0}],"is_beta":false,"boss_relics":[{"not_picked":["Calling Bell","Eternal Feather"],"picked":"Empty Cage"},{"not_picked":["Lizard Tail","Sozu"],"picked":"Coffee Dripper"}],"items_purged_floors":[41],"is_endless":false,"potions_floor_spawned":[2,7,14,16,21,24,25,31,33,37,39,46],"killed_by":"The Heart","ascension_level":20}