{"gold_per_floor":[114,31,31,50,64,64,84,84,84,84,100,100,134,153,153,227,227,242,113,113,113],"floor_reached":21,"playtime":871,"items_purged":[],"score":458,"play_id":"fa2960e9-96c7-4ad6-b892-43cbbb8373ef","local_time":"20190402205525","is_ascension_mode":true,"campfire_choices":[{"data":"Armaments","floor":6,"key":"SMITH"},{"data":"True Grit","floor":8,"key":"SMITH"},{"data":"Bash","floor":10,"key":"SMITH"},{"floor":15,"key":"REST"}],"neow_cost":"NONE","seed_source_timestamp":380527854646800,"circlet_count":0,"master_deck":["AscendersBane","Strike_R","Strike_R","Strike_R","Strike_R","Strike_R+1","Defend_R","Defend_R+1","Defend_R","Defend_R","Bash+1","Reaper","Entrench","True Grit+1","Armaments+1","Feel No Pain","Seeing Red","Demon Form","Battle Trance","Necronomicurse"],"relics":["Burning Blood","The Courier","Nunchaku","Sozu","PreservedInsect","Necronomicon"],"potions_floor_usage":[13,16,18],"damage_taken":[{"damage":1,"enemies":"2 Louse","floor":1,"turns":2},{"damage":19,"enemies":"Jaw Worm","floor":4,"turns":5},{"damage":10,"enemies":"Small Slimes","floor":5,"turns":6},{"damage":2,"enemies":"Looter","floor":7,"turns":5},{"damage":8,"enemies":"3 Louse","floor":11,"turns":4},{"damage":49,"enemies":"Gremlin Nob","floor":13,"turns":6},{"damage":5,"enemies":"2 Fungi Beasts","floor":14,"turns":4},{"damage":0,"enemies":"Slime Boss","floor":16,"turns":40},{"damage":56,"enemies":"3 Byrds","floor":18,"turns":10},{"damage":0,"enemies":"Shell Parasite","floor":21,"turns":1}],"seed_played":"-3291187040867383422","potions_obtained":[{"floor":11,"key":"Weak Potion"},{"floor":13,"key":"FearPotion"},{"floor":16,"key":"Block Potion"}],"is_trial":false,"path_per_floor":["M","$","?","M","M","R","M","R","T","R","M","?","E","M","R","B",null,"M","$","?","M"],"character_chosen":"IRONCLAD","items_purchased":["True Grit","PowerPotion","PreservedInsect"],"campfire_rested":1,"item_purchase_floors":[2,2,19],"current_hp_per_floor":[73,73,78,65,65,65,71,71,71,71,73,49,12,13,37,47,72,31,31,10,10],"gold":113,"neow_bonus":"ONE_RANDOM_RARE_CARD","is_prod":false,"is_daily":false,"chose_seed":false,"campfire_upgraded":3,"win_rate":0,"timestamp":1554206125,"path_taken":["M","$","?","M","M","R","M","R","T","R","M","?","E","M","R","BOSS","M","$","?","M"],"build_version":"2019-01-23","purchased_purges":0,"victory":false,"max_hp_per_floor":[75,75,80,80,80,80,80,80,80,80,80,80,80,80,80,80,80,80,80,80,80],"card_choices":[{"not_picked":["Havoc","Burning Pact"],"picked":"Entrench","floor":1},{"not_picked":["Headbutt","Infernal Blade"],"picked":"Armaments","floor":4},{"not_picked":["Sentinel","Armaments"],"picked":"Feel No Pain","floor":5},{"not_picked":["Warcry","True Grit","Twin Strike"],"picked":"SKIP","floor":7},{"not_picked":["Clash","Perfected Strike","Blood for Blood"],"picked":"SKIP","floor":11},{"not_picked":["Clash","Perfected Strike","Blood for Blood"],"picked":"SKIP","floor":11},{"not_picked":["Wild Strike","Blood for Blood","Armaments"],"picked":"SKIP","floor":13},{"not_picked":["Havoc","Juggernaut"],"picked":"Seeing Red","floor":14},{"not_picked":["Brutality","Reaper"],"picked":"Demon Form","floor":16},{"not_picked":["Spot Weakness","Carnage"],"picked":"Battle Trance","floor":18}],"player_experience":2822949,"relics_obtained":[{"floor":9,"key":"The Courier"},{"floor":13,"key":"Nunchaku"},{"floor":20,"key":"Necronomicon"}],"event_choices":[{"damage_healed":0,"gold_gain":0,"player_choice":"Donut","damage_taken":0,"max_hp_gain":5,"max_hp_loss":0,"event_name":"Big Fish","floor":3,"gold_loss":0},{"damage_healed":0,"gold_gain":0,"player_choice":"Entered Light","damage_taken":24,"max_hp_gain":0,"max_hp_loss":0,"event_name":"Shining Light","floor":12,"gold_loss":0,"cards_upgraded":["Strike_R","Defend_R"]},{"damage_healed":0,"gold_gain":0,"player_choice":"Obtained Book","damage_taken":21,"max_hp_gain":0,"max_hp_loss":0,"event_name":"Cursed Tome","floor":20,"gold_loss":0}],"is_beta":false,"boss_relics":[{"not_picked":["Busted Crown","Black Blood"],"picked":"Sozu"}],"items_purged_floors":[],"is_endless":false,"potions_floor_spawned":[11,13,16],"killed_by":"Shell Parasite","ascension_level":20}