{"path_per_floor":["M","?","?","?","M","R","E","M","T","?","$","E","?","E","R","B",null,"M","?","$","M","?","R","E","R","T","R"],"character_chosen":"DEFECT","items_purchased":["Beam Cell","AttackPotion","PowerPotion"],"gold_per_floor":[110,110,110,110,135,135,170,191,191,191,40,76,76,115,115,235,235,248,173,98,118,118,118,158,158,158,158,158],"floor_reached":28,"campfire_rested":4,"playtime":2352,"item_purchase_floors":[11,11,11],"current_hp_per_floor":[69,54,54,54,52,74,54,54,54,54,54,54,54,29,51,51,75,67,67,67,67,51,73,44,66,66,66,0],"items_purged":["Defend_B"],"gold":158,"score":390,"play_id":"3aaead2e-89fe-4648-ab0b-fcf087b96cea","local_time":"20180608210540","is_prod":false,"is_daily":false,"chose_seed":false,"is_ascension_mode":true,"campfire_upgraded":1,"win_rate":0,"timestamp":1528481140,"campfire_choices":[{"floor":6,"key":"REST"},{"floor":15,"key":"REST"},{"floor":23,"key":"REST"},{"floor":25,"key":"REST"},{"data":"Redo","floor":27,"key":"SMITH"}],"path_taken":["M","?","?","?","M","R","E","M","T","?","$","E","?","E","R","BOSS","M","?","$","M","?","R","E","R","T","R","E"],"build_version":"2018-06-07","seed_source_timestamp":1549437735539502,"purchased_purges":1,"victory":false,"master_deck":["Strike_B","Strike_B","Strike_B+1","Defend_B","Defend_B","Zap+1","Dualcast","Conserve Battery","Hologram","Redo+1","Gash","Beam Cell","FTL","Streamline","Machine Learning","Gash","Steam","Redo+1"],"max_hp_per_floor":[75,75,75,75,75,75,75,75,75,75,75,75,75,75,75,75,75,75,75,75,75,75,75,75,75,75,75,75],"relics":["Cracked Core","Potion Belt","Golden Idol","Cables","Vajra","Question Card","Juzu Bracelet","Black Star","Smiling Mask","Shuriken","Molten Egg 2"],"card_choices":[{"not_picked":["Compile Driver","Steam Power"],"picked":"Conserve Battery","floor":1},{"not_picked":["Sweeping Beam","Leap"],"picked":"Hologram","floor":5},{"not_picked":["Barrage","Compile Driver"],"picked":"Redo","floor":7},{"not_picked":["Beam Cell","Hologram"],"picked":"Gash","floor":8},{"not_picked":["All For One","Stack"],"picked":"FTL","floor":12},{"not_picked":["Melter","Reboot","Sunder"],"picked":"Streamline","floor":14},{"not_picked":["Rainbow","Buffer","Hyperbeam"],"picked":"Machine Learning","floor":16},{"not_picked":["Steam Power","Steam+1","Auto Shields"],"picked":"Gash","floor":18},{"not_picked":["Streamline","Redo","Auto Shields"],"picked":"Steam","floor":21},{"not_picked":["Go for the Eyes","Biased Cognition","Melter"],"picked":"Redo+1","floor":24}],"player_experience":491960,"potions_floor_usage":[14,14,16,28],"damage_taken":[{"damage":6,"enemies":"2 Louse","floor":1,"turns":2},{"damage":2,"enemies":"Jaw Worm","floor":5,"turns":4},{"damage":20,"enemies":"3 Sentries","floor":7,"turns":9},{"damage":0,"enemies":"Cultist","floor":8,"turns":2},{"damage":0,"enemies":"Gremlin Nob","floor":12,"turns":3},{"damage":25,"enemies":"Lagavulin","floor":14,"turns":4},{"damage":0,"enemies":"Slime Boss","floor":16,"turns":6},{"damage":8,"enemies":"3 Byrds","floor":18,"turns":4},{"damage":0,"enemies":"Spheric Guardian","floor":21,"turns":3},{"damage":29,"enemies":"Gremlin Leader","floor":24,"turns":6},{"damage":68,"enemies":"Slavers","floor":28,"turns":5}],"relics_obtained":[{"floor":7,"key":"Cables"},{"floor":9,"key":"Vajra"},{"floor":12,"key":"Question Card"},{"floor":14,"key":"Juzu Bracelet"},{"floor":24,"key":"Smiling Mask"},{"floor":24,"key":"Shuriken"},{"floor":26,"key":"Molten Egg 2"}],"event_choices":[{"event_name":"Shining Light","player_choice":"Entered Light","floor":2,"damage_taken":0},{"event_name":"Golden Idol","player_choice":"Take Wound","floor":3,"damage_taken":0},{"event_name":"Living Wall","player_choice":"Forget","floor":4,"damage_taken":0},{"event_name":"Purifier","player_choice":"One Purge","floor":10,"damage_taken":0},{"event_name":"Liars Game","player_choice":"disagreed","floor":13,"damage_taken":0},{"event_name":"Beggar","player_choice":"Gave Gold","floor":19,"damage_taken":0},{"event_name":"Cursed Tome","player_choice":"Obtained Book","floor":22,"damage_taken":0}],"boss_relics":[{"not_picked":["Runic Pyramid","Tiny House"],"picked":"Black Star"}],"items_purged_floors":[20],"potions_floor_spawned":[7,24],"seed_played":"-3237130054704579265","killed_by":"Slavers","ascension_level":4,"potions_obtained":[{"floor":7,"key":"Fire Potion"},{"floor":24,"key":"FearPotion"}],"is_trial":false}