{"gold_per_floor":[112,124,124,124,148,148,183,183,234,234,6,27,27,27,65,65,191,191,215,215,230,145,72,72,112,112,112,112,112,187,206,229,99,99,227,227,248,248,248,263,263,263,263,263,263,263,284,297,297,11,34,34,34],"floor_reached":54,"playtime":3266,"items_purged":["Regret","Doubt"],"score":809,"play_id":"b4e56c5e-fd65-456b-acd1-229a2392f145","local_time":"20190326003153","is_ascension_mode":true,"campfire_choices":[{"data":"Defragment","floor":6,"key":"SMITH"},{"data":"Defragment","floor":8,"key":"SMITH"},{"data":"Coolheaded","floor":14,"key":"SMITH"},{"data":"Coolheaded","floor":16,"key":"SMITH"},{"data":"Beam Cell","floor":24,"key":"SMITH"},{"data":"Lockon","floor":26,"key":"SMITH"},{"data":"Reprogram","floor":29,"key":"SMITH"},{"data":"Coolheaded","floor":34,"key":"SMITH"},{"data":"Fission","floor":42,"key":"SMITH"},{"data":"Reinforced Body","floor":44,"key":"SMITH"},{"data":"Blizzard","floor":52,"key":"SMITH"}],"neow_cost":"NONE","seed_source_timestamp":103625881373000,"circlet_count":0,"master_deck":["Ball Lightning","Conserve Battery","Conserve Battery","Coolheaded+1","Leap","Reinforced Body+1","Cold Snap","Coolheaded+1","Defragment+1","Defragment+1","Hello World","Reprogram+1","Beam Cell+1","Sweeping Beam","White Noise","Coolheaded+1","Fission+1","Aggregate+1","Stack","Steam+1","Steam","Blizzard+1","Hello World","Hello World+1"],"relics":["Cursed Key","Golden Idol","Thread and Needle","Potion Belt","Blood Vial","Mummified Hand","Nuclear Battery","Happy Flower","Orichalcum","Velvet Choker","Pear","Boot"],"potions_floor_usage":[41,53,53,53,53],"damage_taken":[{"damage":0,"enemies":"Jaw Worm","floor":1,"turns":4},{"damage":1,"enemies":"2 Louse","floor":2,"turns":3},{"damage":2,"enemies":"Small Slimes","floor":5,"turns":3},{"damage":1,"enemies":"3 Sentries","floor":7,"turns":7},{"damage":0,"enemies":"Gremlin Gang","floor":12,"turns":6},{"damage":0,"enemies":"Gremlin Nob","floor":15,"turns":6},{"damage":0,"enemies":"Slime Boss","floor":17,"turns":6},{"damage":0,"enemies":"Chosen","floor":19,"turns":4},{"damage":0,"enemies":"Spheric Guardian","floor":21,"turns":4},{"damage":10,"enemies":"Gremlin Leader","floor":25,"turns":7},{"damage":0,"enemies":"Shelled Parasite and Fungi","floor":31,"turns":4},{"damage":0,"enemies":"Centurion and Healer","floor":32,"turns":5},{"damage":4,"enemies":"Collector","floor":35,"turns":10},{"damage":0,"enemies":"Orb Walker","floor":37,"turns":4},{"damage":1,"enemies":"3 Shapes","floor":40,"turns":5},{"damage":0,"enemies":"Transient","floor":41,"turns":1},{"damage":0,"enemies":"Maw","floor":47,"turns":8},{"damage":6,"enemies":"Writhing Mass","floor":48,"turns":9},{"damage":24,"enemies":"Jaw Worm Horde","floor":51,"turns":5},{"damage":4,"enemies":"Donu and Deca","floor":53,"turns":13}],"seed_played":"2025042355798416863","potions_obtained":[{"floor":1,"key":"Weak Potion"},{"floor":7,"key":"Poison Potion"},{"floor":12,"key":"Weak Potion"},{"floor":17,"key":"Block Potion"},{"floor":25,"key":"SmokeBomb"},{"floor":31,"key":"SkillPotion"},{"floor":32,"key":"AttackPotion"},{"floor":47,"key":"Regen Potion"}],"is_trial":false,"path_per_floor":["M","M","?","T","M","R","E","R","T","T","$","M","?","R","E","R","B",null,"M","?","M","?","$","R","E","R","T","T","R","?","M","M","$","R","B",null,"M","?","?","M","M","R","?","R","T","T","M","M","?","$","M","R","B",null],"character_chosen":"DEFECT","items_purchased":["Blood Vial","White Noise","FocusPotion","Coolheaded","Blizzard","SkillPotion","Hello World"],"campfire_rested":0,"item_purchase_floors":[11,23,33,33,50,50,50],"current_hp_per_floor":[75,74,56,56,54,54,53,53,53,53,53,55,55,55,57,57,59,75,75,75,75,75,75,75,65,65,65,65,65,58,60,62,62,62,60,75,75,75,75,74,75,75,85,85,85,85,85,79,79,79,57,57,70],"gold":34,"neow_bonus":"BOSS_RELIC","is_prod":false,"is_daily":false,"chose_seed":false,"campfire_upgraded":11,"win_rate":0,"timestamp":1553527913,"path_taken":["M","M","?","?","M","R","E","R","T","$","M","?","R","E","R","BOSS","M","?","M","?","?","R","E","R","T","R","?","M","?","$","R","BOSS","M","?","?","M","?","R","?","R","T","M","?","?","$","M","R","BOSS"],"build_version":"2019-01-23","purchased_purges":2,"victory":true,"max_hp_per_floor":[75,75,75,75,75,75,75,75,75,75,75,75,75,75,75,75,75,75,75,75,75,75,75,75,75,75,75,75,75,75,75,75,75,75,75,75,75,75,75,75,75,75,85,85,85,85,85,85,85,85,85,85,85],"card_choices":[{"not_picked":["Streamline","FTL","Turbo"],"picked":"SKIP","floor":1},{"not_picked":["Redo","Chill"],"picked":"Hello World","floor":2},{"not_picked":["Defragment","Cold Snap","Stack"],"picked":"SKIP","floor":5},{"not_picked":["Self Repair","Tempest","Recycle"],"picked":"SKIP","floor":7},{"not_picked":["Sweeping Beam","Ball Lightning"],"picked":"Reprogram","floor":12},{"not_picked":["Self Repair","Buffer","Cold Snap"],"picked":"SKIP","floor":15},{"not_picked":["Gash+1","Compile Driver"],"picked":"Beam Cell","floor":19},{"not_picked":["Stack","Cold Snap+1"],"picked":"Sweeping Beam","floor":21},{"not_picked":["Consume","Hologram"],"picked":"Lockon","floor":25},{"not_picked":["Cold Snap+1","Self Repair","Hologram"],"picked":"SKIP","floor":31},{"not_picked":["Turbo","Leap+1","Heatsinks"],"picked":"SKIP","floor":32},{"not_picked":["Buffer","Biased Cognition"],"picked":"Fission","floor":35},{"not_picked":["Redo","Conserve Battery+1"],"picked":"Aggregate+1","floor":37},{"not_picked":["Coolheaded+1","Loop+1"],"picked":"Stack","floor":40},{"not_picked":["Capacitor+1","Gash"],"picked":"Steam+1","floor":47},{"not_picked":["Go for the Eyes+1","Blizzard+1"],"picked":"Steam","floor":48},{"not_picked":["Scrape","Turbo+1"],"picked":"Hello World+1","floor":51}],"player_experience":2590208,"relics_obtained":[{"floor":7,"key":"Thread and Needle"},{"floor":9,"key":"Potion Belt"},{"floor":15,"key":"Mummified Hand"},{"floor":25,"key":"Orichalcum"},{"floor":45,"key":"Boot"}],"event_choices":[{"damage_healed":0,"gold_gain":0,"player_choice":"Take Damage","damage_taken":18,"relics_obtained":["Golden Idol"],"max_hp_gain":0,"max_hp_loss":0,"event_name":"Golden Idol","floor":3,"gold_loss":0},{"damage_healed":0,"gold_gain":0,"player_choice":"Leave","damage_taken":0,"max_hp_gain":0,"max_hp_loss":0,"event_name":"The Cleric","floor":13,"gold_loss":0},{"damage_healed":0,"gold_gain":0,"player_choice":"Ignored","damage_taken":0,"max_hp_gain":0,"max_hp_loss":0,"event_name":"Vampires","floor":20,"gold_loss":0},{"damage_healed":0,"gold_gain":0,"player_choice":"Obtained Relic","damage_taken":0,"relics_obtained":["Happy Flower"],"max_hp_gain":0,"max_hp_loss":0,"event_name":"Addict","floor":22,"gold_loss":85},{"damage_healed":0,"gold_gain":75,"player_choice":"Touch","damage_taken":7,"max_hp_gain":0,"max_hp_loss":0,"event_name":"FaceTrader","floor":30,"gold_loss":0},{"damage_healed":0,"gold_gain":0,"player_choice":"Ignored","damage_taken":0,"max_hp_gain":0,"max_hp_loss":0,"event_name":"Mysterious Sphere","floor":38,"gold_loss":0},{"damage_healed":0,"gold_gain":0,"player_choice":"Full Heal","damage_taken":0,"max_hp_gain":0,"max_hp_loss":0,"event_name":"Wheel of Change","floor":39,"gold_loss":0},{"damage_healed":0,"gold_gain":0,"player_choice":"Gave Potion","damage_taken":0,"relics_obtained":["Pear"],"max_hp_gain":0,"max_hp_loss":0,"event_name":"WeMeetAgain","floor":43,"gold_loss":0},{"cards_removed":["Lockon"],"damage_healed":0,"gold_gain":0,"player_choice":"Removed Attack","damage_taken":0,"max_hp_gain":0,"max_hp_loss":0,"event_name":"Falling","floor":49,"gold_loss":0}],"is_beta":false,"boss_relics":[{"not_picked":["Eternal Feather","Busted Crown"],"picked":"Nuclear Battery"},{"not_picked":["Pandora\u0027s Box","Snecko Eye"],"picked":"Velvet Choker"}],"items_purged_floors":[11,50],"is_endless":false,"potions_floor_spawned":[1,7,12,17,25,31,32,37,41,47],"ascension_level":2}