{"gold_per_floor":[112,112,187,26,26,55,71,81,111,174,10,42,53,70,70,141,141,155,155,173,173,193,193,32,32,32,32,50,50,80,97,97,173,173,184,1183,1203,691,691,723,723,751,751,751,751,784,799,418,418,418,418,418,418,51,77,77],"floor_reached":57,"playtime":2655,"items_purged":["Bash","Strike_R+1"],"score":3057,"play_id":"e1e115d3-3627-4739-8645-7449768ada03","local_time":"20190425125838","is_ascension_mode":true,"campfire_choices":[{"data":"True Grit","floor":15,"key":"SMITH"},{"data":"Whirlwind","floor":23,"key":"SMITH"},{"data":"Exhume","floor":25,"key":"SMITH"},{"floor":29,"key":"REST"},{"floor":32,"key":"REST"},{"data":"Apotheosis","floor":41,"key":"SMITH"},{"data":"Barricade","floor":44,"key":"SMITH"},{"floor":49,"key":"RECALL"},{"data":"Demon Form","floor":53,"key":"SMITH"}],"neow_cost":"NONE","seed_source_timestamp":261169295152800,"circlet_count":0,"master_deck":["AscendersBane","Defend_R+1","Defend_R","Defend_R","Defend_R","Whirlwind+1","Feel No Pain","True Grit+1","Feed+1","Battle Trance+1","Offering","Demon Form+1","Disarm+1","Heavy Blade+1","Power Through","Ghostly","Ghostly","Ghostly","Exhume+1","Shrug It Off+1","Seeing Red+1","Demon Form+1","Barricade+1","Apotheosis+1","Reaper","Corruption","Impervious","Disarm"],"relics":["Burning Blood","NeowsBlessing","Potion Belt","Pear","Tiny Chest","Bronze Scales","Bag of Marbles","Strawberry","Astrolabe","Omamori","PreservedInsect","Whetstone","Velvet Choker","Red Skull","Orichalcum","Turnip","Art of War","Bag of Preparation","Medical Kit","War Paint"],"potions_floor_usage":[12,12,16,30,40,42,56,56,56,56],"damage_taken":[{"damage":0,"enemies":"Jaw Worm","floor":1,"turns":1},{"damage":0,"enemies":"Gremlin Nob","floor":6,"turns":1},{"damage":0,"enemies":"Small Slimes","floor":7,"turns":2},{"damage":0,"enemies":"2 Louse","floor":8,"turns":3},{"damage":53,"enemies":"Gremlin Nob","floor":10,"turns":5},{"damage":12,"enemies":"3 Sentries","floor":12,"turns":5},{"damage":4,"enemies":"2 Fungi Beasts","floor":13,"turns":3},{"damage":6,"enemies":"Gremlin Gang","floor":14,"turns":4},{"damage":21,"enemies":"The Guardian","floor":16,"turns":16},{"damage":28,"enemies":"Shell Parasite","floor":18,"turns":6},{"damage":12,"enemies":"3 Byrds","floor":20,"turns":4},{"damage":34,"enemies":"Centurion and Healer","floor":22,"turns":10},{"damage":6,"enemies":"3 Cultists","floor":28,"turns":3},{"damage":3,"enemies":"Book of Stabbing","floor":30,"turns":6},{"damage":10,"enemies":"Snecko","floor":31,"turns":8},{"damage":33,"enemies":"Champ","floor":33,"turns":11},{"damage":7,"enemies":"Orb Walker","floor":35,"turns":6},{"damage":7,"enemies":"3 Shapes","floor":37,"turns":7},{"damage":1,"enemies":"Giant Head","floor":40,"turns":9},{"damage":6,"enemies":"Reptomancer","floor":42,"turns":7},{"damage":13,"enemies":"Giant Head","floor":46,"turns":9},{"damage":21,"enemies":"Spire Growth","floor":47,"turns":5},{"damage":45,"enemies":"Time Eater","floor":50,"turns":11},{"damage":6,"enemies":"Donu and Deca","floor":51,"turns":9},{"damage":6,"enemies":"Shield and Spear","floor":55,"turns":5},{"damage":37,"enemies":"The Heart","floor":56,"turns":10}],"seed_played":"-7704830846392264819","potions_obtained":[{"floor":6,"key":"Strength Potion"},{"floor":8,"key":"Fire Potion"},{"floor":13,"key":"Weak Potion"},{"floor":16,"key":"SteroidPotion"},{"floor":22,"key":"Block Potion"},{"floor":30,"key":"EssenceOfSteel"},{"floor":31,"key":"SteroidPotion"},{"floor":37,"key":"FearPotion"},{"floor":40,"key":"Ancient Potion"}],"is_trial":false,"path_per_floor":["M","?","?","$","?","E","M","M","T","?","$","E","M","M","R","B",null,"M","?","M","?","M","R","$","R","T","?","M","R","E","M","R","B",null,"M","?","M","$","?","E","R","E","T","R","?","E","M","$","R","B","B",null,"R","$","E","B",null],"character_chosen":"IRONCLAD","items_purchased":["Potion Belt","Bag of Marbles","Omamori","Red Skull","Dexterity Potion","Apotheosis","Bag of Preparation","Impervious","Energy Potion","PowerPotion","Medical Kit"],"campfire_rested":2,"item_purchase_floors":[4,11,24,38,38,38,48,48,48,54,54],"current_hp_per_floor":[74,74,63,63,40,56,62,68,68,21,21,22,27,30,30,15,77,58,50,47,47,22,22,22,22,22,7,7,25,28,28,47,20,54,57,57,64,64,64,69,69,77,77,77,77,77,77,77,77,77,81,81,81,81,81,63],"gold":77,"neow_bonus":"THREE_ENEMY_KILL","is_prod":false,"is_daily":false,"chose_seed":false,"campfire_upgraded":6,"win_rate":0,"timestamp":1556164718,"path_taken":["M","?","?","$","?","E","M","M","T","?","?","E","M","M","R","BOSS","M","?","M","?","?","R","?","R","T","?","M","R","E","?","R","BOSS","M","?","M","$","?","E","R","E","T","R","?","E","M","$","R","BOSS","BOSS","R","$","E","BOSS"],"build_version":"2019-01-23","purchased_purges":2,"victory":true,"max_hp_per_floor":[75,75,75,75,75,85,85,85,85,85,85,92,95,98,98,98,98,101,50,53,53,56,56,56,56,56,61,61,61,61,65,65,65,65,69,69,77,77,73,73,73,77,77,77,77,77,77,77,77,77,81,81,81,81,81,81],"card_choices":[{"not_picked":["Twin Strike","Headbutt","Thunderclap"],"picked":"SKIP","floor":1},{"not_picked":["Thunderclap","Fire Breathing","Headbutt"],"picked":"SKIP","floor":6},{"not_picked":["Twin Strike","Clash"],"picked":"Whirlwind","floor":7},{"not_picked":["Bloodletting","Iron Wave"],"picked":"Feel No Pain","floor":8},{"not_picked":["Body Slam","Heavy Blade"],"picked":"True Grit","floor":10},{"not_picked":["Cleave","Clothesline"],"picked":"Feed","floor":12},{"not_picked":["Pommel Strike","Warcry"],"picked":"Battle Trance","floor":13},{"not_picked":["Flex","Thunderclap","Perfected Strike"],"picked":"SKIP","floor":14},{"not_picked":["Dark Embrace","Bludgeon"],"picked":"Offering","floor":16},{"not_picked":["Anger+1","Spot Weakness"],"picked":"Power Through","floor":18},{"not_picked":["Reckless Charge","Pommel Strike","Flex"],"picked":"SKIP","floor":20},{"not_picked":["Clash","Twin Strike","Shockwave"],"picked":"SKIP","floor":22},{"not_picked":["Twin Strike","Havoc"],"picked":"Shrug It Off+1","floor":28},{"not_picked":["Rupture","Reckless Charge"],"picked":"Seeing Red","floor":30},{"not_picked":["Heavy Blade+1","Clash"],"picked":"Demon Form","floor":31},{"not_picked":["Immolate","Feed"],"picked":"Barricade","floor":33},{"not_picked":["Power Through","Sever Soul+1","Thunderclap+1"],"picked":"SKIP","floor":35},{"not_picked":["Searing Blow","Flex","True Grit"],"picked":"SKIP","floor":37},{"not_picked":["Rupture","Sword Boomerang"],"picked":"Reaper","floor":40},{"not_picked":["Blood for Blood","Carnage","Searing Blow"],"picked":"SKIP","floor":42},{"not_picked":["Intimidate","True Grit","Pommel Strike"],"picked":"SKIP","floor":46},{"not_picked":["Wild Strike","Clothesline"],"picked":"Corruption","floor":47},{"not_picked":["True Grit","Rage"],"picked":"Disarm","floor":55}],"player_experience":3359576,"relics_obtained":[{"floor":6,"key":"Pear"},{"floor":9,"key":"Tiny Chest"},{"floor":10,"key":"Bronze Scales"},{"floor":12,"key":"Strawberry"},{"floor":26,"key":"PreservedInsect"},{"floor":30,"key":"Whetstone"},{"floor":40,"key":"Orichalcum"},{"floor":42,"key":"Turnip"},{"floor":46,"key":"Art of War"},{"floor":55,"key":"War Paint"}],"event_choices":[{"damage_healed":0,"gold_gain":0,"player_choice":"Leave","damage_taken":0,"max_hp_gain":0,"max_hp_loss":0,"event_name":"The Cleric","floor":2,"gold_loss":0},{"damage_healed":0,"gold_gain":75,"player_choice":"Gather Gold","damage_taken":11,"max_hp_gain":0,"max_hp_loss":0,"event_name":"World of Goop","floor":3,"gold_loss":0},{"damage_healed":0,"gold_gain":0,"player_choice":"Entered Light","damage_taken":23,"max_hp_gain":0,"max_hp_loss":0,"event_name":"Shining Light","floor":5,"gold_loss":0,"cards_upgraded":["Defend_R","Strike_R"]},{"damage_healed":0,"gold_gain":0,"player_choice":"Searched \u00272\u0027 times","damage_taken":0,"max_hp_gain":0,"max_hp_loss":0,"event_name":"Dead Adventurer","floor":10,"gold_loss":0},{"damage_healed":0,"gold_gain":0,"player_choice":"Became a Ghost","damage_taken":0,"max_hp_gain":0,"max_hp_loss":51,"event_name":"Ghosts","floor":19,"gold_loss":0,"cards_obtained":["Ghostly","Ghostly","Ghostly"]},{"damage_healed":0,"gold_gain":0,"player_choice":"1 cards matched","damage_taken":0,"max_hp_gain":0,"max_hp_loss":0,"event_name":"Match and Keep!","floor":21,"gold_loss":0,"cards_obtained":["Exhume"]},{"damage_healed":0,"gold_gain":0,"player_choice":"Shed Blood","damage_taken":20,"max_hp_gain":5,"max_hp_loss":0,"event_name":"Forgotten Altar","floor":27,"gold_loss":0},{"damage_healed":0,"gold_gain":999,"player_choice":"Gold","damage_taken":0,"max_hp_gain":0,"max_hp_loss":0,"event_name":"MindBloom","floor":36,"gold_loss":0,"cards_obtained":["Normality","Normality"]},{"damage_healed":0,"gold_gain":0,"player_choice":"Max HP","damage_taken":0,"max_hp_gain":0,"max_hp_loss":4,"event_name":"Winding Halls","floor":39,"gold_loss":0},{"cards_removed":["Strike_R"],"damage_healed":0,"gold_gain":0,"player_choice":"Removed Attack","damage_taken":0,"max_hp_gain":0,"max_hp_loss":0,"event_name":"Falling","floor":45,"gold_loss":0}],"is_beta":false,"boss_relics":[{"not_picked":["Runic Pyramid","Runic Cube"],"picked":"Astrolabe"},{"not_picked":["Pandora\u0027s Box","Fusion Hammer"],"picked":"Velvet Choker"}],"items_purged_floors":[38,54],"is_endless":false,"potions_floor_spawned":[6,8,13,16,22,30,31,37,40],"ascension_level":20}