{"gold_per_floor":[116,191,341,358,370,370,1,31,31,31,31,47,57,74,74,149,149,161,161,174,449,81,81,81],"floor_reached":24,"playtime":510,"items_purged":[],"score":397,"play_id":"388c61d1-86ec-464b-b311-4f63734b5c07","local_time":"20190219152959","is_ascension_mode":true,"campfire_choices":[{"data":"Rip and Tear","floor":6,"key":"SMITH"},{"floor":10,"key":"REST"},{"data":"Loop","floor":15,"key":"SMITH"},{"data":"Regret","floor":23,"key":"PURGE"}],"neow_cost":"NONE","seed_source_timestamp":452163354843900,"circlet_count":0,"master_deck":["AscendersBane","Defend_B","Defend_B","Defend_B","Defend_B","Zap","Dualcast","Cold Snap","Doubt","Rip and Tear+1","Gash","Loop+1","Gash","Reboot","Core Surge","Coolheaded","Bite","Bite","Bite","Bite","Bite","Capacitor"],"relics":["Cracked Core","NeowsBlessing","Mummified Hand","Odd Mushroom","Sundial","Sozu","Peace Pipe"],"potions_floor_usage":[13,16,16],"damage_taken":[{"damage":0,"enemies":"2 Louse","floor":1,"turns":1},{"damage":0,"enemies":"Jaw Worm","floor":4,"turns":1},{"damage":0,"enemies":"Small Slimes","floor":5,"turns":1},{"damage":20,"enemies":"The Mushroom Lair","floor":8,"turns":4},{"damage":11,"enemies":"Blue Slaver","floor":12,"turns":3},{"damage":4,"enemies":"Exordium Wildlife","floor":13,"turns":3},{"damage":11,"enemies":"Looter","floor":14,"turns":3},{"damage":23,"enemies":"Hexaghost","floor":16,"turns":9},{"damage":23,"enemies":"Chosen","floor":18,"turns":4},{"damage":6,"enemies":"Spheric Guardian","floor":20,"turns":3},{"damage":44,"enemies":"Snake Plant","floor":24,"turns":4}],"seed_played":"969089385933799986","potions_obtained":[{"floor":1,"key":"Strength Potion"},{"floor":12,"key":"SteroidPotion"},{"floor":13,"key":"FocusPotion"}],"is_trial":false,"path_per_floor":["M","?","?","M","M","R","$","?","T","R","$","M","M","M","R","B",null,"M","?","M","?","$","R","M"],"character_chosen":"DEFECT","items_purchased":["Mummified Hand","Loop","Peace Pipe","Capacitor"],"campfire_rested":1,"item_purchase_floors":[7,7,22,22],"current_hp_per_floor":[64,53,53,53,53,53,53,33,33,54,54,43,39,28,28,5,55,32,32,34,34,34,34,0],"gold":81,"neow_bonus":"THREE_ENEMY_KILL","is_prod":false,"is_daily":false,"chose_seed":false,"campfire_upgraded":2,"win_rate":0,"timestamp":1550557799,"path_taken":["M","?","?","M","M","R","$","?","T","R","?","M","M","?","R","BOSS","M","?","M","?","$","R","M"],"build_version":"2019-01-23","purchased_purges":0,"victory":false,"max_hp_per_floor":[71,71,71,71,71,71,71,71,71,71,71,71,71,71,71,71,71,71,49,49,49,49,49,49],"card_choices":[{"not_picked":["Conserve Battery","Hologram"],"picked":"Cold Snap","floor":1},{"not_picked":["Compile Driver","Sweeping Beam"],"picked":"Rip and Tear","floor":4},{"not_picked":["Stack","Static Discharge"],"picked":"Gash","floor":5},{"not_picked":["Beam Cell","Sweeping Beam"],"picked":"Gash","floor":8},{"not_picked":["Steam Power","Stack","Barrage"],"picked":"SKIP","floor":12},{"not_picked":["Turbo","Stack","Compile Driver"],"picked":"SKIP","floor":13},{"not_picked":["Sweeping Beam","Turbo"],"picked":"Reboot","floor":14},{"not_picked":["Rainbow","Amplify"],"picked":"Core Surge","floor":16},{"not_picked":["Force Field","Stack"],"picked":"Coolheaded","floor":18},{"not_picked":["Go for the Eyes","Streamline","Redo"],"picked":"SKIP","floor":20}],"player_experience":1642327,"relics_obtained":[{"floor":8,"key":"Odd Mushroom"},{"floor":9,"key":"Sundial"}],"event_choices":[{"damage_healed":0,"gold_gain":75,"player_choice":"Gather Gold","damage_taken":11,"max_hp_gain":0,"max_hp_loss":0,"event_name":"World of Goop","floor":2,"gold_loss":0},{"damage_healed":0,"gold_gain":150,"player_choice":"AGREE","damage_taken":0,"max_hp_gain":0,"max_hp_loss":0,"event_name":"Liars Game","floor":3,"gold_loss":0,"cards_obtained":["Doubt"]},{"damage_healed":0,"gold_gain":0,"player_choice":"Fought Mushrooms","damage_taken":0,"max_hp_gain":0,"max_hp_loss":0,"event_name":"Mushrooms","floor":8,"gold_loss":0},{"damage_healed":0,"gold_gain":0,"player_choice":"Became a vampire","damage_taken":0,"max_hp_gain":0,"max_hp_loss":22,"event_name":"Vampires","floor":19,"gold_loss":0,"cards_obtained":["Bite","Bite","Bite","Bite","Bite"]},{"damage_healed":0,"gold_gain":275,"player_choice":"Desecrate","damage_taken":0,"max_hp_gain":0,"max_hp_loss":0,"event_name":"Golden Shrine","floor":21,"gold_loss":0,"cards_obtained":["Regret"]}],"is_beta":false,"boss_relics":[{"not_picked":["Lizard Tail","Calling Bell"],"picked":"Sozu"}],"items_purged_floors":[],"is_endless":false,"potions_floor_spawned":[1,12,13],"killed_by":"Snake Plant","ascension_level":20}