{"gold_per_floor":[111,261,261,226,251,251,266,300,300,312,340,354,354,372,372,443,443,460,507,518,153,153,153,153,153,153,202,202,226,245,275,275,351,351,371,10,10,26,42,42],"floor_reached":40,"playtime":2777,"items_purged":[],"score":927,"play_id":"99d3d76d-a149-4dc2-910b-7ec625709310","local_time":"20190305184336","is_ascension_mode":true,"campfire_choices":[{"data":"Zap","floor":6.0,"key":"SMITH"},{"floor":15.0,"key":"REST"},{"data":"Storm","floor":23.0,"key":"SMITH"},{"data":"Defragment","floor":25.0,"key":"SMITH"},{"floor":28.0,"key":"REST"},{"floor":32,"key":"REST"}],"neow_cost":"NONE","seed_source_timestamp":3587387973188,"circlet_count":0,"master_deck":["AscendersBane","Strike_B","Strike_B","Strike_B","Strike_B","Defend_B","Defend_B","Defend_B","Defend_B","Zap+1","Dualcast","Steam","Cold Snap","Defragment+1","Hello World+1","Meteor Strike","Cold Snap","Cold Snap","Biased Cognition","Redo","Barrage","Reboot","Conserve Battery","Streamline","Melter","Conserve Battery","Storm+1","Defragment","Ball Lightning","Buffer","Glacier","Hello World","Static Discharge","Hello World","Dark Shackles","Cold Snap","Fusion"],"special_seed":0,"relics":["Cracked Core","NeowsBlessing","Ancient Tea Set","Turnip","Lantern","Happy Flower","Orrery","Centennial Puzzle","Toolbox","MutagenicStrength","The Courier","Bag of Marbles","Boot","Bottled Flame","Lizard Tail","ClockworkSouvenir"],"potions_floor_usage":[],"damage_taken":[{"damage":0.0,"enemies":"Jaw Worm","floor":1.0,"turns":1.0},{"damage":0.0,"enemies":"2 Louse","floor":7.0,"turns":1.0},{"damage":0.0,"enemies":"Lagavulin","floor":8.0,"turns":1.0},{"damage":5.0,"enemies":"Small Slimes","floor":10.0,"turns":3.0},{"damage":17.0,"enemies":"3 Sentries","floor":11.0,"turns":8.0},{"damage":32.0,"enemies":"Gremlin Gang","floor":12.0,"turns":5.0},{"damage":14.0,"enemies":"Red Slaver","floor":14.0,"turns":3.0},{"damage":0.0,"enemies":"Slime Boss","floor":16.0,"turns":9.0},{"damage":4.0,"enemies":"Spheric Guardian","floor":18.0,"turns":4.0},{"damage":0.0,"enemies":"2 Thieves","floor":20.0,"turns":3.0},{"damage":7.0,"enemies":"Snecko","floor":30.0,"turns":3.0},{"damage":20.0,"enemies":"Slavers","floor":31.0,"turns":5.0},{"damage":23,"enemies":"Champ","floor":33,"turns":9},{"damage":11,"enemies":"Orb Walker","floor":35,"turns":3},{"damage":17,"enemies":"3 Darklings","floor":38,"turns":4},{"damage":58,"enemies":"Jaw Worm Horde","floor":39,"turns":6},{"damage":25,"enemies":"Reptomancer","floor":40,"turns":3}],"seed_played":"-1051293133082901109","potions_obtained":[{"floor":7.0,"key":"SpeedPotion"},{"floor":11.0,"key":"GamblersBrew"},{"floor":14.0,"key":"Regen Potion"},{"floor":16.0,"key":"Poison Potion"},{"floor":18.0,"key":"Energy Potion"}],"is_trial":false,"path_per_floor":["M","?","?","?","T","R","M","E","T","M","E","M","?","M","R","B",null,"M","T","M","$","?","R","?","R","T","T","R","T","M","E","R","B",null,"M","$","?","M","M","E"],"character_chosen":"DEFECT","items_purchased":["Storm","Toolbox","Block Potion","ClockworkSouvenir","Hello World","Static Discharge","Hello World"],"campfire_rested":3,"item_purchase_floors":[21,21,21,36,36,36,36],"current_hp_per_floor":[64,64,57,71,71,71,71,71,71,66,49,17,17,3,24,39,63,59,59,59,59,59,59,59,59,59,59,71,71,64,44,65,42,64,53,53,53,36,22,0],"gold":42,"neow_bonus":"THREE_ENEMY_KILL","is_prod":false,"is_daily":false,"chose_seed":false,"campfire_upgraded":3,"win_rate":0,"timestamp":1551804216,"path_taken":["M","?","?","?","?","R","M","E","T","M","E","M","?","?","R","BOSS","M","?","M","$","?","R","?","R","T","?","R","?","M","E","R","BOSS","M","$","?","M","M","E"],"build_version":"2019-01-23","purchased_purges":0,"victory":false,"max_hp_per_floor":[71,71,71,71,71,71,71,71,71,71,71,71,71,71,71,71,71,71,71,71,71,71,71,71,71,71,71,71,71,71,71,71,71,71,71,71,71,71,71,71],"card_choices":[{"not_picked":["Beam Cell","Hologram"],"picked":"Steam","floor":1.0},{"not_picked":["Gash","Go for the Eyes"],"picked":"Cold Snap","floor":7.0},{"not_picked":["Leap","Amplify"],"picked":"Defragment","floor":8.0},{"not_picked":["Hologram","Rip and Tear"],"picked":"Hello World","floor":10.0},{"not_picked":["Streamline","Turbo"],"picked":"Meteor Strike","floor":11.0},{"not_picked":["Reprogram","Double Energy"],"picked":"Cold Snap","floor":12.0},{"not_picked":["Darkness","Stack"],"picked":"Cold Snap","floor":14.0},{"not_picked":["Reboot","Core Surge"],"picked":"Biased Cognition","floor":16.0},{"not_picked":["Steam Power","Blizzard"],"picked":"Redo","floor":17.0},{"not_picked":["Compile Driver","Streamline"],"picked":"Barrage","floor":17.0},{"not_picked":["Gash","Compile Driver"],"picked":"Reboot","floor":17.0},{"not_picked":["Lockon","Blizzard"],"picked":"Conserve Battery","floor":17.0},{"not_picked":["Leap","Go for the Eyes"],"picked":"Streamline","floor":17.0},{"not_picked":["Leap","Fusion"],"picked":"Melter","floor":18.0},{"not_picked":["Hologram+1","Turbo"],"picked":"Conserve Battery","floor":20.0},{"not_picked":["Turbo","Gash"],"picked":"Defragment","floor":30.0},{"not_picked":["Coolheaded","Scrape"],"picked":"Ball Lightning","floor":31},{"not_picked":["Core Surge","Rainbow"],"picked":"Buffer","floor":33},{"not_picked":["Barrage","Rebound+1"],"picked":"Glacier","floor":35},{"not_picked":["Madness","Blind"],"picked":"Dark Shackles","floor":37},{"not_picked":["Streamline+1","Hologram"],"picked":"Cold Snap","floor":38},{"not_picked":["Sweeping Beam","Steam Power"],"picked":"Fusion","floor":39}],"player_experience":1036783,"relics_obtained":[{"floor":5.0,"key":"Ancient Tea Set"},{"floor":8.0,"key":"Turnip"},{"floor":9.0,"key":"Lantern"},{"floor":11.0,"key":"Happy Flower"},{"floor":19.0,"key":"Centennial Puzzle"},{"floor":26.0,"key":"The Courier"},{"floor":27.0,"key":"Bag of Marbles"},{"floor":29.0,"key":"Boot"},{"floor":31,"key":"Bottled Flame"}],"event_choices":[{"damage_healed":0.0,"max_hp_gain":0.0,"max_hp_loss":0.0,"gold_gain":150.0,"event_name":"Liars Game","player_choice":"AGREE","floor":2.0,"gold_loss":0.0,"damage_taken":0.0,"cards_obtained":["Doubt"]},{"cards_removed":["Doubt"],"damage_healed":0.0,"max_hp_gain":0.0,"max_hp_loss":0.0,"gold_gain":0.0,"event_name":"Golden Wing","player_choice":"Card Removal","floor":3.0,"gold_loss":0.0,"damage_taken":7.0},{"damage_healed":17.0,"max_hp_gain":0.0,"max_hp_loss":0.0,"gold_gain":0.0,"event_name":"The Cleric","player_choice":"Healed","floor":4.0,"gold_loss":35.0,"damage_taken":0.0},{"damage_healed":0.0,"max_hp_gain":0.0,"max_hp_loss":0.0,"gold_gain":0.0,"event_name":"Upgrade Shrine","player_choice":"Upgraded","floor":13.0,"gold_loss":0.0,"damage_taken":0.0,"cards_upgraded":["Hello World"]},{"damage_healed":0.0,"max_hp_gain":0.0,"max_hp_loss":0.0,"gold_gain":0.0,"event_name":"Beggar","player_choice":"Ignored","floor":22.0,"gold_loss":0.0,"damage_taken":0.0},{"damage_healed":0.0,"max_hp_gain":0.0,"max_hp_loss":0.0,"gold_gain":0.0,"event_name":"Drug Dealer","player_choice":"Inject Mutagens","floor":24.0,"gold_loss":0.0,"damage_taken":0.0,"relics_obtained":["MutagenicStrength"]},{"damage_healed":0,"gold_gain":0,"player_choice":"Memory 1","damage_taken":0,"max_hp_gain":0,"max_hp_loss":0,"event_name":"SensoryStone","floor":37,"gold_loss":0}],"is_beta":false,"boss_relics":[{"not_picked":["Velvet Choker","Coffee Dripper"],"picked":"Orrery"},{"not_picked":["Empty Cage","Busted Crown"],"picked":"Lizard Tail"}],"items_purged_floors":[],"is_endless":false,"potions_floor_spawned":[7,11,14,16,18],"killed_by":"Reptomancer","ascension_level":16}