{"gold_per_floor":[115,33,49,64,83,109,122,122,171,171,197,197,213,242,242,338,338,352,352,363,377,387,415,415,450,462,100,100,131,147,147,147,247,247,258,272,288,388,388,416,429,32,32,32,32,32,61,76,76,76],"floor_reached":51,"playtime":4109,"items_purged":["Strike_G+1"],"score":904,"play_id":"f0de3210-953b-4fa7-8c11-0acc0bd78e0d","local_time":"20181225223035","is_ascension_mode":true,"campfire_choices":[{"data":"Cloak And Dagger","floor":8.0,"key":"SMITH"},{"data":"Dagger Spray","floor":10.0,"key":"SMITH"},{"data":"Footwork","floor":12.0,"key":"SMITH"},{"data":"Caltrops","floor":15.0,"key":"SMITH"},{"data":"Neutralize","floor":24,"key":"SMITH"},{"data":"Blade Dance","floor":28,"key":"SMITH"},{"data":"Infinite Blades","floor":32,"key":"SMITH"},{"data":"A Thousand Cuts","floor":44,"key":"SMITH"},{"data":"Malaise","floor":46,"key":"SMITH"},{"data":"Bouncing Flask","floor":49,"key":"SMITH"}],"neow_cost":"NONE","seed_source_timestamp":32436970535912,"circlet_count":0,"master_deck":["Defend_G+1","Defend_G+1","Defend_G+1","Defend_G+1","Defend_G+1","Strike_G+1","Strike_G+1","Strike_G+1","Survivor","Neutralize+1","Blade Dance+1","Footwork+1","Backstab","Caltrops+1","Cloak And Dagger+1","Dagger Spray+1","Storm of Steel","Well Laid Plans","Bouncing Flask+1","Malaise+1","Footwork","Blur","Crippling Poison","Blur","Escape Plan+1","Acrobatics","Flash of Steel","Dodge and Roll","Infinite Blades+1","Backstab+1","Escape Plan","A Thousand Cuts+1","Poisoned Stab+1","Predator+1","Backflip","Acrobatics+1","Backflip","Noxious Fumes","Trip","Adrenaline","Accuracy"],"special_seed":0,"relics":["Ring of the Snake","Oddly Smooth Stone","Whetstone","Juzu Bracelet","Mercury Hourglass","Centennial Puzzle","Coffee Dripper","Ancient Tea Set","MawBank","Kunai","Paper Crane","Snake Skull","WristBlade","Prayer Wheel","Art of War","Bag of Marbles","Vajra","Happy Flower"],"potions_floor_usage":[23,40,41,48,50,50],"damage_taken":[{"damage":0.0,"enemies":"Jaw Worm","floor":1.0,"turns":5.0},{"damage":1.0,"enemies":"2 Louse","floor":3.0,"turns":3.0},{"damage":0.0,"enemies":"Cultist","floor":4.0,"turns":3.0},{"damage":0.0,"enemies":"3 Louse","floor":5.0,"turns":4.0},{"damage":31.0,"enemies":"Lagavulin","floor":6.0,"turns":7.0},{"damage":0.0,"enemies":"2 Fungi Beasts","floor":7.0,"turns":3.0},{"damage":1.0,"enemies":"Gremlin Nob","floor":11.0,"turns":4.0},{"damage":0.0,"enemies":"Exordium Wildlife","floor":13.0,"turns":2.0},{"damage":4.0,"enemies":"Lagavulin","floor":14.0,"turns":7.0},{"damage":3.0,"enemies":"Hexaghost","floor":16.0,"turns":8.0},{"damage":0.0,"enemies":"Chosen","floor":18.0,"turns":5.0},{"damage":11.0,"enemies":"2 Thieves","floor":20.0,"turns":2.0},{"damage":0.0,"enemies":"Centurion and Healer","floor":21.0,"turns":8.0},{"damage":5,"enemies":"Cultist and Chosen","floor":22,"turns":6},{"damage":2,"enemies":"Book of Stabbing","floor":23,"turns":5},{"damage":0,"enemies":"Gremlin Leader","floor":25,"turns":7},{"damage":0,"enemies":"Slavers","floor":29,"turns":4},{"damage":0,"enemies":"Sentry and Sphere","floor":30,"turns":5},{"damage":0,"enemies":"Automaton","floor":33,"turns":11},{"damage":1,"enemies":"Orb Walker","floor":35,"turns":2},{"damage":0,"enemies":"3 Shapes","floor":36,"turns":4},{"damage":4,"enemies":"3 Darklings","floor":37,"turns":4},{"damage":1,"enemies":"Mind Bloom Boss Battle","floor":38,"turns":7},{"damage":5,"enemies":"Nemesis","floor":40,"turns":7},{"damage":24,"enemies":"Spire Growth","floor":41,"turns":5},{"damage":8,"enemies":"Reptomancer","floor":47,"turns":4},{"damage":0,"enemies":"Jaw Worm Horde","floor":48,"turns":1},{"damage":11,"enemies":"Awakened One","floor":50,"turns":11}],"seed_played":"-2116220286266563060","potions_obtained":[{"floor":1.0,"key":"SteroidPotion"},{"floor":4.0,"key":"Energy Potion"},{"floor":5.0,"key":"Block Potion"},{"floor":14.0,"key":"LiquidBronze"},{"floor":20.0,"key":"GhostInAJar"},{"floor":22,"key":"LiquidBronze"},{"floor":30,"key":"Weak Potion"},{"floor":33,"key":"Energy Potion"},{"floor":40,"key":"SpeedPotion"},{"floor":47,"key":"Energy Potion"}],"is_trial":false,"path_per_floor":["M","$","M","M","M","E","M","R","T","R","E","R","M","E","R","B",null,"M","?","M","M","M","E","R","E","T","$","R","E","M","?","R","B",null,"M","M","M","?","?","E","M","$","T","R","?","R","E","M","R","B",null],"character_chosen":"THE_SILENT","items_purchased":["Footwork","Paper Crane","Flash of Steel","Dodge and Roll","Bag of Marbles","Backflip","Noxious Fumes","Trip"],"campfire_rested":0,"item_purchase_floors":[2,27,27,27,42,42,42,42],"current_hp_per_floor":[70,70,69,69,69,38,38,38,38,38,37,37,37,33,33,30,70,70,70,59,59,54,52,52,52,52,52,52,52,52,52,52,52,70,69,69,65,64,64,59,35,35,35,35,35,35,27,27,27,16],"gold":76,"neow_bonus":"RANDOM_COMMON_RELIC","is_prod":false,"is_daily":false,"chose_seed":false,"campfire_upgraded":10,"win_rate":0,"timestamp":1545748235,"path_taken":["M","$","M","M","M","E","M","R","T","R","E","R","M","E","R","BOSS","M","?","M","M","M","E","R","E","T","$","R","E","M","?","R","BOSS","M","M","M","?","?","E","M","$","T","R","?","R","E","M","R","BOSS"],"build_version":"2018-12-20","purchased_purges":1,"victory":true,"max_hp_per_floor":[70,70,70,70,70,70,70,70,70,70,70,70,70,70,70,70,70,70,70,70,70,70,70,70,70,70,70,70,70,70,70,70,70,70,70,70,70,70,70,70,70,70,70,70,66,66,66,66,66,66],"card_choices":[{"not_picked":["Reflex","Dodge and Roll"],"picked":"Blade Dance","floor":1.0},{"not_picked":["Slice","Backflip"],"picked":"Backstab","floor":3.0},{"not_picked":["Dodge and Roll","Concentrate"],"picked":"Caltrops","floor":4.0},{"not_picked":["Dagger Spray","Deadly Poison"],"picked":"Cloak And Dagger","floor":5.0},{"not_picked":["Setup","Dodge and Roll"],"picked":"Dagger Spray","floor":6.0},{"not_picked":["Quick Slash","Concentrate","Slice"],"picked":"SKIP","floor":7.0},{"not_picked":["Poisoned Stab","Flechettes"],"picked":"Storm of Steel","floor":11.0},{"not_picked":["Deflect","Bane"],"picked":"Well Laid Plans","floor":13.0},{"not_picked":["Grand Finale","Riddle With Holes"],"picked":"Bouncing Flask","floor":14.0},{"not_picked":["Doppelganger","Venomology"],"picked":"Malaise","floor":16.0},{"not_picked":["Tactician","Blade Dance"],"picked":"Footwork","floor":18.0},{"not_picked":["Bouncing Flask","Tactician"],"picked":"Blur","floor":20.0},{"not_picked":["PiercingWail","Heel Hook"],"picked":"Crippling Poison","floor":21.0},{"not_picked":["Acrobatics","Deadly Poison"],"picked":"Blur","floor":22},{"not_picked":["Well Laid Plans","Unload"],"picked":"Escape Plan+1","floor":23},{"not_picked":["Calculated Gamble","Expertise"],"picked":"Acrobatics","floor":25},{"not_picked":["Underhanded Strike","Flying Knee"],"picked":"Infinite Blades","floor":29},{"not_picked":["Dodge and Roll","Flechettes"],"picked":"Backstab+1","floor":30},{"not_picked":["Tools of the Trade","Grand Finale"],"picked":"A Thousand Cuts","floor":33},{"not_picked":["Underhanded Strike","Outmaneuver+1"],"picked":"Poisoned Stab+1","floor":35},{"not_picked":["Quick Slash+1","PiercingWail"],"picked":"Predator+1","floor":36},{"not_picked":["Quick Slash+1","Sucker Punch+1","Bane+1"],"picked":"SKIP","floor":37},{"not_picked":["Cloak And Dagger","Underhanded Strike"],"picked":"Backflip","floor":38},{"not_picked":["A Thousand Cuts","Dagger Spray+1"],"picked":"Acrobatics+1","floor":40},{"not_picked":["Poisoned Stab","Reflex","Skewer"],"picked":"SKIP","floor":41},{"not_picked":["Blur","Flechettes+1","Slice"],"picked":"SKIP","floor":41},{"not_picked":["Backstab+1","Well Laid Plans+1"],"picked":"Adrenaline","floor":47},{"not_picked":["Underhanded Strike+1","Outmaneuver+1"],"picked":"Accuracy","floor":48},{"not_picked":["Dodge and Roll","Deadly Poison","Distraction"],"picked":"SKIP","floor":48}],"player_experience":679000,"relics_obtained":[{"floor":6.0,"key":"Whetstone"},{"floor":9.0,"key":"Juzu Bracelet"},{"floor":11.0,"key":"Mercury Hourglass"},{"floor":14.0,"key":"Centennial Puzzle"},{"floor":23,"key":"Ancient Tea Set"},{"floor":25,"key":"MawBank"},{"floor":26,"key":"Kunai"},{"floor":29,"key":"Snake Skull"},{"floor":38,"key":"Prayer Wheel"},{"floor":40,"key":"Art of War"},{"floor":43,"key":"Vajra"},{"floor":47,"key":"Happy Flower"}],"event_choices":[{"damage_healed":0.0,"max_hp_gain":0.0,"max_hp_loss":0.0,"gold_gain":0.0,"event_name":"Back to Basics","player_choice":"Simplicity","floor":19.0,"gold_loss":0.0,"damage_taken":0.0,"cards_upgraded":["Defend_G","Defend_G","Defend_G","Defend_G","Defend_G","Strike_G","Strike_G","Strike_G"]},{"damage_healed":0,"gold_gain":0,"cards_transformed":["Strike_G"],"player_choice":"Transformed","damage_taken":0,"max_hp_gain":0,"max_hp_loss":0,"event_name":"Transmorgrifier","floor":31,"gold_loss":0,"cards_obtained":["Escape Plan"]},{"damage_healed":0,"gold_gain":0,"player_choice":"Fight","damage_taken":0,"max_hp_gain":0,"max_hp_loss":0,"event_name":"MindBloom","floor":38,"gold_loss":0},{"damage_healed":0,"gold_gain":0,"player_choice":"Ignored","damage_taken":0,"max_hp_gain":0,"max_hp_loss":0,"event_name":"Tomb of Lord Red Mask","floor":39,"gold_loss":0},{"damage_healed":0,"gold_gain":0,"player_choice":"Max HP","damage_taken":0,"max_hp_gain":0,"max_hp_loss":4,"event_name":"Winding Halls","floor":45,"gold_loss":0}],"is_beta":true,"boss_relics":[{"not_picked":["Busted Crown","Orrery"],"picked":"Coffee Dripper"},{"not_picked":["Sozu","Empty Cage"],"picked":"WristBlade"}],"items_purged_floors":[42],"is_endless":false,"potions_floor_spawned":[1,4,5,14,20,22,30,33,38,40,47],"ascension_level":1}