{"gold_per_floor":[119,119,33,43,63,63,90,90,90,165,252,252,265,318,318,318],"floor_reached":16,"playtime":498,"items_purged":[],"score":196,"play_id":"1385cce9-d12e-4b48-95ed-5b8513964f14","local_time":"20190222155645","is_ascension_mode":true,"campfire_choices":[{"data":"Sunder","floor":6,"key":"SMITH"},{"data":"Defragment","floor":8,"key":"SMITH"},{"data":"Zap","floor":15,"key":"SMITH"}],"neow_cost":"TEN_PERCENT_HP_LOSS","seed_source_timestamp":187502917121100,"circlet_count":0,"master_deck":["AscendersBane","Strike_B","Strike_B","Strike_B","Strike_B","Defend_B","Defend_B","Defend_B","Defend_B","Zap+1","Dualcast","Echo Form","Self Repair","Biased Cognition","Defragment+1","Sunder+1","Coolheaded","Seek","BootSequence"],"relics":["Cracked Core","Nunchaku","Darkstone Periapt","Tiny Chest"],"potions_floor_usage":[16,16],"damage_taken":[{"damage":6,"enemies":"2 Louse","floor":1,"turns":2},{"damage":0,"enemies":"Cultist","floor":4,"turns":2},{"damage":12,"enemies":"Small Slimes","floor":5,"turns":3},{"damage":18,"enemies":"Lagavulin","floor":7,"turns":6},{"damage":27,"enemies":"3 Sentries","floor":11,"turns":9},{"damage":0,"enemies":"3 Louse","floor":13,"turns":2},{"damage":17,"enemies":"Hexaghost","floor":16,"turns":7}],"seed_played":"-1256183609971621675","potions_obtained":[{"floor":1,"key":"Poison Potion"},{"floor":13,"key":"Swift Potion"}],"is_trial":false,"path_per_floor":["M","?","$","M","M","R","E","R","T","?","?","?","M","T","R","B"],"character_chosen":"DEFECT","items_purchased":["Defragment"],"campfire_rested":0,"item_purchase_floors":[3],"current_hp_per_floor":[58,58,58,64,59,59,48,48,48,37,17,17,17,17,17,0],"gold":318,"neow_bonus":"THREE_RARE_CARDS","is_prod":false,"is_daily":false,"chose_seed":false,"campfire_upgraded":3,"win_rate":0,"timestamp":1550818605,"path_taken":["M","?","?","M","?","R","E","R","T","?","?","?","M","?","R","BOSS"],"build_version":"2019-01-23","purchased_purges":0,"victory":false,"max_hp_per_floor":[64,64,64,64,64,64,64,64,64,64,64,64,64,64,64,64],"card_choices":[{"not_picked":["Machine Learning","Amplify"],"picked":"Echo Form","floor":0},{"not_picked":["Double Energy","Streamline"],"picked":"Self Repair","floor":1},{"not_picked":["Compile Driver","Doom and Gloom"],"picked":"Sunder","floor":4},{"not_picked":["FTL","Rebound"],"picked":"Coolheaded","floor":5},{"not_picked":["Go for the Eyes","Compile Driver"],"picked":"Seek","floor":7},{"not_picked":["Lockon","Hologram"],"picked":"BootSequence","floor":11},{"not_picked":["Lockon","Compile Driver","Chaos"],"picked":"SKIP","floor":13}],"player_experience":1733227,"relics_obtained":[{"floor":7,"key":"Nunchaku"},{"floor":9,"key":"Darkstone Periapt"},{"floor":11,"key":"Tiny Chest"}],"event_choices":[{"damage_healed":0,"gold_gain":0,"player_choice":"1 cards matched","damage_taken":0,"max_hp_gain":0,"max_hp_loss":0,"event_name":"Match and Keep!","floor":2,"gold_loss":0,"cards_obtained":["Biased Cognition"]},{"damage_healed":0,"gold_gain":75,"player_choice":"Gather Gold","damage_taken":11,"max_hp_gain":0,"max_hp_loss":0,"event_name":"World of Goop","floor":10,"gold_loss":0},{"damage_healed":0,"gold_gain":0,"player_choice":"Searched \u00271\u0027 times","damage_taken":0,"max_hp_gain":0,"max_hp_loss":0,"event_name":"Dead Adventurer","floor":11,"gold_loss":0},{"damage_healed":0,"gold_gain":0,"player_choice":"Ignored","damage_taken":0,"max_hp_gain":0,"max_hp_loss":0,"event_name":"Shining Light","floor":12,"gold_loss":0}],"is_beta":false,"boss_relics":[],"items_purged_floors":[],"is_endless":false,"potions_floor_spawned":[1,13],"killed_by":"Hexaghost","ascension_level":20}