{"gold_per_floor":[363,513,351,351,351,351,294,634,660,660,660,673,692,122,122,216,216,237,237],"floor_reached":19,"playtime":799,"items_purged":["Doubt","Strike_R"],"score":326,"play_id":"47534d15-d9b3-4ee5-be39-689c42b4ad12","local_time":"20190309152502","is_ascension_mode":true,"campfire_choices":[{"data":"Bash","floor":6,"key":"SMITH"},{"floor":10,"key":"REST"},{"data":"Entrench","floor":15,"key":"SMITH"}],"neow_cost":"TEN_PERCENT_HP_LOSS","seed_source_timestamp":18255038333100,"circlet_count":0,"master_deck":["AscendersBane","Strike_R","Strike_R","Strike_R","Defend_R","Defend_R","Defend_R","Defend_R","Bash+1","Entrench+1","Feel No Pain","Second Wind","Power Through","Shockwave","Barricade","Armaments+1"],"relics":["Burning Blood","Golden Idol","Old Coin","Regal Pillow","Oddly Smooth Stone","Happy Flower","Sozu"],"potions_floor_usage":[8,8,16,16],"damage_taken":[{"damage":10,"enemies":"Small Slimes","floor":1,"turns":5},{"damage":35,"enemies":"Lagavulin","floor":8,"turns":5},{"damage":9,"enemies":"Jaw Worm","floor":12,"turns":4},{"damage":9,"enemies":"2 Louse","floor":13,"turns":3},{"damage":9,"enemies":"The Guardian","floor":16,"turns":19},{"damage":61,"enemies":"3 Byrds","floor":18,"turns":15},{"damage":0,"enemies":"Spheric Guardian","floor":19,"turns":5}],"seed_played":"3270853263783909010","potions_obtained":[{"floor":1,"key":"Strength Potion"},{"floor":13,"key":"GamblersBrew"}],"is_trial":false,"path_per_floor":["M","?","$","?","?","R","$","E","T","R","?","M","M","$","R","B",null,"M","M"],"character_chosen":"IRONCLAD","items_purchased":["Entrench","Explosive Potion","Oddly Smooth Stone","Happy Flower","PowerPotion","Shockwave"],"campfire_rested":1,"item_purchase_floors":[3,7,14,14,14,14],"current_hp_per_floor":[64,64,64,41,46,46,46,17,17,53,46,43,40,40,40,37,64,9,9],"gold":237,"neow_bonus":"TWO_FIFTY_GOLD","is_prod":false,"is_daily":false,"chose_seed":false,"campfire_upgraded":2,"win_rate":0,"timestamp":1552112702,"path_taken":["M","?","$","?","?","R","?","E","T","R","?","M","M","$","R","BOSS","M","M"],"build_version":"2019-01-23","purchased_purges":2,"victory":false,"max_hp_per_floor":[68,68,68,68,73,73,73,73,73,73,73,73,73,73,73,73,73,73,73],"card_choices":[{"not_picked":["Bloodletting","Havoc","Rage"],"picked":"SKIP","floor":1},{"not_picked":["Warcry","Havoc"],"picked":"Feel No Pain","floor":8},{"not_picked":["Metallicize","Clash"],"picked":"Second Wind","floor":12},{"not_picked":["Combust","Clash"],"picked":"Power Through","floor":13},{"not_picked":["Demon Form","Bludgeon"],"picked":"Barricade","floor":16},{"not_picked":["Headbutt","Metallicize+1"],"picked":"Armaments+1","floor":18}],"player_experience":2091783,"relics_obtained":[{"floor":8,"key":"Old Coin"},{"floor":9,"key":"Regal Pillow"}],"event_choices":[{"damage_healed":0,"gold_gain":150,"player_choice":"AGREE","damage_taken":0,"max_hp_gain":0,"max_hp_loss":0,"event_name":"Liars Game","floor":2,"gold_loss":0,"cards_obtained":["Doubt"]},{"damage_healed":0,"gold_gain":0,"player_choice":"Take Damage","damage_taken":23,"relics_obtained":["Golden Idol"],"max_hp_gain":0,"max_hp_loss":0,"event_name":"Golden Idol","floor":4,"gold_loss":0},{"damage_healed":0,"gold_gain":0,"player_choice":"Donut","damage_taken":0,"max_hp_gain":5,"max_hp_loss":0,"event_name":"Big Fish","floor":5,"gold_loss":0},{"cards_removed":["Strike_R"],"damage_healed":0,"gold_gain":0,"player_choice":"Card Removal","damage_taken":7,"max_hp_gain":0,"max_hp_loss":0,"event_name":"Golden Wing","floor":11,"gold_loss":0}],"is_beta":false,"boss_relics":[{"not_picked":["Eternal Feather","White Beast Statue"],"picked":"Sozu"}],"items_purged_floors":[3,14],"is_endless":false,"potions_floor_spawned":[1,13],"killed_by":"Spheric Guardian","ascension_level":20}