{"path_per_floor":["M","?","M","M","$","E","R","M","T","M","R","?","$","?","R","B",null,"M","?","$"],"character_chosen":"DEFECT","items_purchased":["Storm","PowerPotion","Magnetism","Storm"],"gold_per_floor":[118,218,234,254,132,158,158,175,251,265,265,225,21,21,21,121,121,141,141,16,0],"floor_reached":21,"campfire_rested":3,"playtime":906,"item_purchase_floors":[],"current_hp_per_floor":[73,73,73,73,73,60,80,32,32,27,51,51,51,51,75,37,76,16,16,16,0],"items_purged":["Pain"],"gold":0,"score":221,"play_id":"4da893f8-8943-44d8-b4dc-bf521525ee3a","local_time":"20180615231758","is_prod":false,"is_daily":false,"chose_seed":false,"is_ascension_mode":true,"campfire_upgraded":0,"win_rate":0,"timestamp":1529093878,"campfire_choices":[{"floor":7,"key":"REST"},{"floor":11,"key":"REST"},{"floor":15,"key":"REST"}],"path_taken":["M","?","?","M","$","E","R","M","T","M","R","?","$","?","R","BOSS","M","?","$","M"],"build_version":"2018-06-14v2","seed_source_timestamp":605282974209974,"purchased_purges":1,"victory":false,"master_deck":["Strike_B","Strike_B","Strike_B","Strike_B","Defend_B","Defend_B","Defend_B","Zap","Dualcast","Defragment","Conserve Battery","Melter","Storm","Self Repair","Magnetism","Creative AI","Pain","Clumsy","Conserve Battery","Storm"],"max_hp_per_floor":[75,75,75,75,75,75,80,80,80,80,80,80,80,80,80,80,87,87,87,87,87],"special_seed":0,"relics":["Cracked Core","Du-Vu Doll","Smiling Mask","Calling Bell","Strawberry","Symbiotic Virus","Dead Branch"],"card_choices":[{"not_picked":["Aggregate","Beam Cell"],"picked":"Defragment","floor":1.0},{"not_picked":["Gash","Go for the Eyes"],"picked":"Conserve Battery","floor":3.0},{"not_picked":["Chill","Beam Cell"],"picked":"Melter","floor":4.0},{"not_picked":["Sweeping Beam","Fusion","Aggregate"],"picked":"SKIP","floor":6},{"not_picked":["Hello World","Barrage"],"picked":"Self Repair","floor":8},{"not_picked":["Redo","Reinforced Body","Compile Driver"],"picked":"SKIP","floor":10},{"not_picked":["Meteor Strike","Amplify"],"picked":"Creative AI","floor":16},{"not_picked":["Barrage","Lockon"],"picked":"Conserve Battery","floor":18}],"player_experience":506451,"potions_floor_usage":[6,6,7,8,16,21,21,21],"damage_taken":[{"damage":2.0,"enemies":"Jaw Worm","floor":1.0,"turns":3.0},{"damage":0.0,"enemies":"Cultist","floor":3.0,"turns":4.0},{"damage":0.0,"enemies":"2 Louse","floor":4.0,"turns":2.0},{"damage":13,"enemies":"Lagavulin","floor":6,"turns":3},{"damage":48,"enemies":"Gremlin Gang","floor":8,"turns":5},{"damage":12,"enemies":"Blue Slaver","floor":10,"turns":4},{"damage":45,"enemies":"Hexaghost","floor":16,"turns":9},{"damage":67,"enemies":"Shell Parasite","floor":18,"turns":6},{"damage":22,"enemies":"2 Thieves","floor":21,"turns":2}],"relics_obtained":[{"floor":6,"key":"Du-Vu Doll"},{"floor":9,"key":"Smiling Mask"},{"floor":17,"key":"Strawberry"},{"floor":17,"key":"Symbiotic Virus"},{"floor":17,"key":"Dead Branch"}],"event_choices":[{"event_name":"Golden Shrine","player_choice":"Pray","floor":2.0,"damage_taken":0.0},{"event_name":"The Woman in Blue","player_choice":"Bought 3 Potions","floor":12,"damage_taken":0},{"event_name":"Bonfire Elementals","player_choice":"BASIC","floor":14,"damage_taken":0},{"event_name":"Ghosts","player_choice":"Ignored","floor":19,"damage_taken":0}],"boss_relics":[{"not_picked":["Lizard Tail","Tiny House"],"picked":"Calling Bell"}],"items_purged_floors":[20],"is_endless":false,"potions_floor_spawned":[1,6,8,16],"seed_played":"-9122386188531678165","killed_by":"2 Thieves","ascension_level":5,"potions_obtained":[{"floor":1.0,"key":"Fire Potion"},{"floor":6,"key":"Fruit Juice"},{"floor":8,"key":"LiquidBronze"},{"floor":12,"key":"AttackPotion"},{"floor":12,"key":"LiquidBronze"},{"floor":16,"key":"SpeedPotion"}],"is_trial":false}