{"gold_per_floor":[111,111,128,143,143,143,171,183,210,210,272,291,324,371,371,449,449,449,19,19,19,19,19,19,19,19,19,19,19,19,19,19,19,19,19,19,19,19,19,19,19,19,19,19,19,19,19,19,19,19,19,19,19,19,19,19],"floor_reached":57,"playtime":1472,"items_purged":["Strike_R"],"score":3116,"play_id":"672c90bc-d0c0-4192-9fdb-c00cd71446e5","local_time":"20190411215646","is_ascension_mode":true,"campfire_choices":[{"data":"Immolate","floor":6,"key":"SMITH"},{"data":"Bash","floor":10,"key":"SMITH"},{"data":"Barricade","floor":15,"key":"SMITH"},{"data":"Shockwave","floor":24,"key":"SMITH"},{"data":"Body Slam","floor":27,"key":"SMITH"},{"data":"Entrench","floor":32,"key":"SMITH"},{"floor":40,"key":"REST"},{"data":"True Grit","floor":42,"key":"SMITH"},{"floor":47,"key":"RECALL"},{"data":"Entrench","floor":49,"key":"SMITH"},{"data":"Offering","floor":53,"key":"SMITH"}],"neow_cost":"NONE","seed_source_timestamp":416458800643100,"circlet_count":0,"master_deck":["AscendersBane","Defend_R","Defend_R","Defend_R","Defend_R","Shockwave+1","Immolate+1","Shrug It Off","Feel No Pain","Barricade+1","Body Slam+1","Offering+1","Master of Strategy","Power Through","Entrench+1","Feel No Pain","Rage","Entrench+1","Barricade","True Grit+1","Second Wind"],"relics":["Burning Blood","NeowsBlessing","PreservedInsect","Omamori","Tiny Chest","Gremlin Horn","Anchor","Ectoplasm","Bronze Scales","MawBank","Molten Egg 2","Oddly Smooth Stone","Happy Flower","Dodecahedron","Runic Dome","Frozen Egg 2","Juzu Bracelet","Pen Nib"],"potions_floor_usage":[13,23,50,55,55],"damage_taken":[{"damage":0,"enemies":"Cultist","floor":1,"turns":1},{"damage":0,"enemies":"2 Louse","floor":3,"turns":1},{"damage":0,"enemies":"Jaw Worm","floor":4,"turns":1},{"damage":25,"enemies":"3 Sentries","floor":7,"turns":4},{"damage":9,"enemies":"Exordium Thugs","floor":8,"turns":2},{"damage":10,"enemies":"Lagavulin","floor":11,"turns":5},{"damage":12,"enemies":"3 Louse","floor":12,"turns":3},{"damage":0,"enemies":"3 Sentries","floor":13,"turns":1},{"damage":18,"enemies":"The Guardian","floor":16,"turns":15},{"damage":6,"enemies":"Chosen","floor":18,"turns":6},{"damage":6,"enemies":"3 Byrds","floor":22,"turns":2},{"damage":27,"enemies":"Book of Stabbing","floor":23,"turns":4},{"damage":6,"enemies":"Centurion and Healer","floor":28,"turns":3},{"damage":0,"enemies":"Slavers","floor":29,"turns":1},{"damage":6,"enemies":"Book of Stabbing","floor":31,"turns":3},{"damage":20,"enemies":"Collector","floor":33,"turns":5},{"damage":18,"enemies":"3 Darklings","floor":35,"turns":3},{"damage":6,"enemies":"3 Shapes","floor":37,"turns":2},{"damage":6,"enemies":"3 Darklings","floor":38,"turns":5},{"damage":30,"enemies":"Jaw Worm Horde","floor":39,"turns":4},{"damage":6,"enemies":"Giant Head","floor":41,"turns":3},{"damage":6,"enemies":"Transient","floor":44,"turns":6},{"damage":6,"enemies":"Spire Growth","floor":48,"turns":2},{"damage":8,"enemies":"Donu and Deca","floor":50,"turns":10},{"damage":6,"enemies":"Time Eater","floor":51,"turns":8},{"damage":53,"enemies":"Shield and Spear","floor":55,"turns":6},{"damage":6,"enemies":"The Heart","floor":56,"turns":8}],"seed_played":"1470493255923385639","potions_obtained":[{"floor":1,"key":"GamblersBrew"},{"floor":7,"key":"Weak Potion"},{"floor":11,"key":"Energy Potion"},{"floor":22,"key":"Ancient Potion"},{"floor":23,"key":"AttackPotion"},{"floor":29,"key":"EntropicBrew"},{"floor":38,"key":"Energy Potion"},{"floor":44,"key":"Regen Potion"}],"is_trial":false,"path_per_floor":["M","?","M","M","?","R","E","M","T","R","E","M","E","T","R","B",null,"M","$","T","?","M","E","R","T","T","R","M","E","?","E","R","B",null,"M","?","M","M","M","R","E","R","T","M","?","?","R","M","R","B","B",null,"R","$","E","B",null],"character_chosen":"IRONCLAD","items_purchased":["Master of Strategy","Bronze Scales"],"campfire_rested":1,"item_purchase_floors":[19,19],"current_hp_per_floor":[74,74,75,75,75,75,56,53,53,53,49,43,49,49,49,37,66,66,66,66,66,66,45,45,45,45,45,45,51,51,51,51,37,66,54,54,54,54,30,52,52,52,52,52,52,52,52,52,52,65,65,73,73,73,26,26],"gold":19,"neow_bonus":"THREE_ENEMY_KILL","is_prod":false,"is_daily":false,"chose_seed":false,"campfire_upgraded":9,"win_rate":0,"timestamp":1554987406,"path_taken":["M","?","M","?","?","R","E","M","T","R","E","M","E","?","R","BOSS","M","$","?","?","M","E","R","?","T","R","M","E","?","E","R","BOSS","M","?","M","?","M","R","E","R","T","M","?","?","R","M","R","BOSS","BOSS","R","$","E","BOSS"],"build_version":"2019-01-23","purchased_purges":1,"victory":true,"max_hp_per_floor":[75,75,75,75,75,75,75,75,75,75,75,75,75,75,75,75,75,75,75,75,75,75,75,75,75,75,75,75,75,75,75,75,75,75,75,75,75,75,75,75,75,75,75,75,75,75,75,75,75,75,75,75,75,75,75,75],"card_choices":[{"not_picked":["Flame Barrier","True Grit"],"picked":"Shockwave","floor":1},{"not_picked":["Dual Wield","Warcry","Heavy Blade"],"picked":"SKIP","floor":3},{"not_picked":["Thunderclap","Heavy Blade"],"picked":"Spot Weakness","floor":4},{"not_picked":["Thunderclap","Blood for Blood"],"picked":"Shrug It Off","floor":7},{"not_picked":["Shrug It Off","Immolate"],"picked":"Feel No Pain","floor":8},{"not_picked":["Reckless Charge","Dual Wield"],"picked":"Barricade","floor":11},{"not_picked":["Twin Strike","Pommel Strike","Thunderclap"],"picked":"SKIP","floor":12},{"not_picked":["Burning Pact","Heavy Blade"],"picked":"Body Slam","floor":13},{"not_picked":["Exhume","Brutality"],"picked":"Offering","floor":16},{"not_picked":["Headbutt","Intimidate","Dropkick"],"picked":"SKIP","floor":18},{"not_picked":["Power Through","Blood for Blood","Spot Weakness"],"picked":"SKIP","floor":22},{"not_picked":["Power Through","Blood for Blood","Spot Weakness"],"picked":"SKIP","floor":22},{"not_picked":["Blood for Blood","Spot Weakness"],"picked":"Power Through","floor":22},{"not_picked":["Flex","Body Slam","Clothesline"],"picked":"SKIP","floor":23},{"not_picked":["Bludgeon+1","Anger+1","Pommel Strike+1"],"picked":"SKIP","floor":28},{"not_picked":["Havoc","Infernal Blade"],"picked":"Entrench","floor":29},{"not_picked":["Dual Wield","Rage"],"picked":"Entrench","floor":31},{"not_picked":["Brutality","Limit Break"],"picked":"Barricade","floor":33},{"not_picked":["Fire Breathing","Clash+1"],"picked":"True Grit","floor":35},{"not_picked":["Bloodletting","Blood for Blood+1","Pummel+1"],"picked":"SKIP","floor":37},{"not_picked":["Rage","Uppercut+1","Anger+1"],"picked":"SKIP","floor":38},{"not_picked":["Iron Wave+1","Anger+1","Pummel+1"],"picked":"SKIP","floor":39},{"not_picked":["Berserk","Intimidate","True Grit"],"picked":"SKIP","floor":41},{"not_picked":["Intimidate","Flex","Hemokinesis+1"],"picked":"SKIP","floor":44},{"not_picked":["Thunderclap+1","Warcry","Sever Soul+1"],"picked":"SKIP","floor":48},{"not_picked":["Clothesline+1","Cleave+1","Wild Strike+1"],"picked":"SKIP","floor":55}],"player_experience":3066347,"relics_obtained":[{"floor":7,"key":"PreservedInsect"},{"floor":9,"key":"Omamori"},{"floor":11,"key":"Tiny Chest"},{"floor":13,"key":"Gremlin Horn"},{"floor":14,"key":"Anchor"},{"floor":23,"key":"MawBank"},{"floor":25,"key":"Molten Egg 2"},{"floor":26,"key":"Oddly Smooth Stone"},{"floor":29,"key":"Happy Flower"},{"floor":31,"key":"Dodecahedron"},{"floor":41,"key":"Frozen Egg 2"},{"floor":43,"key":"Juzu Bracelet"},{"floor":55,"key":"Pen Nib"}],"event_choices":[{"cards_removed":["Strike_R"],"damage_healed":0,"gold_gain":0,"player_choice":"Offered Basic","damage_taken":0,"max_hp_gain":0,"max_hp_loss":0,"event_name":"Bonfire Elementals","floor":2,"gold_loss":0},{"damage_healed":0,"gold_gain":0,"cards_transformed":["Strike_R"],"player_choice":"Change","damage_taken":0,"max_hp_gain":0,"max_hp_loss":0,"event_name":"Living Wall","floor":5,"gold_loss":0,"cards_obtained":["Immolate"]},{"damage_healed":0,"gold_gain":50,"player_choice":"Stole From Cult","damage_taken":0,"max_hp_gain":0,"max_hp_loss":0,"event_name":"Nest","floor":21,"gold_loss":0},{"damage_healed":0,"gold_gain":0,"cards_transformed":["Strike_R","Strike_R"],"player_choice":"Became Test Subject","damage_taken":0,"max_hp_gain":0,"max_hp_loss":0,"event_name":"Drug Dealer","floor":30,"gold_loss":0,"cards_obtained":["Feel No Pain","Rage"]},{"damage_healed":0,"gold_gain":0,"cards_transformed":["Spot Weakness"],"player_choice":"Transformed","damage_taken":0,"max_hp_gain":0,"max_hp_loss":0,"event_name":"Transmorgrifier","floor":36,"gold_loss":0,"cards_obtained":["Second Wind"]},{"cards_removed":["Bash"],"damage_healed":0,"gold_gain":0,"player_choice":"Removed Attack","damage_taken":0,"max_hp_gain":0,"max_hp_loss":0,"event_name":"Falling","floor":45,"gold_loss":0},{"damage_healed":0,"gold_gain":0,"player_choice":"Leave","damage_taken":0,"max_hp_gain":0,"max_hp_loss":0,"event_name":"FaceTrader","floor":46,"gold_loss":0}],"is_beta":false,"boss_relics":[{"not_picked":["White Beast Statue","Velvet Choker"],"picked":"Ectoplasm"},{"not_picked":["Sozu","Lizard Tail"],"picked":"Runic Dome"}],"items_purged_floors":[19],"is_endless":false,"potions_floor_spawned":[1,7,11,12,22,23,29,38,39,44],"ascension_level":20}