{"path_per_floor":["M","M","M","M","M","E","R","M","T","M","R","?","R","M","R","B",null,"M","?","M","M","$"],"character_chosen":"IRONCLAD","items_purchased":["Happy Flower"],"gold_per_floor":[10,27,41,55,73,98,98,87,87,98,98,98,98,109,109,213,213,233,148,158,177,30],"floor_reached":23,"campfire_rested":2,"playtime":2461,"current_hp_per_floor":[73,75,80,80,68,45,69,74,74,48,72,72,72,72,72,17,80,66,66,65,56,56],"items_purged":[],"gold":30,"play_id":"f25f8fe4-f8a6-4361-a243-ae5b449027ac","is_prod":false,"is_daily":false,"is_ascension_mode":false,"campfire_upgraded":2,"path_taken":["M","M","M","M","M","E","R","?","T","M","R","?","R","M","R","BOSS","M","?","M","?","?","E"],"build_version":"2018-02-01-PROD3","purchased_purges":0,"victory":false,"master_deck":["Strike_R","Strike_R","Strike_R","Strike_R","Strike_R","Defend_R","Defend_R","Defend_R","Defend_R","Bash","Thunderclap","Blood for Blood+1","Clothesline","Thunderclap","Metallicize+1","Uppercut","Iron Wave","Thunderclap","Thunderclap","Demon Form","Flex+1","Anger+1","Rampage"],"max_hp_per_floor":[80,80,80,80,80,80,80,80,80,80,80,80,80,80,80,80,80,80,80,80,80,80],"relics":["Burning Blood","Sundial","Oddly Smooth Stone","Peace Pipe","Self Forming Clay","Eternal Feather","Anchor","Happy Flower"],"card_choices":[{"not_picked":["Second Wind","Sever Soul"],"picked":"Thunderclap"},{"not_picked":["Twin Strike","Intimidate"],"picked":"Blood for Blood"},{"not_picked":["Combust","True Grit"],"picked":"Clothesline"},{"not_picked":["Feel No Pain","Bloodletting"],"picked":"Thunderclap"},{"not_picked":["Combust","Thunderclap"],"picked":"Metallicize"},{"not_picked":["Cleave","Corruption"],"picked":"Uppercut"},{"not_picked":["Intimidate","Heavy Blade"],"picked":"Iron Wave"},{"not_picked":["Limit Break","Iron Wave"],"picked":"Thunderclap"},{"not_picked":["Havoc","Seeing Red"],"picked":"Thunderclap"},{"not_picked":["Limit Break","Bludgeon"],"picked":"Demon Form"},{"not_picked":["Sentinel","Dual Wield"],"picked":"Flex"},{"not_picked":["Spot Weakness","Warcry"],"picked":"Anger"},{"not_picked":["Feel No Pain","Thunderclap"],"picked":"Rampage"}],"player_experience":85517,"potions_floor_usage":[5,6,8,20,21,21,23],"damage_taken":[{"damage":13,"enemies":"Blue Slaver","floor":1,"turns":6},{"damage":4,"enemies":"Jaw Worm","floor":2,"turns":4},{"damage":1,"enemies":"Cultist","floor":3,"turns":3},{"damage":3,"enemies":"Large Slime","floor":4,"turns":6},{"damage":18,"enemies":"Exordium Wildlife","floor":5,"turns":4},{"damage":29,"enemies":"3 Sentries","floor":6,"turns":9},{"damage":1,"enemies":"Exordium Thugs","floor":8,"turns":4},{"damage":32,"enemies":"Gremlin Gang","floor":10,"turns":5},{"damage":6,"enemies":"Red Slaver","floor":14,"turns":3},{"damage":61,"enemies":"Hexaghost","floor":16,"turns":10},{"damage":20,"enemies":"Chosen","floor":18,"turns":7},{"damage":7,"enemies":"3 Byrds","floor":20,"turns":4},{"damage":15,"enemies":"Centurion and Healer","floor":21,"turns":5},{"damage":61,"enemies":"Gremlin Leader","floor":23,"turns":7}],"event_choices":[{"event_name":"Accursed Blacksmith","player_choice":"Rummage","floor":12,"damage_taken":0},{"event_name":"Addict","player_choice":"Obtained Relic","floor":19,"damage_taken":0}],"boss_relics":[{"not_picked":["Sozu","Ectoplasm"],"picked":"Eternal Feather"}],"potions_floor_spawned":[3,4,6,10,14,18,21],"seed_played":"-5573893087600048948","killed_by":"Gremlin Leader","ascension_level":0,"is_trial":false}