{"gold_per_floor":[114,141,155,130,130,158,171,171,249,249,303,336,336,359,359,452,452,473,69,69,83,96,132,332,352,352,352],"floor_reached":27,"playtime":644,"items_purged":[],"score":558,"play_id":"b3a89596-6e2c-4db2-8205-e492d1ea9152","local_time":"20190328144429","is_ascension_mode":true,"campfire_choices":[{"data":"Whirlwind","floor":10,"key":"SMITH"},{"data":"Armaments","floor":13,"key":"SMITH"},{"data":"Rampage","floor":15,"key":"SMITH"}],"neow_cost":"NONE","seed_source_timestamp":45152846020100,"circlet_count":0,"master_deck":["AscendersBane","Strike_R","Strike_R","Strike_R","Strike_R","Defend_R","Defend_R","Defend_R","Defend_R","Bash","Second Wind","Shrug It Off","Armaments+1","Feel No Pain","Whirlwind+1","Rampage+1","Fiend Fire","True Grit+1","Offering","Entrench","Offering","Evolve","Corruption","Power Through"],"relics":["Burning Blood","NeowsBlessing","Bag of Preparation","Omamori","Golden Idol","Tiny Chest","Odd Mushroom","Ancient Tea Set","Velvet Choker","PreservedInsect","Strawberry","Nunchaku"],"potions_floor_usage":[16,23,25],"damage_taken":[{"damage":0,"enemies":"Cultist","floor":1,"turns":1},{"damage":0,"enemies":"Small Slimes","floor":3,"turns":1},{"damage":0,"enemies":"3 Sentries","floor":6,"turns":2},{"damage":10,"enemies":"Jaw Worm","floor":7,"turns":6},{"damage":7,"enemies":"The Mushroom Lair","floor":12,"turns":4},{"damage":35,"enemies":"The Guardian","floor":16,"turns":12},{"damage":28,"enemies":"Shell Parasite","floor":18,"turns":3},{"damage":24,"enemies":"Chosen","floor":21,"turns":5},{"damage":12,"enemies":"Snake Plant","floor":22,"turns":4},{"damage":0,"enemies":"Slavers","floor":23,"turns":1},{"damage":12,"enemies":"Shelled Parasite and Fungi","floor":25,"turns":4},{"damage":12,"enemies":"Gremlin Leader","floor":27,"turns":3}],"seed_played":"-4196574463750566653","potions_obtained":[{"floor":3,"key":"Fire Potion"},{"floor":16,"key":"Dexterity Potion"},{"floor":22,"key":"Energy Potion"},{"floor":23,"key":"SkillPotion"}],"is_trial":false,"path_per_floor":["M","T","M","$","?","E","M","?","T","R","T","?","R","T","R","B",null,"M","$","?","M","M","E","?","M","T","E"],"character_chosen":"IRONCLAD","items_purchased":["Armaments","PreservedInsect","Offering","Entrench"],"campfire_rested":0,"item_purchase_floors":[4,19,19,19],"current_hp_per_floor":[74,74,75,75,75,75,71,45,45,45,45,44,44,44,44,15,60,38,38,38,20,14,27,27,21,21,9],"gold":352,"neow_bonus":"THREE_ENEMY_KILL","is_prod":false,"is_daily":false,"chose_seed":false,"campfire_upgraded":3,"win_rate":0,"timestamp":1553751869,"path_taken":["M","?","M","$","?","E","?","?","T","R","?","?","R","?","R","BOSS","M","$","?","M","?","E","?","M","T","E"],"build_version":"2019-01-23","purchased_purges":0,"victory":false,"max_hp_per_floor":[75,75,75,75,75,75,75,75,75,75,75,75,75,75,75,75,75,75,75,75,75,75,82,82,82,82,82],"card_choices":[{"not_picked":["Flex","Perfected Strike"],"picked":"Second Wind","floor":1},{"not_picked":["Burning Pact","Power Through"],"picked":"Shrug It Off","floor":3},{"not_picked":["Headbutt","Blood for Blood"],"picked":"Feel No Pain","floor":6},{"not_picked":["Sever Soul","Fire Breathing"],"picked":"Whirlwind","floor":7},{"not_picked":["Warcry","Sword Boomerang"],"picked":"Rampage","floor":12},{"not_picked":["Feed","Exhume"],"picked":"Fiend Fire","floor":16},{"not_picked":["Havoc+1","Power Through"],"picked":"True Grit+1","floor":18},{"not_picked":["Pommel Strike+1","Shockwave"],"picked":"Evolve","floor":21},{"not_picked":["Searing Blow","Cleave","Anger"],"picked":"SKIP","floor":22},{"not_picked":["Cleave","Whirlwind"],"picked":"Corruption","floor":23},{"not_picked":["Sword Boomerang","Twin Strike+1"],"picked":"Power Through","floor":25}],"player_experience":2671173,"relics_obtained":[{"floor":2,"key":"Bag of Preparation"},{"floor":6,"key":"Omamori"},{"floor":11,"key":"Tiny Chest"},{"floor":12,"key":"Odd Mushroom"},{"floor":14,"key":"Ancient Tea Set"},{"floor":23,"key":"Strawberry"},{"floor":26,"key":"Nunchaku"}],"event_choices":[{"cards_removed":["Strike_R"],"damage_healed":0,"gold_gain":0,"player_choice":"Purged","damage_taken":0,"max_hp_gain":0,"max_hp_loss":0,"event_name":"Purifier","floor":5,"gold_loss":0},{"damage_healed":0,"gold_gain":0,"player_choice":"Take Damage","damage_taken":26,"relics_obtained":["Golden Idol"],"max_hp_gain":0,"max_hp_loss":0,"event_name":"Golden Idol","floor":8,"gold_loss":0},{"damage_healed":0,"gold_gain":0,"player_choice":"Fought Mushrooms","damage_taken":0,"max_hp_gain":0,"max_hp_loss":0,"event_name":"Mushrooms","floor":12,"gold_loss":0},{"damage_healed":0,"gold_gain":0,"player_choice":"Copied","damage_taken":0,"max_hp_gain":0,"max_hp_loss":0,"event_name":"Duplicator","floor":20,"gold_loss":0,"cards_obtained":["Offering"]},{"damage_healed":0,"gold_gain":250,"player_choice":"Bet on Owner","damage_taken":0,"max_hp_gain":0,"max_hp_loss":0,"event_name":"The Joust","floor":24,"gold_loss":50}],"is_beta":false,"boss_relics":[{"not_picked":["Runic Cube","Ectoplasm"],"picked":"Velvet Choker"}],"items_purged_floors":[],"is_endless":false,"potions_floor_spawned":[3,16,22,23],"killed_by":"Gremlin Leader","ascension_level":20}