{"gold_per_floor":[109,109,120,140,140,140,173,173,173,183,183,210,220,246,246,321,321,295,295,295,3,3,62,62,62],"floor_reached":25,"playtime":578,"items_purged":["Strike_R"],"score":454,"play_id":"6809743d-aa27-4e9e-bd8d-bd44aa8b0411","local_time":"20190328174301","is_ascension_mode":true,"campfire_choices":[{"data":"Carnage","floor":6,"key":"SMITH"},{"floor":11,"key":"REST"},{"data":"Bash","floor":15,"key":"SMITH"},{"data":"True Grit","floor":24,"key":"SMITH"}],"neow_cost":"NONE","seed_source_timestamp":95649597900,"circlet_count":0,"master_deck":["AscendersBane","Strike_R","Defend_R","Defend_R+1","Defend_R+1","Defend_R","Bash+1","Carnage+1","Spot Weakness","Rupture","True Grit+1","Feed","Offering","Warcry+1","Spot Weakness+1","Flex+1","Evolve","Second Wind","True Grit"],"relics":["Burning Blood","NeowsBlessing","WarpedTongs","Blue Candle","Pantograph","Bottled Flame","Odd Mushroom","Astrolabe","Lee\u0027s Waffle","Tiny Chest"],"potions_floor_usage":[16,23],"damage_taken":[{"damage":0,"enemies":"Jaw Worm","floor":1,"turns":1},{"damage":0,"enemies":"Cultist","floor":3,"turns":1},{"damage":0,"enemies":"Small Slimes","floor":4,"turns":1},{"damage":31,"enemies":"3 Sentries","floor":7,"turns":9},{"damage":4,"enemies":"Looter","floor":10,"turns":3},{"damage":32,"enemies":"Gremlin Nob","floor":12,"turns":4},{"damage":8,"enemies":"3 Louse","floor":13,"turns":4},{"damage":19,"enemies":"The Mushroom Lair","floor":14,"turns":4},{"damage":33,"enemies":"Slime Boss","floor":16,"turns":9},{"damage":11,"enemies":"2 Thieves","floor":18,"turns":4},{"damage":47,"enemies":"Book of Stabbing","floor":23,"turns":7},{"damage":0,"enemies":"3 Byrds","floor":25,"turns":1}],"seed_played":"2243090925235795693","potions_obtained":[{"floor":4,"key":"Dexterity Potion"},{"floor":7,"key":"LiquidBronze"},{"floor":14,"key":"Explosive Potion"},{"floor":16,"key":"Ancient Potion"}],"is_trial":false,"path_per_floor":["M","?","M","M","?","R","E","?","T","M","R","E","M","?","R","B",null,"M","?","?","$","?","E","R","M"],"character_chosen":"IRONCLAD","items_purchased":["Lee\u0027s Waffle"],"campfire_rested":1,"item_purchase_floors":[21],"current_hp_per_floor":[74,74,75,75,52,52,27,27,27,29,51,25,23,10,10,8,58,53,53,32,87,87,46,46,46],"gold":62,"neow_bonus":"THREE_ENEMY_KILL","is_prod":false,"is_daily":false,"chose_seed":false,"campfire_upgraded":3,"win_rate":0,"timestamp":1553762581,"path_taken":["M","?","?","M","?","R","E","?","T","M","R","E","?","?","R","BOSS","M","?","?","$","?","E","R","M"],"build_version":"2019-01-23","purchased_purges":1,"victory":false,"max_hp_per_floor":[75,75,75,75,75,75,75,75,75,75,75,75,75,75,75,75,75,75,75,80,87,87,87,87,87],"card_choices":[{"not_picked":["Wild Strike","Anger","Sword Boomerang"],"picked":"SKIP","floor":1},{"not_picked":["Thunderclap","Cleave"],"picked":"Carnage","floor":3},{"not_picked":["Ghostly Armor","Exhume"],"picked":"Spot Weakness","floor":4},{"not_picked":["Flex","Burning Pact"],"picked":"Rupture","floor":7},{"not_picked":["Headbutt","Wild Strike","Thunderclap"],"picked":"SKIP","floor":10},{"not_picked":["Pommel Strike","Cleave","Armaments"],"picked":"SKIP","floor":12},{"not_picked":["Armaments","Warcry"],"picked":"True Grit","floor":13},{"not_picked":["Sever Soul","Infernal Blade"],"picked":"Feed","floor":14},{"not_picked":["Exhume","Reaper"],"picked":"Offering","floor":16},{"not_picked":["Iron Wave+1","Heavy Blade"],"picked":"Evolve","floor":18},{"not_picked":["Inflame","Headbutt"],"picked":"True Grit","floor":23}],"player_experience":2678385,"relics_obtained":[{"floor":7,"key":"Blue Candle"},{"floor":9,"key":"Pantograph"},{"floor":12,"key":"Bottled Flame"},{"floor":14,"key":"Odd Mushroom"},{"floor":23,"key":"Tiny Chest"}],"event_choices":[{"damage_healed":0,"gold_gain":0,"player_choice":"Rummage","damage_taken":0,"relics_obtained":["WarpedTongs"],"max_hp_gain":0,"max_hp_loss":0,"event_name":"Accursed Blacksmith","floor":2,"gold_loss":0,"cards_obtained":["Pain"]},{"damage_healed":0,"gold_gain":0,"player_choice":"Entered Light","damage_taken":23,"max_hp_gain":0,"max_hp_loss":0,"event_name":"Shining Light","floor":5,"gold_loss":0,"cards_upgraded":["Defend_R","Defend_R"]},{"cards_removed":["Pain"],"damage_healed":0,"gold_gain":0,"player_choice":"Purged","damage_taken":0,"max_hp_gain":0,"max_hp_loss":0,"event_name":"Purifier","floor":8,"gold_loss":0},{"damage_healed":0,"gold_gain":0,"player_choice":"Fought Mushrooms","damage_taken":0,"max_hp_gain":0,"max_hp_loss":0,"event_name":"Mushrooms","floor":14,"gold_loss":0},{"damage_healed":0,"gold_gain":0,"player_choice":"Read","damage_taken":0,"max_hp_gain":0,"max_hp_loss":0,"event_name":"The Library","floor":19,"gold_loss":0,"cards_obtained":["Second Wind"]},{"damage_healed":0,"gold_gain":0,"player_choice":"Shed Blood","damage_taken":26,"max_hp_gain":5,"max_hp_loss":0,"event_name":"Forgotten Altar","floor":20,"gold_loss":0},{"damage_healed":0,"gold_gain":0,"player_choice":"0 cards matched","damage_taken":0,"max_hp_gain":0,"max_hp_loss":0,"event_name":"Match and Keep!","floor":22,"gold_loss":0,"cards_obtained":[]}],"is_beta":false,"boss_relics":[{"not_picked":["Runic Pyramid","Tiny House"],"picked":"Astrolabe"}],"items_purged_floors":[21],"is_endless":false,"potions_floor_spawned":[4,7,14,16,18],"killed_by":"3 Byrds","ascension_level":20}