{"gold_per_floor":[112,112,112,77,3,3,42,42,65,103,103,137,153,174,174,268,268,293,318,332,160,176,176,176,101,176,176],"floor_reached":27,"playtime":528,"items_purged":[],"score":558,"play_id":"0d55bbd9-f90c-4149-b37c-fc95f5b1626c","local_time":"20190418155732","is_ascension_mode":true,"campfire_choices":[{"data":"Bash","floor":6,"key":"SMITH"},{"data":"Body Slam","floor":8,"key":"SMITH"},{"data":"Inflame","floor":15,"key":"SMITH"},{"data":"Feel No Pain","floor":23,"key":"SMITH"}],"neow_cost":"NONE","seed_source_timestamp":215949741461700,"circlet_count":0,"master_deck":["AscendersBane","Strike_R","Strike_R","Strike_R","Defend_R","Defend_R","Defend_R","Defend_R","Bash+1","Feel No Pain+1","Body Slam+1","Pummel","Inflame+1","Reaper","Power Through","Ghostly","Ghostly","Ghostly"],"relics":["Burning Blood","NeowsBlessing","Golden Idol","Orichalcum","Bird Faced Urn","Red Skull","Dream Catcher","Busted Crown","Vajra","Matryoshka"],"potions_floor_usage":[16],"damage_taken":[{"damage":0,"enemies":"Small Slimes","floor":1,"turns":1},{"damage":0,"enemies":"Lagavulin","floor":7,"turns":1},{"damage":0,"enemies":"Gremlin Nob","floor":10,"turns":1},{"damage":38,"enemies":"Lagavulin","floor":12,"turns":7},{"damage":0,"enemies":"2 Louse","floor":13,"turns":2},{"damage":0,"enemies":"Cultist","floor":14,"turns":3},{"damage":29,"enemies":"Slime Boss","floor":16,"turns":4},{"damage":21,"enemies":"3 Byrds","floor":18,"turns":7},{"damage":32,"enemies":"Shell Parasite","floor":19,"turns":5},{"damage":41,"enemies":"3 Cultists","floor":20,"turns":6},{"damage":13,"enemies":"Chosen and Byrds","floor":22,"turns":5},{"damage":0,"enemies":"Snake Plant","floor":27,"turns":1}],"seed_played":"3776253715142493248","potions_obtained":[{"floor":1,"key":"AttackPotion"},{"floor":7,"key":"SmokeBomb"},{"floor":19,"key":"Block Potion"}],"is_trial":false,"path_per_floor":["M","?","?","?","$","R","E","R","T","E","?","E","M","M","R","B",null,"M","M","M","$","M","R","?","?","T","M"],"character_chosen":"IRONCLAD","items_purchased":["Feel No Pain","Vajra"],"campfire_rested":0,"item_purchase_floors":[5,21],"current_hp_per_floor":[74,48,37,55,55,55,61,61,61,67,67,37,43,51,51,32,64,59,37,31,31,39,39,37,37,37,37],"gold":176,"neow_bonus":"THREE_ENEMY_KILL","is_prod":false,"is_daily":false,"chose_seed":false,"campfire_upgraded":4,"win_rate":0,"timestamp":1555570652,"path_taken":["M","?","?","?","$","R","E","R","T","E","?","E","M","M","R","BOSS","M","?","M","$","M","R","?","?","T","M"],"build_version":"2019-01-23","purchased_purges":0,"victory":false,"max_hp_per_floor":[75,75,75,75,75,75,75,75,75,75,75,75,75,75,75,75,75,75,75,75,75,75,75,37,37,37,37],"card_choices":[{"not_picked":["Anger","Pummel","Sword Boomerang"],"picked":"SKIP","floor":1},{"not_picked":["Heavy Blade","Intimidate"],"picked":"Body Slam","floor":7},{"not_picked":["Double Tap","Wild Strike"],"picked":"Pummel","floor":10},{"not_picked":["Thunderclap","Corruption"],"picked":"Inflame","floor":12},{"not_picked":["Perfected Strike","Clash","Rupture"],"picked":"SKIP","floor":13},{"not_picked":["Metallicize","Pummel","Corruption"],"picked":"SKIP","floor":14},{"not_picked":["Bludgeon","Barricade"],"picked":"Reaper","floor":16},{"not_picked":[],"picked":"Power Through","floor":18},{"not_picked":["Twin Strike"],"picked":"SKIP","floor":19},{"not_picked":["Thunderclap+1"],"picked":"SKIP","floor":20},{"not_picked":["Sentinel"],"picked":"SKIP","floor":22}],"player_experience":3208455,"relics_obtained":[{"floor":7,"key":"Bird Faced Urn"},{"floor":10,"key":"Red Skull"},{"floor":12,"key":"Dream Catcher"},{"floor":26,"key":"Matryoshka"}],"event_choices":[{"damage_healed":0,"gold_gain":0,"player_choice":"Take Damage","damage_taken":26,"relics_obtained":["Golden Idol"],"max_hp_gain":0,"max_hp_loss":0,"event_name":"Golden Idol","floor":2,"gold_loss":0},{"damage_healed":0,"gold_gain":0,"player_choice":"Success","damage_taken":11,"relics_obtained":["Orichalcum"],"max_hp_gain":0,"max_hp_loss":0,"event_name":"Scrap Ooze","floor":3,"gold_loss":0},{"damage_healed":18,"gold_gain":0,"player_choice":"Healed","damage_taken":0,"max_hp_gain":0,"max_hp_loss":0,"event_name":"The Cleric","floor":4,"gold_loss":35},{"cards_removed":["Strike_R"],"damage_healed":0,"gold_gain":0,"player_choice":"Offered Basic","damage_taken":0,"max_hp_gain":0,"max_hp_loss":0,"event_name":"Bonfire Elementals","floor":11,"gold_loss":0},{"damage_healed":0,"gold_gain":0,"player_choice":"Became a Ghost","damage_taken":0,"max_hp_gain":0,"max_hp_loss":38,"event_name":"Ghosts","floor":24,"gold_loss":0,"cards_obtained":["Ghostly","Ghostly","Ghostly"]},{"cards_removed":["Strike_R"],"damage_healed":0,"gold_gain":0,"player_choice":"Gave Gold","damage_taken":0,"max_hp_gain":0,"max_hp_loss":0,"event_name":"Beggar","floor":25,"gold_loss":75}],"is_beta":false,"boss_relics":[{"not_picked":["Eternal Feather","Velvet Choker"],"picked":"Busted Crown"}],"items_purged_floors":[],"is_endless":false,"potions_floor_spawned":[1,7,19],"killed_by":"Snake Plant","ascension_level":20}