{"gold_per_floor":[111,128,278,297,1,1,31,31,31,31,31,31,31,56,68,155,167,194,206,218,230,253,290,302,314],"floor_reached":25,"playtime":559,"items_purged":["Doubt"],"score":450,"play_id":"de269749-c0db-4b71-a3d5-60e661409a26","local_time":"20190326193036","is_ascension_mode":true,"campfire_choices":[{"data":"Bash","floor":6,"key":"SMITH"},{"data":"Spot Weakness","floor":8,"key":"SMITH"},{"data":"Evolve","floor":10,"key":"SMITH"},{"floor":13,"key":"REST"},{"data":"Ghostly Armor","floor":15,"key":"SMITH"},{"floor":24,"key":"REST"}],"neow_cost":"NONE","seed_source_timestamp":174669182465000,"circlet_count":0,"master_deck":["AscendersBane","Strike_R+1","Defend_R+1","Defend_R","Defend_R","Bash+1","Evolve+1","Spot Weakness+1","Ghostly Armor+1","Offering","Hemokinesis+1","Rage+1","Blood for Blood+1","Armaments+1","Infernal Blade","Berserk","Offering","Body Slam+1"],"relics":["Burning Blood","NeowsBlessing","Omamori","Sundial","Mercury Hourglass","WarpedTongs","MawBank","Astrolabe","Ornamental Fan"],"potions_floor_usage":[7,7,16],"damage_taken":[{"damage":0,"enemies":"Small Slimes","floor":1,"turns":1},{"damage":0,"enemies":"2 Louse","floor":2,"turns":1},{"damage":0,"enemies":"Cultist","floor":4,"turns":1},{"damage":32,"enemies":"Gremlin Nob","floor":7,"turns":4},{"damage":9,"enemies":"3 Sentries","floor":14,"turns":6},{"damage":35,"enemies":"Hexaghost","floor":16,"turns":8},{"damage":11,"enemies":"Spheric Guardian","floor":18,"turns":4},{"damage":10,"enemies":"Chosen","floor":22,"turns":3},{"damage":28,"enemies":"Gremlin Leader","floor":23,"turns":5},{"damage":32,"enemies":"Slavers","floor":25,"turns":1}],"seed_played":"376672669435622622","potions_obtained":[{"floor":2,"key":"Poison Potion"},{"floor":7,"key":"GamblersBrew"}],"is_trial":false,"path_per_floor":["M","M","?","M","$","R","E","R","T","R","?","?","R","E","R","B",null,"M","?","?","?","M","E","R","E"],"character_chosen":"IRONCLAD","items_purchased":["Omamori","PowerPotion"],"campfire_rested":2,"item_purchase_floors":[5,5],"current_hp_per_floor":[74,75,75,75,75,75,49,49,49,49,26,26,48,45,45,16,60,55,34,34,34,30,8,32,0],"gold":314,"neow_bonus":"THREE_ENEMY_KILL","is_prod":false,"is_daily":false,"chose_seed":false,"campfire_upgraded":4,"win_rate":0,"timestamp":1553596236,"path_taken":["M","M","?","M","$","R","E","R","T","R","?","?","R","E","R","BOSS","M","?","?","?","M","E","R","E"],"build_version":"2019-01-23","purchased_purges":1,"victory":false,"max_hp_per_floor":[75,75,75,75,75,75,75,75,75,75,75,75,75,75,75,75,75,75,80,80,80,80,80,80,80],"card_choices":[{"not_picked":["Clothesline","Sword Boomerang","Anger"],"picked":"SKIP","floor":1},{"not_picked":["Warcry","Armaments"],"picked":"Evolve","floor":2},{"not_picked":["Pommel Strike","Sword Boomerang"],"picked":"Spot Weakness","floor":4},{"not_picked":["Sword Boomerang","Heavy Blade"],"picked":"Ghostly Armor","floor":7},{"not_picked":["Warcry","Double Tap","Thunderclap"],"picked":"SKIP","floor":14},{"not_picked":["Barricade","Double Tap"],"picked":"Offering","floor":16},{"not_picked":["Iron Wave","Anger"],"picked":"Armaments+1","floor":18},{"not_picked":["Anger","Burning Pact","Twin Strike"],"picked":"SKIP","floor":22},{"not_picked":["Sword Boomerang","Berserk"],"picked":"Body Slam+1","floor":23}],"player_experience":2609760,"relics_obtained":[{"floor":7,"key":"Sundial"},{"floor":9,"key":"Mercury Hourglass"},{"floor":14,"key":"MawBank"},{"floor":23,"key":"Ornamental Fan"}],"event_choices":[{"damage_healed":0,"gold_gain":150,"player_choice":"AGREE","damage_taken":0,"max_hp_gain":0,"max_hp_loss":0,"event_name":"Liars Game","floor":3,"gold_loss":0,"cards_obtained":["Doubt"]},{"damage_healed":0,"gold_gain":0,"player_choice":"Entered Light","damage_taken":23,"max_hp_gain":0,"max_hp_loss":0,"event_name":"Shining Light","floor":11,"gold_loss":0,"cards_upgraded":["Defend_R","Strike_R"]},{"damage_healed":0,"gold_gain":0,"player_choice":"Rummage","damage_taken":0,"relics_obtained":["WarpedTongs"],"max_hp_gain":0,"max_hp_loss":0,"event_name":"Accursed Blacksmith","floor":12,"gold_loss":0,"cards_obtained":["Pain"]},{"damage_healed":0,"gold_gain":0,"player_choice":"Shed Blood","damage_taken":26,"max_hp_gain":5,"max_hp_loss":0,"event_name":"Forgotten Altar","floor":19,"gold_loss":0},{"damage_healed":0,"gold_gain":0,"cards_transformed":["Strike_R","Defend_R"],"player_choice":"Became Test Subject","damage_taken":0,"max_hp_gain":0,"max_hp_loss":0,"event_name":"Drug Dealer","floor":20,"gold_loss":0,"cards_obtained":["Infernal Blade","Berserk"]},{"damage_healed":0,"gold_gain":0,"player_choice":"Copied","damage_taken":0,"max_hp_gain":0,"max_hp_loss":0,"event_name":"Duplicator","floor":21,"gold_loss":0,"cards_obtained":["Offering"]}],"is_beta":false,"boss_relics":[{"not_picked":["White Beast Statue","Orrery"],"picked":"Astrolabe"}],"items_purged_floors":[5],"is_endless":false,"potions_floor_spawned":[2,7],"killed_by":"Slavers","ascension_level":20}