{"path_per_floor":["M","$","M","M","M","R","E","?","T","E","M","R","E","?","R","B",null,"M","M","?","$","M","R","E","?","T","E","$","R","E","?","R","B",null,"M","?","M","?","$","E","M","R","T","E","?","E","M","T","R","B"],"character_chosen":"THE_SILENT","items_purchased":["Gremlin Horn","Footwork","Toxic Egg 2","Noxious Fumes","Happy Flower","Fire Potion"],"gold_per_floor":[364,34,54,66,81,81,109,136,136,170,184,184,212,212,212,316,346,361,371,406,306,326,326,354,354,354,380,58,58,85,85,85,180,180,192,192,202,424,30,60,78,78,78,105,105,130,149,149,149,149],"floor_reached":51,"campfire_rested":0,"playtime":5299,"current_hp_per_floor":[64,64,64,62,58,58,38,38,38,24,24,24,24,24,24,44,75,75,75,75,75,75,75,75,75,75,75,75,75,60,60,60,75,75,75,75,75,75,75,75,75,75,75,75,75,75,75,75,75,55],"items_purged":["Pain","Defend_G","Defend_G"],"gold":149,"score":874,"play_id":"5d608ddb-f8ed-4e3f-b804-c73c00da8a25","is_prod":false,"is_daily":false,"is_ascension_mode":true,"campfire_upgraded":7,"path_taken":["M","$","M","M","M","R","E","?","T","E","M","R","E","?","R","BOSS","M","M","?","$","M","R","E","?","T","E","$","R","E","?","R","BOSS","M","?","M","?","$","E","M","R","T","E","?","E","M","?","R","BOSS"],"build_version":"2018-02-16-BETA2","purchased_purges":3,"victory":true,"master_deck":["Defend_G","Defend_G","Defend_G","Strike_G","Strike_G","Strike_G","Survivor+1","Neutralize+1","Predator+1","Outmaneuver","Dagger Throw","Heel Hook","Tools of the Trade+1","Acrobatics","Storm of Steel+1","Well Laid Plans+1","Backflip+1","Sucker Punch+1","Acrobatics+1","Footwork+1","Calculated Gamble+1","Tactician+1","Noxious Fumes+1","Reflex+1","Regret"],"max_hp_per_floor":[70,70,70,70,70,70,70,70,70,70,70,70,70,70,70,70,75,75,75,75,75,75,75,75,75,75,75,75,75,75,75,75,75,75,75,75,75,75,75,75,75,75,75,75,75,75,75,75,75,75],"relics":["Ring of the Snake","Gremlin Horn","Pantograph","Odd Mushroom","Gambling Chip","Tough Bandages","Tingsha","Tiny House","Red Mask","Matryoshka","Omamori","Shovel","Bottled Tornado","Toxic Egg 2","Mercury Hourglass","Snake Skull","Cursed Key","Happy Flower","Blood Vial","Ancient Tea Set","Ice Cream","Shuriken","Oddly Smooth Stone","Frozen Eye"],"card_choices":[{"not_picked":["Dodge and Roll","Deflect"],"picked":"Predator"},{"not_picked":["Reflex","Predator"],"picked":"Outmaneuver"},{"not_picked":["Underhanded Strike","All Out Attack"],"picked":"Dagger Throw"},{"not_picked":["Deflect","Poisoned Stab"],"picked":"Heel Hook"},{"not_picked":["Poisoned Stab","Backflip"],"picked":"Tools of the Trade"},{"not_picked":["Distraction","Cloak And Dagger"],"picked":"Acrobatics"},{"not_picked":["Tools of the Trade","Adrenaline"],"picked":"Storm of Steel"},{"not_picked":["Deflect","Skewer"],"picked":"Well Laid Plans"},{"not_picked":["Flechettes","Outmaneuver"],"picked":"Backflip"},{"not_picked":["Poisoned Stab","Well Laid Plans"],"picked":"Sucker Punch"},{"not_picked":["Prepared","Skewer"],"picked":"Acrobatics"},{"not_picked":["Sucker Punch","Flechettes"],"picked":"Calculated Gamble"},{"not_picked":["Corpse Explosion","Venomology"],"picked":"Tactician"},{"not_picked":["Bouncing Flask","Dash"],"picked":"Reflex"}],"player_experience":74939,"potions_floor_usage":[7,20,27,27,50,50],"damage_taken":[{"damage":6,"enemies":"Small Slimes","floor":1,"turns":4},{"damage":0,"enemies":"Cultist","floor":3,"turns":3},{"damage":2,"enemies":"2 Louse","floor":4,"turns":2},{"damage":4,"enemies":"Blue Slaver","floor":5,"turns":4},{"damage":20,"enemies":"Lagavulin","floor":7,"turns":6},{"damage":0,"enemies":"The Mushroom Lair","floor":8,"turns":4},{"damage":14,"enemies":"3 Sentries","floor":10,"turns":8},{"damage":0,"enemies":"3 Louse","floor":11,"turns":2},{"damage":0,"enemies":"Gremlin Nob","floor":13,"turns":4},{"damage":5,"enemies":"The Guardian","floor":16,"turns":7},{"damage":0,"enemies":"Chosen","floor":18,"turns":5},{"damage":0,"enemies":"3 Byrds","floor":19,"turns":2},{"damage":0,"enemies":"Masked Bandits","floor":20,"turns":3},{"damage":0,"enemies":"Centurion and Healer","floor":22,"turns":5},{"damage":0,"enemies":"Slavers","floor":24,"turns":4},{"damage":0,"enemies":"Gremlin Leader","floor":27,"turns":4},{"damage":15,"enemies":"Slavers","floor":30,"turns":4},{"damage":0,"enemies":"Collector","floor":33,"turns":8},{"damage":0,"enemies":"Flame Bruiser 1 Orb","floor":35,"turns":3},{"damage":0,"enemies":"Orb Walker","floor":37,"turns":2},{"damage":0,"enemies":"Giant Head","floor":40,"turns":5},{"damage":0,"enemies":"4 Shapes","floor":41,"turns":3},{"damage":0,"enemies":"2 Orb Walkers","floor":44,"turns":2},{"damage":0,"enemies":"Giant Head","floor":46,"turns":4},{"damage":0,"enemies":"Maw","floor":47,"turns":4},{"damage":20,"enemies":"Donu and Deca","floor":50,"turns":5}],"event_choices":[{"event_name":"Mushrooms","player_choice":"Fought Mushrooms","floor":8,"damage_taken":0},{"event_name":"Bonfire Elementals","player_choice":"BASIC","floor":14,"damage_taken":0},{"event_name":"Masked Bandits","player_choice":"Fought over 371 gold","floor":20,"damage_taken":0},{"event_name":"Back to Basics","player_choice":"Elegance","floor":25,"damage_taken":0},{"event_name":"Drug Dealer","player_choice":"Ignored","floor":31,"damage_taken":0},{"event_name":"Winding Halls","player_choice":"Writhe","floor":36,"damage_taken":0},{"event_name":"Tomb of Lord Red Mask","player_choice":"Wore Mask","floor":38,"damage_taken":0},{"event_name":"The Lab","player_choice":"Got Potions","floor":45,"damage_taken":0}],"boss_relics":[{"not_picked":["Question Card","Ectoplasm"],"picked":"Tiny House"},{"not_picked":["Velvet Choker","Eternal Feather"],"picked":"Cursed Key"}],"potions_floor_spawned":[1,8,10,13,24,27,30,33,41,44,47],"seed_played":"1295044108049422535","ascension_level":1,"is_trial":false}