{"path_per_floor":["M","?","M","M","?","R","E","R","T","E","?","R","M","M","R","B",null,"M","?","$","M","M"],"character_chosen":"IRONCLAD","items_purchased":["Metallicize"],"gold_per_floor":[118,118,138,148,148,148,174,174,174,206,268,268,278,289,289,385,385,404,404,256,273,283],"floor_reached":23,"campfire_rested":0,"playtime":1578,"current_hp_per_floor":[72,72,72,72,58,58,56,56,56,62,64,64,70,72,72,56,72,61,50,50,44,44],"items_purged":["Doubt"],"gold":283,"score":297,"play_id":"d9cf22e0-1554-40ff-b9a4-6d1bec485b11","local_time":"20180303120930","is_prod":false,"is_daily":false,"is_ascension_mode":true,"campfire_upgraded":4,"timestamp":1520050170,"path_taken":["M","?","M","M","?","R","E","R","T","E","?","R","M","M","R","BOSS","M","?","$","M","M","E"],"build_version":"2018-03-02-BETA2","purchased_purges":1,"victory":false,"master_deck":["Defend_R","Defend_R","Defend_R","Defend_R+1","Bash+1","Cleave+1","Injury","Burning Pact+1","Iron Wave+1","Iron Wave+1","Battle Trance+1","Reaper+1","True Grit+1","Thunderclap+1","Immolate+1","Doubt","Doubt","Wild Strike+1","Bite+1","Bite+1","Bite+1","Bite+1","Bite+1","Metallicize","Battle Trance+1","Shrug It Off+1"],"max_hp_per_floor":[72,72,72,72,72,72,72,72,72,72,72,72,72,72,72,72,72,72,50,50,50,50],"relics":["Burning Blood","Thread and Needle","Molten Egg 2","Toxic Egg 2","Regal Pillow","Bag of Marbles","Calling Bell","Letter Opener","Juzu Bracelet","Vajra"],"card_choices":[{"not_picked":["Wild Strike","Sentinel"],"picked":"Cleave"},{"not_picked":["Sword Boomerang","Fire Breathing"],"picked":"Burning Pact"},{"not_picked":["Body Slam","Corruption"],"picked":"Iron Wave"},{"not_picked":["Entrench","Corruption"],"picked":"Iron Wave"},{"not_picked":["Inflame","Wild Strike"],"picked":"Battle Trance"},{"not_picked":["Ghostly Armor","Iron Wave"],"picked":"Reaper"},{"not_picked":["Flex","Second Wind"],"picked":"True Grit"},{"not_picked":["Clothesline","Dual Wield"],"picked":"Thunderclap"},{"not_picked":["Limit Break","Dark Embrace"],"picked":"Immolate"},{"not_picked":["Armaments","Burning Pact"],"picked":"Wild Strike"},{"not_picked":["Armaments","Clothesline"],"picked":"Battle Trance"},{"not_picked":["Rage","Searing Blow"],"picked":"Shrug It Off"}],"player_experience":125747,"potions_floor_usage":[10,16],"damage_taken":[{"damage":5,"enemies":"Jaw Worm","floor":1,"turns":3},{"damage":0,"enemies":"Cultist","floor":3,"turns":3},{"damage":2,"enemies":"Small Slimes","floor":4,"turns":3},{"damage":8,"enemies":"3 Sentries","floor":7,"turns":8},{"damage":0,"enemies":"Gremlin Nob","floor":10,"turns":4},{"damage":4,"enemies":"Gremlin Nob","floor":11,"turns":4},{"damage":0,"enemies":"2 Fungi Beasts","floor":13,"turns":1},{"damage":0,"enemies":"Blue Slaver","floor":14,"turns":4},{"damage":22,"enemies":"The Guardian","floor":16,"turns":12},{"damage":18,"enemies":"2 Thieves","floor":18,"turns":4},{"damage":25,"enemies":"3 Byrds","floor":21,"turns":6},{"damage":15,"enemies":"Slaver and Parasite","floor":22,"turns":6},{"damage":60,"enemies":"Book of Stabbing","floor":23,"turns":7}],"event_choices":[{"event_name":"Accursed Blacksmith","player_choice":"Forge","floor":2,"damage_taken":0},{"event_name":"Shining Light","player_choice":"Entered Light","floor":5,"damage_taken":0},{"event_name":"Dead Adventurer","player_choice":"Searched \u00272\u0027 times","floor":11,"damage_taken":0},{"event_name":"Vampires","player_choice":"Became a vampire","floor":19,"damage_taken":0}],"boss_relics":[{"not_picked":["Runic Pyramid","Velvet Choker"],"picked":"Calling Bell"}],"potions_floor_spawned":[3,11,13,14,16],"seed_played":"3416579322705273432","killed_by":"Book of Stabbing","ascension_level":4,"is_trial":false}