{"gold_per_floor":[118,168,178,103,103,135,135,167,167,177,204,123,123,69,69,145,145,162,65,79,0,17,17,17],"floor_reached":24,"playtime":691,"items_purged":[],"score":474,"play_id":"a108ecfd-a526-4f79-9ac7-2556d85b17f6","local_time":"20190326181251","is_ascension_mode":true,"campfire_choices":[{"data":"Bash","floor":7,"key":"SMITH"},{"data":"Disarm","floor":13,"key":"SMITH"},{"data":"Inflame","floor":15,"key":"SMITH"},{"data":"Barricade","floor":23,"key":"SMITH"}],"neow_cost":"NONE","seed_source_timestamp":169871372739900,"circlet_count":0,"master_deck":["AscendersBane","Strike_R","Strike_R","Strike_R","Strike_R","Defend_R","Defend_R","Defend_R","Defend_R","Bash+1","Disarm+1","Metallicize","Battle Trance","Inflame+1","Feel No Pain","Barricade+1","Power Through","Body Slam"],"relics":["Burning Blood","NeowsBlessing","PreservedInsect","Unceasing Top","Dodecahedron","Lantern","Ornamental Fan","Busted Crown"],"potions_floor_usage":[8,16,18,24],"damage_taken":[{"damage":0,"enemies":"Cultist","floor":1,"turns":1},{"damage":0,"enemies":"Jaw Worm","floor":3,"turns":1},{"damage":0,"enemies":"3 Sentries","floor":6,"turns":2},{"damage":25,"enemies":"Lagavulin","floor":8,"turns":7},{"damage":0,"enemies":"2 Louse","floor":10,"turns":4},{"damage":28,"enemies":"Gremlin Nob","floor":11,"turns":4},{"damage":17,"enemies":"Hexaghost","floor":16,"turns":9},{"damage":10,"enemies":"3 Byrds","floor":18,"turns":8},{"damage":18,"enemies":"Chosen","floor":20,"turns":8},{"damage":23,"enemies":"Centurion and Healer","floor":22,"turns":8},{"damage":24,"enemies":"Slavers","floor":24,"turns":2}],"seed_played":"143749223932068712","potions_obtained":[{"floor":1,"key":"GamblersBrew"},{"floor":16,"key":"Fire Potion"},{"floor":22,"key":"PowerPotion"}],"is_trial":false,"path_per_floor":["M","T","M","?","?","E","R","E","T","M","E","$","R","$","R","B",null,"M","$","M","?","M","R","E"],"character_chosen":"IRONCLAD","items_purchased":["Feel No Pain","PowerPotion","Power Through","Body Slam"],"campfire_rested":0,"item_purchase_floors":[12,14,19,19],"current_hp_per_floor":[74,74,75,75,64,70,70,51,51,57,35,35,35,35,35,24,62,58,58,46,46,29,29,5],"gold":17,"neow_bonus":"THREE_ENEMY_KILL","is_prod":false,"is_daily":false,"chose_seed":false,"campfire_upgraded":4,"win_rate":0,"timestamp":1553591571,"path_taken":["M","?","M","?","?","E","R","E","T","M","E","?","R","$","R","BOSS","M","$","M","?","M","R","E"],"build_version":"2019-01-23","purchased_purges":0,"victory":false,"max_hp_per_floor":[75,75,75,75,75,75,75,75,75,75,75,75,75,75,75,75,75,75,75,75,75,75,75,75],"card_choices":[{"not_picked":["Inflame","Body Slam"],"picked":"Disarm","floor":1},{"not_picked":["Wild Strike","Heavy Blade","Uppercut"],"picked":"SKIP","floor":3},{"not_picked":["Dual Wield","Wild Strike"],"picked":"Metallicize","floor":6},{"not_picked":["Power Through","Hemokinesis"],"picked":"Battle Trance","floor":8},{"not_picked":["Havoc","Heavy Blade","Perfected Strike"],"picked":"SKIP","floor":10},{"not_picked":["Clothesline","Headbutt"],"picked":"Inflame","floor":11},{"not_picked":["Juggernaut","Brutality"],"picked":"Barricade","floor":16},{"not_picked":["Anger"],"picked":"SKIP","floor":18},{"not_picked":["Wild Strike"],"picked":"SKIP","floor":20},{"not_picked":["Cleave"],"picked":"SKIP","floor":22}],"player_experience":2605243,"relics_obtained":[{"floor":2,"key":"PreservedInsect"},{"floor":6,"key":"Dodecahedron"},{"floor":8,"key":"Lantern"},{"floor":11,"key":"Ornamental Fan"}],"event_choices":[{"cards_removed":["Strike_R"],"damage_healed":0,"gold_gain":0,"player_choice":"Card Removal","damage_taken":0,"max_hp_gain":0,"max_hp_loss":0,"event_name":"The Cleric","floor":4,"gold_loss":75},{"damage_healed":0,"gold_gain":0,"player_choice":"Success","damage_taken":11,"relics_obtained":["Unceasing Top"],"max_hp_gain":0,"max_hp_loss":0,"event_name":"Scrap Ooze","floor":5,"gold_loss":0},{"damage_healed":0,"gold_gain":0,"player_choice":"Paid Fearfully","damage_taken":0,"max_hp_gain":0,"max_hp_loss":0,"event_name":"Masked Bandits","floor":21,"gold_loss":79}],"is_beta":false,"boss_relics":[{"not_picked":["Lizard Tail","Eternal Feather"],"picked":"Busted Crown"}],"items_purged_floors":[],"is_endless":false,"potions_floor_spawned":[1,16,22],"killed_by":"Slavers","ascension_level":20}