{"path_per_floor":["M","?","$","M","?","E","R","$","T","R","E","R","M","$","R","B",null,"M","?","?","?","M","R","E","$","T","M","?","?","R","M","R","B",null,"M","?","?","T","M","R","$","R","T","R","M","?","?","M","R","B"],"character_chosen":"DEFECT","items_purchased":["Coolheaded","Loop","Cold Snap","White Noise","Static Discharge","Magnetism","Loop"],"gold_per_floor":[118,118,72,91,166,198,198,24,73,73,107,107,122,36,36,136,136,150,150,65,65,84,84,114,39,66,78,78,78,78,97,97,198,228,243,243,243,268,285,285,38,38,38,38,58,109,109,121,121,121],"floor_reached":51,"campfire_rested":5,"playtime":3015,"item_purchase_floors":[3,8,8,14,25,41,41],"current_hp_per_floor":[74,59,59,59,48,40,62,62,62,62,66,75,75,75,75,71,75,74,74,74,60,52,76,60,60,60,68,68,68,68,74,74,42,85,70,70,65,65,41,66,66,66,66,85,65,55,76,85,85,31],"items_purged":["Defend_B","Strike_B"],"gold":121,"score":673,"play_id":"9f46626e-1381-4edc-b2a7-60fa3f17b346","local_time":"20180601211210","is_prod":false,"is_daily":false,"chose_seed":false,"is_ascension_mode":true,"campfire_upgraded":6,"win_rate":0.0,"timestamp":1527876730,"campfire_choices":[{"floor":7,"key":"REST"},{"data":"Loop","floor":10,"key":"SMITH"},{"floor":12,"key":"REST"},{"data":"Creative AI","floor":15,"key":"SMITH"},{"floor":23,"key":"REST"},{"data":"Defragment","floor":30,"key":"SMITH"},{"data":"Static Discharge","floor":32,"key":"SMITH"},{"floor":40,"key":"REST"},{"data":"Magnetism","floor":42,"key":"SMITH"},{"floor":44,"key":"REST"},{"data":"Fission","floor":49,"key":"SMITH"}],"path_taken":["M","?","?","M","?","E","R","$","T","R","E","R","M","$","R","BOSS","M","?","?","?","M","R","E","?","T","M","?","?","R","M","R","BOSS","M","?","?","?","M","R","$","R","T","R","M","?","?","M","R","BOSS"],"build_version":"2018-05-31","seed_source_timestamp":944362962043515,"purchased_purges":2,"victory":true,"master_deck":["Strike_B","Strike_B+1","Strike_B+1","Defend_B+1","Defend_B","Defend_B","Zap","Biased Cognition+1","Defragment+1","Coolheaded","Self Repair","Loop+1","Cold Snap","Creative AI+1","White Noise","Amplify+1","Injury","Cold Snap+1","Self Repair","Static Discharge+1","White Noise","Fission+1","Redo+1","Enlightenment","Secret Technique","Skim+1","Magnetism+1","Loop","Storm+1","Tempest+1","Writhe","Coolheaded+1"],"max_hp_per_floor":[75,75,75,75,75,75,75,75,75,75,75,75,75,75,75,75,75,75,75,75,80,80,80,80,80,80,80,80,80,80,80,80,80,85,85,85,85,85,85,85,85,85,85,85,85,85,85,85,85,85],"relics":["Cracked Core","Smiling Mask","Juzu Bracelet","Ginger","Nuclear Battery","Vajra","Letter Opener","Bronze Scales","Tiny House","Whetstone","Question Card","Sundial"],"card_choices":[{"not_picked":["Self Repair","Chaos"],"picked":"Defragment","floor":1},{"not_picked":["Beam Cell","Go for the Eyes"],"picked":"Self Repair","floor":4},{"not_picked":["Thunder Strike","Stack","Compile Driver"],"picked":"SKIP","floor":6},{"not_picked":["Beam Cell","Hologram","Genetic Algorithm"],"picked":"SKIP","floor":11},{"not_picked":["Glacier","Stack"],"picked":"Creative AI","floor":13},{"not_picked":["Rainbow","Thunder Strike"],"picked":"Amplify","floor":16},{"not_picked":["Beam Cell","Barrage","Heatsinks"],"picked":"SKIP","floor":18},{"not_picked":["Compile Driver","Sweeping Beam"],"picked":"Cold Snap","floor":22},{"not_picked":["Thunder Strike","Streamline"],"picked":"Self Repair","floor":24},{"not_picked":["Beam Cell","White Noise","Go for the Eyes"],"picked":"SKIP","floor":27},{"not_picked":["Beam Cell","Go for the Eyes"],"picked":"White Noise","floor":27},{"not_picked":["Compile Driver","Leap","Beam Cell"],"picked":"SKIP","floor":31},{"not_picked":["Machine Learning","Amplify"],"picked":"Fission","floor":33},{"not_picked":["Aggregate","Consume"],"picked":"Redo+1","floor":34},{"not_picked":["Hologram+1","Rip and Tear","Hello World"],"picked":"SKIP","floor":35},{"not_picked":["Trip","Panacea"],"picked":"Enlightenment","floor":37},{"not_picked":["Transmutation","Finesse"],"picked":"Secret Technique","floor":37},{"not_picked":["Stack+1","Rip and Tear"],"picked":"Skim+1","floor":39},{"not_picked":["Redo","Coolheaded","Hello World"],"picked":"Storm+1","floor":45},{"not_picked":["Ball Lightning+1","Leap+1","Compile Driver+1"],"picked":"Tempest+1","floor":46},{"not_picked":["Skim","Stack+1","Chaos"],"picked":"Coolheaded+1","floor":48}],"player_experience":452193,"potions_floor_usage":[4,18,31,39,45,45],"damage_taken":[{"damage":1,"enemies":"Cultist","floor":1,"turns":3},{"damage":0,"enemies":"Jaw Worm","floor":4,"turns":4},{"damage":15,"enemies":"Gremlin Nob","floor":6,"turns":5},{"damage":3,"enemies":"Lagavulin","floor":11,"turns":5},{"damage":0,"enemies":"Small Slimes","floor":13,"turns":3},{"damage":11,"enemies":"Slime Boss","floor":16,"turns":10},{"damage":8,"enemies":"Chosen","floor":18,"turns":4},{"damage":15,"enemies":"Shell Parasite","floor":22,"turns":6},{"damage":23,"enemies":"Slavers","floor":24,"turns":7},{"damage":6,"enemies":"Chosen and Byrds","floor":27,"turns":8},{"damage":8,"enemies":"Centurion and Healer","floor":31,"turns":4},{"damage":53,"enemies":"Automaton","floor":33,"turns":8},{"damage":29,"enemies":"Orb Walker","floor":35,"turns":4},{"damage":38,"enemies":"3 Shapes","floor":39,"turns":6},{"damage":34,"enemies":"3 Darklings","floor":45,"turns":5},{"damage":17,"enemies":"Mysterious Sphere","floor":46,"turns":4},{"damage":10,"enemies":"Maw","floor":48,"turns":6},{"damage":75,"enemies":"Donu and Deca","floor":50,"turns":6}],"relics_obtained":[{"floor":6,"key":"Smiling Mask"},{"floor":9,"key":"Juzu Bracelet"},{"floor":11,"key":"Ginger"},{"floor":24,"key":"Letter Opener"},{"floor":26,"key":"Bronze Scales"},{"floor":38,"key":"Whetstone"},{"floor":43,"key":"Question Card"},{"floor":46,"key":"Sundial"}],"event_choices":[{"event_name":"Shining Light","player_choice":"Entered Light","floor":2,"damage_taken":0},{"event_name":"World of Goop","player_choice":"Gather Gold","floor":5,"damage_taken":0},{"event_name":"Accursed Blacksmith","player_choice":"Forge","floor":19,"damage_taken":0},{"event_name":"Addict","player_choice":"Obtained Relic","floor":20,"damage_taken":0},{"event_name":"Forgotten Altar","player_choice":"Shed Blood","floor":21,"damage_taken":0},{"event_name":"Drug Dealer","player_choice":"Ignored","floor":28,"damage_taken":0},{"event_name":"Vampires","player_choice":"Ignored","floor":29,"damage_taken":0},{"event_name":"SensoryStone","player_choice":"Memory 2","floor":37,"damage_taken":0},{"event_name":"Mysterious Sphere","player_choice":"Fight","floor":46,"damage_taken":0},{"event_name":"Winding Halls","player_choice":"Writhe","floor":47,"damage_taken":0}],"boss_relics":[{"not_picked":["Astrolabe","Black Star"],"picked":"Nuclear Battery"},{"not_picked":["Cursed Key","White Beast Statue"],"picked":"Tiny House"}],"items_purged_floors":[8,14],"potions_floor_spawned":[1,4,16,27,31,35],"seed_played":"5918270188275485282","ascension_level":1,"potions_obtained":[{"floor":1,"key":"Weak Potion"},{"floor":4,"key":"SpeedPotion"},{"floor":16,"key":"SkillPotion"},{"floor":27,"key":"Swift Potion"},{"floor":31,"key":"SteroidPotion"},{"floor":34,"key":"GamblersBrew"},{"floor":35,"key":"SkillPotion"}],"is_trial":false}