{"gold_per_floor":[111,125,275,275,39,39,39,50,50,50,50,50],"floor_reached":12,"playtime":248,"items_purged":["Doubt"],"score":132,"play_id":"85688a05-36dc-4a39-8249-476d0aa3d3a1","local_time":"20190304191157","is_ascension_mode":true,"campfire_choices":[{"data":"Demon Form","floor":6,"key":"SMITH"}],"neow_cost":"PERCENT_DAMAGE","seed_source_timestamp":241739142794300,"circlet_count":0,"master_deck":["AscendersBane","Strike_R","Strike_R","Strike_R","Strike_R","Strike_R","Defend_R","Defend_R","Defend_R","Defend_R","Bash","Demon Form+1","Second Wind","Decay","Battle Trance"],"relics":["Burning Blood","Lantern","Meat on the Bone"],"potions_floor_usage":[],"damage_taken":[{"damage":12,"enemies":"Jaw Worm","floor":1,"turns":4},{"damage":12,"enemies":"2 Louse","floor":2,"turns":3},{"damage":23,"enemies":"Small Slimes","floor":8,"turns":4},{"damage":44,"enemies":"3 Sentries","floor":12,"turns":7}],"seed_played":"8242685523064763699","potions_obtained":[{"floor":1,"key":"SpeedPotion"},{"floor":2,"key":"LiquidBronze"}],"is_trial":false,"path_per_floor":["M","M","?","?","$","R","?","M","T","$","$","E"],"character_chosen":"IRONCLAD","items_purchased":["Lantern"],"campfire_rested":0,"item_purchase_floors":[5],"current_hp_per_floor":[44,38,38,63,63,63,63,46,46,46,46,2],"gold":50,"neow_bonus":"THREE_RARE_CARDS","is_prod":false,"is_daily":false,"chose_seed":false,"campfire_upgraded":1,"win_rate":0,"timestamp":1551694317,"path_taken":["M","M","?","?","$","R","?","?","T","?","$","E"],"build_version":"2019-01-23","purchased_purges":1,"victory":false,"max_hp_per_floor":[75,75,75,75,75,75,75,75,75,75,75,75],"card_choices":[{"not_picked":["Dark Embrace","Exhume"],"picked":"Demon Form","floor":0},{"not_picked":["Spot Weakness","Sword Boomerang"],"picked":"Second Wind","floor":1},{"not_picked":["True Grit","Body Slam","Clothesline"],"picked":"SKIP","floor":2},{"not_picked":["Armaments","Metallicize"],"picked":"Battle Trance","floor":8}],"player_experience":2011984,"relics_obtained":[{"floor":9,"key":"Meat on the Bone"}],"event_choices":[{"damage_healed":0,"gold_gain":150,"player_choice":"AGREE","damage_taken":0,"max_hp_gain":0,"max_hp_loss":0,"event_name":"Liars Game","floor":3,"gold_loss":0,"cards_obtained":["Doubt"]},{"damage_healed":25,"gold_gain":0,"player_choice":"Banana","damage_taken":0,"max_hp_gain":0,"max_hp_loss":0,"event_name":"Big Fish","floor":4,"gold_loss":0},{"damage_healed":0,"gold_gain":0,"player_choice":"Cursed","damage_taken":0,"max_hp_gain":0,"max_hp_loss":0,"event_name":"Wheel of Change","floor":7,"gold_loss":0,"cards_obtained":["Decay"]}],"is_beta":false,"boss_relics":[],"items_purged_floors":[5],"is_endless":false,"potions_floor_spawned":[1,2],"killed_by":"3 Sentries","ascension_level":20}