{"gold_per_floor":[17,317,317,334,299,299,331,331,331,331,331,361,379,379,379,456,456,474,486,486],"floor_reached":20,"playtime":695,"items_purged":[],"score":360,"play_id":"9ec90f1f-8405-4e74-a397-fdf1eff8fd47","local_time":"20190310151201","is_ascension_mode":true,"campfire_choices":[{"data":"Zap","floor":6,"key":"SMITH"},{"data":"Capacitor","floor":8,"key":"SMITH"},{"data":"Dualcast","floor":11,"key":"SMITH"},{"floor":15,"key":"REST"}],"neow_cost":"NO_GOLD","seed_source_timestamp":103976244795000,"circlet_count":0,"master_deck":["AscendersBane","Strike_B","Strike_B","Strike_B","Strike_B","Defend_B","Defend_B","Defend_B","Defend_B","Zap+1","Dualcast+1","Coolheaded","Conserve Battery","Capacitor+1","Core Surge","Gash","Electrodynamics","Gash"],"relics":["FrozenCore","Ice Cream","Old Coin","Question Card","Singing Bowl","Nunchaku","Vajra"],"potions_floor_usage":[12,12,16,18,20],"damage_taken":[{"damage":4,"enemies":"Jaw Worm","floor":1,"turns":5},{"damage":9,"enemies":"Cultist","floor":4,"turns":4},{"damage":15,"enemies":"Lagavulin","floor":7,"turns":8},{"damage":52,"enemies":"Gremlin Nob","floor":12,"turns":5},{"damage":2,"enemies":"Small Slimes","floor":13,"turns":3},{"damage":28,"enemies":"The Guardian","floor":16,"turns":13},{"damage":22,"enemies":"3 Byrds","floor":18,"turns":4},{"damage":24,"enemies":"2 Thieves","floor":19,"turns":3},{"damage":0,"enemies":"Snake Plant","floor":20,"turns":1}],"seed_played":"2514501749531146702","potions_obtained":[{"floor":4,"key":"FocusPotion"},{"floor":7,"key":"Regen Potion"},{"floor":13,"key":"PowerPotion"},{"floor":16,"key":"LiquidBronze"},{"floor":19,"key":"FocusPotion"}],"is_trial":false,"path_per_floor":["M","?","T","M","?","R","E","R","T","?","R","E","M","?","R","B",null,"M","M","M"],"character_chosen":"DEFECT","items_purchased":[],"campfire_rested":1,"item_purchase_floors":[],"current_hp_per_floor":[60,42,42,33,50,50,35,35,35,58,58,20,18,18,39,11,56,36,12,12],"gold":486,"neow_bonus":"ONE_RARE_RELIC","is_prod":false,"is_daily":false,"chose_seed":false,"campfire_upgraded":3,"win_rate":0,"timestamp":1552198321,"path_taken":["M","?","?","?","?","R","E","R","T","?","R","E","M","?","R","BOSS","M","M","M"],"build_version":"2019-01-23","purchased_purges":0,"victory":false,"max_hp_per_floor":[71,71,71,71,71,71,71,71,71,71,71,71,71,71,71,71,71,73,73,73],"card_choices":[{"not_picked":["Hologram","Leap"],"picked":"Coolheaded","floor":1},{"not_picked":["Steam","Rebound","Beam Cell"],"picked":"Conserve Battery","floor":4},{"not_picked":["Streamline","Chaos","Skim"],"picked":"Capacitor","floor":7},{"not_picked":["Hello World","Go for the Eyes","Reinforced Body"],"picked":"Core Surge","floor":12},{"not_picked":["Conserve Battery","Redo","Sweeping Beam"],"picked":"Gash","floor":13},{"not_picked":["Creative AI","Amplify","Seek"],"picked":"Electrodynamics","floor":16},{"not_picked":["Steam","Stack","Chaos","Streamline+1"],"picked":"Singing Bowl","floor":18},{"not_picked":["Leap+1","FTL","Static Discharge"],"picked":"Gash","floor":19}],"player_experience":2147700,"relics_obtained":[{"floor":3,"key":"Question Card"},{"floor":7,"key":"Singing Bowl"},{"floor":9,"key":"Nunchaku"},{"floor":12,"key":"Vajra"}],"event_choices":[{"damage_healed":0,"gold_gain":0,"player_choice":"Success","damage_taken":18,"relics_obtained":["Old Coin"],"max_hp_gain":0,"max_hp_loss":0,"event_name":"Scrap Ooze","floor":2,"gold_loss":0},{"damage_healed":17,"gold_gain":0,"player_choice":"Healed","damage_taken":0,"max_hp_gain":0,"max_hp_loss":0,"event_name":"The Cleric","floor":5,"gold_loss":35},{"damage_healed":23,"gold_gain":0,"player_choice":"Banana","damage_taken":0,"max_hp_gain":0,"max_hp_loss":0,"event_name":"Big Fish","floor":10,"gold_loss":0},{"damage_healed":0,"gold_gain":0,"player_choice":"Ignored","damage_taken":0,"max_hp_gain":0,"max_hp_loss":0,"event_name":"Liars Game","floor":14,"gold_loss":0}],"is_beta":false,"boss_relics":[{"not_picked":["Runic Pyramid","Cursed Key"],"picked":"FrozenCore"}],"items_purged_floors":[],"is_endless":false,"potions_floor_spawned":[4,7,13,16,19],"killed_by":"Snake Plant","ascension_level":20}