{"gold_per_floor":[119,69,69,83,158,186,186,200,274,292,292,57,78,114,114,114],"floor_reached":16,"playtime":348,"items_purged":[],"score":142,"play_id":"79e75a8f-3fb8-4fde-a100-b4657ff00585","local_time":"20190106201537","is_ascension_mode":true,"campfire_choices":[{"floor":15,"key":"REST"}],"neow_cost":"NONE","seed_source_timestamp":615860895416985,"circlet_count":0,"master_deck":["Strike_B+1","Strike_B+1","Strike_B+1","Strike_B+1","Defend_B","Defend_B","Defend_B","Zap","Dualcast","Hologram","Coolheaded","Steam","Ball Lightning","Sweeping Beam","Conserve Battery","Loop","Chill","Conserve Battery"],"relics":["Cracked Core","NeowsBlessing","Whetstone","Gremlin Horn","Golden Idol","Vajra","Smiling Mask"],"potions_floor_usage":[14,14],"damage_taken":[{"damage":0,"enemies":"2 Louse","floor":1,"turns":1},{"damage":0,"enemies":"Jaw Worm","floor":4,"turns":1},{"damage":0,"enemies":"3 Sentries","floor":6,"turns":1},{"damage":0,"enemies":"Small Slimes","floor":8,"turns":3},{"damage":2,"enemies":"3 Louse","floor":10,"turns":3},{"damage":3,"enemies":"Large Slime","floor":13,"turns":4},{"damage":21,"enemies":"Gremlin Nob","floor":14,"turns":4},{"damage":29,"enemies":"The Guardian","floor":16,"turns":6}],"seed_played":"652909607467099053","potions_obtained":[{"floor":1,"key":"SpeedPotion"},{"floor":6,"key":"Swift Potion"},{"floor":8,"key":"GamblersBrew"}],"is_trial":false,"path_per_floor":["M","?","?","M","?","E","?","M","T","M","?","$","M","E","R","B"],"character_chosen":"DEFECT","items_purchased":["Vajra","Conserve Battery","Loop"],"campfire_rested":1,"item_purchase_floors":[12,12,12],"current_hp_per_floor":[75,75,60,60,49,49,49,49,49,47,29,29,26,5,27,0],"gold":114,"neow_bonus":"THREE_ENEMY_KILL","is_prod":false,"is_daily":false,"chose_seed":false,"campfire_upgraded":0,"win_rate":0,"timestamp":1546827337,"path_taken":["M","?","?","M","?","E","?","M","T","M","?","?","?","E","R","BOSS"],"build_version":"2019-01-03v4","purchased_purges":0,"victory":false,"max_hp_per_floor":[75,75,75,75,75,75,75,75,75,75,75,75,75,75,75,75],"card_choices":[{"not_picked":["Self Repair","Redo"],"picked":"Hologram","floor":1},{"not_picked":["Barrage","Heatsinks"],"picked":"Coolheaded","floor":4},{"not_picked":["Hologram","Rebound"],"picked":"Steam","floor":6},{"not_picked":["Go for the Eyes","Beam Cell"],"picked":"Ball Lightning","floor":8},{"not_picked":["Compile Driver","Aggregate"],"picked":"Sweeping Beam","floor":10},{"not_picked":["Gash","Scrape"],"picked":"Chill","floor":13},{"not_picked":["Darkness","Reboot"],"picked":"Conserve Battery","floor":14}],"player_experience":131791,"relics_obtained":[{"floor":6,"key":"Whetstone"},{"floor":9,"key":"Gremlin Horn"},{"floor":14,"key":"Smiling Mask"}],"event_choices":[{"cards_removed":["Defend_B"],"damage_healed":0,"gold_gain":0,"player_choice":"Card Removal","damage_taken":0,"max_hp_gain":0,"max_hp_loss":0,"event_name":"The Cleric","floor":2,"gold_loss":50},{"damage_healed":0,"gold_gain":0,"player_choice":"Entered Light","damage_taken":15,"max_hp_gain":0,"max_hp_loss":0,"event_name":"Shining Light","floor":3,"gold_loss":0,"cards_upgraded":["Strike_B","Strike_B"]},{"damage_healed":0,"gold_gain":75,"player_choice":"Gather Gold","damage_taken":11,"max_hp_gain":0,"max_hp_loss":0,"event_name":"World of Goop","floor":5,"gold_loss":0},{"damage_healed":0,"gold_gain":0,"player_choice":"Searched \u00270\u0027 times","damage_taken":0,"max_hp_gain":0,"max_hp_loss":0,"event_name":"Dead Adventurer","floor":7,"gold_loss":0},{"damage_healed":0,"gold_gain":0,"player_choice":"Take Damage","damage_taken":18,"relics_obtained":["Golden Idol"],"max_hp_gain":0,"max_hp_loss":0,"event_name":"Golden Idol","floor":11,"gold_loss":0}],"is_beta":false,"boss_relics":[],"items_purged_floors":[],"is_endless":false,"potions_floor_spawned":[1,6,8,10],"killed_by":"The Guardian","ascension_level":1}