{"gold_per_floor":[111,111,25,44,62,87,87,87,113,144,144],"floor_reached":11,"playtime":354,"items_purged":[],"score":154,"play_id":"9359f259-1f18-46a6-83d0-531713d68e38","local_time":"20190403171335","is_ascension_mode":true,"campfire_choices":[{"floor":8,"key":"REST"}],"neow_cost":"NONE","seed_source_timestamp":1735761209997804,"circlet_count":0,"master_deck":["AscendersBane","Strike_B+1","Strike_B","Strike_B+1","Strike_B","Defend_B","Defend_B","Defend_B","Zap","Dualcast","Defragment","Defragment","Capacitor","Redo","Compile Driver","Heatsinks"],"relics":["Cracked Core","NeowsBlessing","Whetstone","Bronze Scales","Juzu Bracelet"],"potions_floor_usage":[6,6],"damage_taken":[{"damage":0,"enemies":"Cultist","floor":1,"turns":1},{"damage":0,"enemies":"Small Slimes","floor":4,"turns":1},{"damage":0,"enemies":"2 Louse","floor":5,"turns":1},{"damage":32,"enemies":"3 Sentries","floor":6,"turns":7},{"damage":52,"enemies":"Lagavulin","floor":10,"turns":7},{"damage":15,"enemies":"Large Slime","floor":11,"turns":4}],"seed_played":"-2061868548463124002","potions_obtained":[{"floor":1,"key":"EssenceOfSteel"},{"floor":5,"key":"Fire Potion"}],"is_trial":false,"path_per_floor":["M","?","$","M","M","E","?","R","T","E","M"],"character_chosen":"DEFECT","items_purchased":["Defragment"],"campfire_rested":1,"item_purchase_floors":[3],"current_hp_per_floor":[64,64,64,64,64,32,55,71,71,19,4],"gold":144,"neow_bonus":"THREE_ENEMY_KILL","is_prod":false,"is_daily":false,"chose_seed":false,"campfire_upgraded":0,"win_rate":0,"timestamp":1554300815,"path_taken":["M","?","$","M","?","E","?","R","T","E","M"],"build_version":"2019-01-23","purchased_purges":0,"victory":false,"max_hp_per_floor":[71,71,71,71,71,71,71,71,71,71,71],"card_choices":[{"not_picked":["Cold Snap","Chaos"],"picked":"Defragment","floor":1},{"not_picked":["Cold Snap","Streamline"],"picked":"Capacitor","floor":4},{"not_picked":["Leap","FTL"],"picked":"Redo","floor":5},{"not_picked":["Gash","Skim"],"picked":"Compile Driver","floor":6},{"not_picked":["Leap","Go for the Eyes"],"picked":"Heatsinks","floor":10}],"player_experience":1158039,"relics_obtained":[{"floor":6,"key":"Whetstone"},{"floor":9,"key":"Bronze Scales"},{"floor":10,"key":"Juzu Bracelet"}],"event_choices":[{"cards_removed":["Defend_B"],"damage_healed":0,"gold_gain":0,"player_choice":"Offered Basic","damage_taken":0,"max_hp_gain":0,"max_hp_loss":0,"event_name":"Bonfire Elementals","floor":2,"gold_loss":0},{"damage_healed":23,"gold_gain":0,"player_choice":"Banana","damage_taken":0,"max_hp_gain":0,"max_hp_loss":0,"event_name":"Big Fish","floor":7,"gold_loss":0}],"is_beta":false,"boss_relics":[],"items_purged_floors":[],"is_endless":false,"potions_floor_spawned":[1,5],"killed_by":"Large Slime","ascension_level":18}