{"gold_per_floor":[118,137,84,84,84,84,119,17,41,56,81,81,81,92,92,171,171,189,189,189,57,77,103,103,203,272,272,292,292,318,334,334,411,411,422,422,42,42,54,114,126,170,263,303,315,337,374,401,413,425,437],"floor_reached":51,"playtime":1811,"items_purged":["Writhe"],"score":1643,"play_id":"983709f3-c594-4869-978c-8d2979104e24","local_time":"20190420131842","is_ascension_mode":true,"campfire_choices":[{"data":"Perfected Strike","floor":6.0,"key":"SMITH"},{"data":"Perfected Strike","floor":13.0,"key":"SMITH"},{"data":"Armaments","floor":15.0,"key":"SMITH"},{"data":"Shockwave","floor":27.0,"key":"SMITH"},{"floor":32.0,"key":"REST"},{"floor":49,"key":"REST"}],"neow_cost":"NONE","seed_source_timestamp":377721602149700,"circlet_count":0,"master_deck":["AscendersBane","Strike_R+1","Strike_R+1","Strike_R+1","Strike_R+1","Strike_R+1","Defend_R+1","Defend_R+1","Defend_R+1","Defend_R+1","Bash","Offering","Shockwave+1","Perfected Strike+1","Perfected Strike+1","Armaments+1","Evolve","Wild Strike","Reaper","Entrench","Perfected Strike","Pommel Strike","Entrench","Perfected Strike+1","Double Tap","Enlightenment","Entrench+1","Power Through","Feel No Pain","Pommel Strike+1","Entrench","Flame Barrier+1"],"special_seed":0,"relics":["Burning Blood","Sundial","Bronze Scales","Ancient Tea Set","Snecko Eye","Enchiridion","Dodecahedron","Dream Catcher","Nunchaku","Self Forming Clay","Pantograph","Orichalcum","Black Star","Medical Kit","Lantern","MawBank","Tiny Chest","Champion Belt","Juzu Bracelet","Darkstone Periapt","Boot","Anchor","Potion Belt"],"potions_floor_usage":[42,42,51],"damage_taken":[{"damage":14.0,"enemies":"2 Louse","floor":1.0,"turns":4.0},{"damage":10.0,"enemies":"Jaw Worm","floor":2.0,"turns":3.0},{"damage":36.0,"enemies":"3 Sentries","floor":7.0,"turns":7.0},{"damage":0.0,"enemies":"Cultist","floor":10.0,"turns":2.0},{"damage":17.0,"enemies":"Gremlin Nob","floor":11.0,"turns":3.0},{"damage":3.0,"enemies":"Large Slime","floor":14.0,"turns":2.0},{"damage":22.0,"enemies":"Hexaghost","floor":16.0,"turns":5.0},{"damage":16.0,"enemies":"Shell Parasite","floor":18.0,"turns":2.0},{"damage":14.0,"enemies":"2 Thieves","floor":22.0,"turns":2.0},{"damage":13.0,"enemies":"Gremlin Leader","floor":23.0,"turns":4.0},{"damage":8.0,"enemies":"Colosseum Slavers","floor":25.0,"turns":2.0},{"damage":6.0,"enemies":"Colosseum Nobs","floor":25.0,"turns":2.0},{"damage":23.0,"enemies":"Snake Plant","floor":28.0,"turns":3.0},{"damage":17.0,"enemies":"Slavers","floor":30.0,"turns":3.0},{"damage":6.0,"enemies":"Snecko","floor":31.0,"turns":2.0},{"damage":11.0,"enemies":"Champ","floor":33.0,"turns":6.0},{"damage":0.0,"enemies":"3 Shapes","floor":35.0,"turns":3.0},{"damage":5.0,"enemies":"Orb Walker","floor":39.0,"turns":2.0},{"damage":26.0,"enemies":"Nemesis","floor":40.0,"turns":5.0},{"damage":82,"enemies":"Reptomancer","floor":42,"turns":6},{"damage":13,"enemies":"Nemesis","floor":44,"turns":3},{"damage":58,"enemies":"Spire Growth","floor":46,"turns":4},{"damage":26,"enemies":"Giant Head","floor":47,"turns":6},{"damage":22,"enemies":"Maw","floor":48,"turns":4},{"damage":54,"enemies":"Donu and Deca","floor":50,"turns":10},{"damage":63,"enemies":"Time Eater","floor":51,"turns":11}],"seed_played":"3109189145785976451","potions_obtained":[{"floor":2.0,"key":"Weak Potion"},{"floor":5.0,"key":"Poison Potion"},{"floor":5.0,"key":"Poison Potion"},{"floor":16.0,"key":"FearPotion"},{"floor":23.0,"key":"Ancient Potion"},{"floor":25.0,"key":"EssenceOfSteel"},{"floor":33.0,"key":"Explosive Potion"},{"floor":40.0,"key":"GamblersBrew"},{"floor":47,"key":"FearPotion"}],"is_trial":false,"path_per_floor":["M","M","$","?","?","R","E","$","T","M","E","?","R","M","R","B",null,"M","?","?","$","M","E","?","?","T","R","M","?","E","M","R","B",null,"M","?","$","?","M","E","$","E","T","E","?","M","E","M","R","B","B"],"character_chosen":"IRONCLAD","items_purchased":["Perfected Strike","Armaments","Evolve","Perfected Strike","Medical Kit","Lantern"],"campfire_rested":2,"item_purchase_floors":[3,8,8,21,37,37],"current_hp_per_floor":[60,56,56,56,56,56,26,26,26,32,21,21,21,24,24,8,58,48,27,27,27,23,34,34,42,42,42,27,27,28,32,54,75,75,75,75,75,75,75,67,67,11,11,22,85,33,44,28,53,30,0],"gold":437,"neow_bonus":"ONE_RANDOM_RARE_CARD","is_prod":false,"is_daily":false,"chose_seed":false,"campfire_upgraded":4,"win_rate":0,"timestamp":1555733922,"path_taken":["M","M","$","?","?","R","E","$","T","?","E","?","R","M","R","BOSS","M","?","?","$","M","E","?","?","T","R","?","?","E","?","R","BOSS","M","?","$","?","M","E","$","E","T","E","?","M","E","M","R","BOSS","BOSS"],"build_version":"2019-01-23","purchased_purges":1,"victory":false,"max_hp_per_floor":[75,75,75,75,75,75,75,75,75,75,75,75,75,75,75,75,75,75,75,75,75,75,75,75,75,75,75,75,75,75,75,75,75,75,75,75,75,75,75,75,75,75,75,75,85,85,85,85,85,85,85],"card_choices":[{"not_picked":["Pommel Strike","Ghostly Armor"],"picked":"Shockwave","floor":1.0},{"not_picked":["Combust","Wild Strike"],"picked":"Perfected Strike","floor":2.0},{"not_picked":["Thunderclap","Rampage"],"picked":"Wild Strike","floor":10.0},{"not_picked":["Sword Boomerang","Cleave","Uppercut"],"picked":"SKIP","floor":11.0},{"not_picked":["Spot Weakness","Havoc","Flex"],"picked":"SKIP","floor":14.0},{"not_picked":["Fiend Fire","Exhume"],"picked":"Reaper","floor":16.0},{"not_picked":["Iron Wave","Twin Strike"],"picked":"Entrench","floor":18.0},{"not_picked":["Infernal Blade","Sword Boomerang+1"],"picked":"Pommel Strike","floor":22.0},{"not_picked":["Combust","Seeing Red","Inflame"],"picked":"SKIP","floor":23.0},{"not_picked":["Berserk","Blood for Blood"],"picked":"Entrench","floor":28.0},{"not_picked":["Shrug It Off","Fire Breathing"],"picked":"Reaper","floor":30.0},{"not_picked":["Twin Strike","Armaments","Warcry+1"],"picked":"SKIP","floor":31.0},{"not_picked":["Juggernaut","Dark Embrace"],"picked":"Double Tap","floor":33.0},{"not_picked":["Uppercut","Fire Breathing","Twin Strike"],"picked":"SKIP","floor":35.0},{"not_picked":["Secret Weapon","Good Instincts"],"picked":"Enlightenment","floor":38.0},{"not_picked":["Sword Boomerang","Sever Soul","Burning Pact"],"picked":"SKIP","floor":39.0},{"not_picked":["Clash","Clothesline"],"picked":"Entrench+1","floor":40.0},{"not_picked":["Hemokinesis","Clothesline"],"picked":"Power Through","floor":42},{"not_picked":["Entrench","Flex"],"picked":"Feel No Pain","floor":44},{"not_picked":["Carnage","Havoc"],"picked":"Pommel Strike+1","floor":46},{"not_picked":["Body Slam","Clash+1","Thunderclap+1"],"picked":"SKIP","floor":47},{"not_picked":["Pummel","Clash"],"picked":"Entrench","floor":48},{"not_picked":["Shrug It Off+1","Iron Wave"],"picked":"Flame Barrier+1","floor":49}],"player_experience":3243607,"relics_obtained":[{"floor":7.0,"key":"Sundial"},{"floor":9.0,"key":"Bronze Scales"},{"floor":11.0,"key":"Ancient Tea Set"},{"floor":19.0,"key":"Enchiridion"},{"floor":23.0,"key":"Dream Catcher"},{"floor":25.0,"key":"Nunchaku"},{"floor":25.0,"key":"Self Forming Clay"},{"floor":26.0,"key":"Pantograph"},{"floor":30.0,"key":"Orichalcum"},{"floor":40.0,"key":"MawBank"},{"floor":40.0,"key":"Tiny Chest"},{"floor":42,"key":"Champion Belt"},{"floor":42,"key":"Juzu Bracelet"},{"floor":44,"key":"Darkstone Periapt"},{"floor":44,"key":"Boot"},{"floor":47,"key":"Anchor"},{"floor":47,"key":"Potion Belt"}],"event_choices":[{"damage_healed":0.0,"max_hp_gain":0.0,"max_hp_loss":0.0,"gold_gain":0.0,"event_name":"Liars Game","player_choice":"Ignored","floor":4.0,"gold_loss":0.0,"damage_taken":0.0},{"damage_healed":0.0,"max_hp_gain":0.0,"max_hp_loss":0.0,"gold_gain":0.0,"event_name":"Lab","player_choice":"Got Potions","floor":5.0,"gold_loss":0.0,"damage_taken":0.0},{"damage_healed":0.0,"max_hp_gain":0.0,"max_hp_loss":0.0,"gold_gain":0.0,"event_name":"Shining Light","player_choice":"Ignored","floor":12.0,"gold_loss":0.0,"damage_taken":0.0},{"damage_healed":0.0,"max_hp_gain":0.0,"max_hp_loss":0.0,"gold_gain":0.0,"event_name":"Cursed Tome","player_choice":"Obtained Book","floor":19.0,"gold_loss":0.0,"damage_taken":21.0},{"damage_healed":0.0,"max_hp_gain":0.0,"max_hp_loss":0.0,"gold_gain":0.0,"event_name":"The Mausoleum","player_choice":"Opened","floor":20.0,"gold_loss":0.0,"damage_taken":0.0,"relics_obtained":["Dodecahedron"],"cards_obtained":["Writhe"]},{"damage_healed":0.0,"max_hp_gain":0.0,"max_hp_loss":0.0,"gold_gain":0.0,"event_name":"Back to Basics","player_choice":"Simplicity","floor":24.0,"gold_loss":0.0,"damage_taken":0.0,"cards_upgraded":["Strike_R","Strike_R","Strike_R","Strike_R","Strike_R","Defend_R","Defend_R","Defend_R","Defend_R"]},{"damage_healed":0.0,"max_hp_gain":0.0,"max_hp_loss":0.0,"gold_gain":0.0,"event_name":"Colosseum","player_choice":"Fight","floor":25.0,"gold_loss":0.0,"damage_taken":0.0},{"damage_healed":0.0,"max_hp_gain":0.0,"max_hp_loss":0.0,"gold_gain":0.0,"event_name":"Colosseum","player_choice":"Fought Nobs","floor":25.0,"gold_loss":0.0,"damage_taken":0.0},{"damage_healed":0.0,"max_hp_gain":0.0,"max_hp_loss":0.0,"gold_gain":0.0,"event_name":"Duplicator","player_choice":"Copied","floor":29.0,"gold_loss":0.0,"damage_taken":0.0,"cards_obtained":["Perfected Strike"]},{"damage_healed":0.0,"max_hp_gain":0.0,"max_hp_loss":0.0,"gold_gain":0.0,"event_name":"Tomb of Lord Red Mask","player_choice":"Ignored","floor":36.0,"gold_loss":0.0,"damage_taken":0.0},{"damage_healed":0.0,"max_hp_gain":0.0,"max_hp_loss":0.0,"gold_gain":0.0,"event_name":"SensoryStone","player_choice":"Memory 1","floor":38.0,"gold_loss":0.0,"damage_taken":0.0},{"cards_removed":["Reaper"],"damage_healed":53,"gold_gain":0,"player_choice":"Offered Rare","damage_taken":0,"max_hp_gain":10,"max_hp_loss":0,"event_name":"Bonfire Elementals","floor":45,"gold_loss":0}],"is_beta":false,"boss_relics":[{"not_picked":["Mark of Pain","Astrolabe"],"picked":"Snecko Eye"},{"not_picked":["Coffee Dripper","Fusion Hammer"],"picked":"Black Star"}],"items_purged_floors":[21],"is_endless":false,"potions_floor_spawned":[2,7,11,16,23,25,25,30,33,40,47],"killed_by":"Time Eater","ascension_level":20}