{"gold_per_floor":[117,34,34,53,67,95,107,132,132,132,158,177,192,192,192,295,295,313,313,44,44,54,54,79,93,93,93,93,93,112,146,146,245,245,260,260,260,274,31,56,56,73,73,73,98,111,111,126,126,126],"floor_reached":51,"playtime":3264,"items_purged":["Strike_R"],"score":1197,"play_id":"ab29e541-92df-4258-a86b-11ce137a3f2c","local_time":"20180812035505","is_ascension_mode":true,"campfire_choices":[{"floor":10,"key":"REST"},{"data":"Armaments","floor":15,"key":"SMITH"},{"data":"Barricade","floor":23,"key":"SMITH"},{"data":"Whirlwind","floor":27,"key":"SMITH"},{"data":"Metallicize","floor":29,"key":"SMITH"},{"data":"Uppercut","floor":32,"key":"SMITH"},{"data":"Spot Weakness","floor":41,"key":"SMITH"},{"floor":44,"key":"REST"},{"floor":47,"key":"REST"},{"data":"True Grit","floor":49,"key":"SMITH"}],"neow_cost":"","seed_source_timestamp":2367631610087091,"circlet_count":0,"master_deck":["Defend_R","Defend_R","Defend_R","Defend_R","Bash","AscendersBane","Armaments+1","True Grit+1","Whirlwind+1","Iron Wave","Spot Weakness+1","Pommel Strike","Thunderclap","Iron Wave","Metallicize+1","Headbutt","Barricade+1","Impervious","Bite","Bite","Bite","Bite","Bite","Heavy Blade+1","Uppercut+1","Impervious","Pommel Strike+1","Shockwave+1","Anger+1"],"relics":["Burning Blood","GremlinMask","Incense Burner","Nunchaku","Ornamental Fan","Self Forming Clay","Vajra","Mark of Pain","Sling","Dream Catcher","Bottled Flame","Bottled Lightning","Lizard Tail","Pear","Singing Bowl","Kunai","Strawberry"],"potions_floor_usage":[6,8,11,16,35,40,40,46,50,50],"damage_taken":[{"damage":10,"enemies":"Jaw Worm","floor":1,"turns":5},{"damage":19,"enemies":"Cultist","floor":4,"turns":6},{"damage":8,"enemies":"Small Slimes","floor":5,"turns":6},{"damage":39,"enemies":"Lagavulin","floor":6,"turns":8},{"damage":10,"enemies":"2 Fungi Beasts","floor":7,"turns":4},{"damage":33,"enemies":"Gremlin Nob","floor":8,"turns":5},{"damage":22,"enemies":"Lagavulin","floor":11,"turns":7},{"damage":6,"enemies":"Looter","floor":12,"turns":4},{"damage":2,"enemies":"Red Slaver","floor":13,"turns":6},{"damage":11,"enemies":"Hexaghost","floor":16,"turns":11},{"damage":4,"enemies":"3 Byrds","floor":18,"turns":6},{"damage":0,"enemies":"Chosen","floor":22,"turns":4},{"damage":22,"enemies":"Gremlin Leader","floor":24,"turns":9},{"damage":1,"enemies":"Snake Plant","floor":25,"turns":6},{"damage":7,"enemies":"Sentry and Sphere","floor":30,"turns":8},{"damage":15,"enemies":"Book of Stabbing","floor":31,"turns":4},{"damage":22,"enemies":"Automaton","floor":33,"turns":12},{"damage":18,"enemies":"Flame Bruiser 1 Orb","floor":35,"turns":8},{"damage":1,"enemies":"Orb Walker","floor":38,"turns":4},{"damage":43,"enemies":"Giant Head","floor":40,"turns":10},{"damage":29,"enemies":"Transient","floor":42,"turns":5},{"damage":16,"enemies":"2 Orb Walkers","floor":45,"turns":5},{"damage":38,"enemies":"Jaw Worm Horde","floor":46,"turns":4},{"damage":16,"enemies":"Maw","floor":48,"turns":9},{"damage":40,"enemies":"Awakened One","floor":50,"turns":13}],"seed_played":"7358693561487138181","potions_obtained":[{"floor":4,"key":"Strength Potion"},{"floor":5,"key":"Strength Potion"},{"floor":6,"key":"FairyPotion"},{"floor":8,"key":"SneckoOil"},{"floor":13,"key":"AttackPotion"},{"floor":25,"key":"Fire Potion"},{"floor":31,"key":"Swift Potion"},{"floor":35,"key":"Dexterity Potion"},{"floor":45,"key":"EntropicBrew"},{"floor":46,"key":"BloodPotion"}],"is_trial":false,"path_per_floor":["M","$","?","M","M","E","M","E","T","R","E","M","M","T","R","B",null,"M","?","$","?","M","R","E","M","T","R","?","R","M","E","R","B",null,"M","$","?","M","$","E","R","M","T","R","E","M","R","M","R","B"],"character_chosen":"IRONCLAD","items_purchased":["True Grit","Whirlwind","Sling","Pear"],"campfire_rested":3,"item_purchase_floors":[2,2,20,39],"current_hp_per_floor":[68,68,68,55,53,20,16,11,11,35,19,19,23,23,23,18,65,67,52,52,44,50,50,34,39,39,39,39,39,51,48,48,48,56,55,55,55,59,69,38,38,23,23,44,51,26,51,60,60,58],"gold":126,"neow_bonus":"","is_prod":false,"is_daily":false,"chose_seed":false,"campfire_upgraded":7,"win_rate":0,"timestamp":1534017305,"path_taken":["M","$","?","M","M","E","M","E","T","R","E","M","M","?","R","BOSS","M","?","$","?","M","R","E","M","T","R","?","R","M","E","R","BOSS","M","$","?","M","$","E","R","M","T","R","E","M","R","M","R","BOSS"],"build_version":"2018-08-08","purchased_purges":1,"victory":true,"max_hp_per_floor":[80,80,80,80,80,80,80,80,80,80,80,80,80,80,80,80,80,80,85,85,85,85,85,85,85,85,85,59,59,59,59,59,59,59,59,59,59,59,69,71,71,73,73,73,82,84,84,86,86,86],"card_choices":[{"not_picked":["Clash","Sword Boomerang"],"picked":"Armaments","floor":1},{"not_picked":["Blood for Blood","Rupture"],"picked":"Iron Wave","floor":4},{"not_picked":["Headbutt","Inflame"],"picked":"Spot Weakness","floor":5},{"not_picked":["Iron Wave","Perfected Strike"],"picked":"Pommel Strike","floor":6},{"not_picked":["Intimidate","Evolve"],"picked":"Thunderclap","floor":7},{"not_picked":["Inflame","Sever Soul"],"picked":"Iron Wave","floor":8},{"not_picked":["Perfected Strike","Armaments","Warcry"],"picked":"SKIP","floor":11},{"not_picked":["Havoc","Bludgeon"],"picked":"Metallicize","floor":12},{"not_picked":["Entrench","Havoc"],"picked":"Headbutt","floor":13},{"not_picked":["Berserk","Fiend Fire"],"picked":"Barricade","floor":16},{"not_picked":["Clothesline","Cleave","Carnage"],"picked":"SKIP","floor":18},{"not_picked":["Headbutt+1","Warcry","True Grit"],"picked":"SKIP","floor":22},{"not_picked":["Thunderclap","Iron Wave+1"],"picked":"Impervious","floor":24},{"not_picked":["Armaments+1","Flex","Carnage"],"picked":"SKIP","floor":25},{"not_picked":["Uppercut","Corruption"],"picked":"Heavy Blade+1","floor":30},{"not_picked":["Rage+1","Warcry"],"picked":"Uppercut","floor":31},{"not_picked":["Brutality","Exhume"],"picked":"Impervious","floor":33},{"not_picked":["Headbutt+1","Sentinel","Flex"],"picked":"SKIP","floor":35},{"not_picked":["Perfected Strike+1","Corruption"],"picked":"Pommel Strike+1","floor":38},{"not_picked":["Cleave","Wild Strike","Flex+1"],"picked":"Singing Bowl","floor":40},{"not_picked":["Body Slam","Inflame","Rampage"],"picked":"Singing Bowl","floor":42},{"not_picked":["Blood for Blood","Carnage"],"picked":"Shockwave+1","floor":44},{"not_picked":["Immolate","Dual Wield","Combust"],"picked":"Singing Bowl","floor":45},{"not_picked":["Pommel Strike","Rage+1","Anger"],"picked":"Singing Bowl","floor":46},{"not_picked":["Clash","Seeing Red"],"picked":"Anger+1","floor":47},{"not_picked":["Blood for Blood+1","Thunderclap","True Grit"],"picked":"Singing Bowl","floor":48}],"player_experience":462962,"relics_obtained":[{"floor":6,"key":"Incense Burner"},{"floor":8,"key":"Nunchaku"},{"floor":9,"key":"Ornamental Fan"},{"floor":11,"key":"Self Forming Clay"},{"floor":14,"key":"Vajra"},{"floor":24,"key":"Dream Catcher"},{"floor":26,"key":"Bottled Flame"},{"floor":31,"key":"Bottled Lightning"},{"floor":40,"key":"Singing Bowl"},{"floor":43,"key":"Kunai"},{"floor":45,"key":"Strawberry"}],"event_choices":[{"event_name":"FaceTrader","player_choice":"Trade","floor":3,"damage_taken":0},{"event_name":"Forgotten Altar","player_choice":"Shed Blood","floor":19,"damage_taken":0},{"event_name":"Knowing Skull","player_choice":"","floor":21,"damage_taken":0},{"event_name":"Vampires","player_choice":"Became a vampire","floor":28,"damage_taken":0},{"event_name":"Tomb of Lord Red Mask","player_choice":"Ignored","floor":37,"damage_taken":0}],"is_beta":true,"boss_relics":[{"not_picked":["Fusion Hammer","Calling Bell"],"picked":"Mark of Pain"},{"not_picked":["Astrolabe","Runic Pyramid"],"picked":"Lizard Tail"}],"items_purged_floors":[20],"is_endless":false,"potions_floor_spawned":[4,5,6,8,13,25,31,33,35,45,46],"ascension_level":11}