{"gold_per_floor":[113,35,35,53,128,128,160,160,216,243,260,285,182,182,182,256,256,269,269,282,202,222,248,329,354,354,368,212,241,251,251,251,251],"floor_reached":33,"playtime":680,"items_purged":["Strike_R","Strike_R"],"score":842,"play_id":"2933921a-4c8d-4d64-8fc8-8ed26caeb5ab","local_time":"20190412140850","is_ascension_mode":true,"campfire_choices":[{"data":"Immolate","floor":6,"key":"SMITH"},{"data":"Whirlwind","floor":8,"key":"SMITH"},{"data":"Shrug It Off","floor":15,"key":"SMITH"},{"data":"Entrench","floor":32,"key":"SMITH"}],"neow_cost":"NONE","seed_source_timestamp":8938952156100,"circlet_count":0,"master_deck":["AscendersBane","Strike_R","Strike_R","Defend_R","Defend_R","Defend_R","Defend_R","Bash+1","Battle Trance","Immolate+1","Ghostly Armor","Whirlwind+1","Second Wind+1","Shrug It Off+1","Double Tap","Ghostly","Ghostly","Ghostly","Flame Barrier+1","Feel No Pain","Impervious","Corruption","Inflame+1","True Grit","Shrug It Off","Entrench+1"],"relics":["Burning Blood","NeowsBlessing","Gremlin Horn","Tiny Chest","Bronze Scales","Anchor","Black Star","Darkstone Periapt","Happy Flower","Meat on the Bone","Vajra","Prayer Wheel","PreservedInsect","Peace Pipe","Unceasing Top"],"potions_floor_usage":[10,16,33],"damage_taken":[{"damage":0,"enemies":"Cultist","floor":1,"turns":1},{"damage":0,"enemies":"Jaw Worm","floor":4,"turns":1},{"damage":0,"enemies":"Lagavulin","floor":7,"turns":1},{"damage":0,"enemies":"3 Sentries","floor":10,"turns":2},{"damage":0,"enemies":"Small Slimes","floor":11,"turns":1},{"damage":20,"enemies":"Lagavulin","floor":12,"turns":6},{"damage":41,"enemies":"Hexaghost","floor":16,"turns":9},{"damage":0,"enemies":"3 Byrds","floor":18,"turns":3},{"damage":2,"enemies":"2 Thieves","floor":20,"turns":3},{"damage":1,"enemies":"Centurion and Healer","floor":22,"turns":5},{"damage":0,"enemies":"Gremlin Leader","floor":23,"turns":4},{"damage":8,"enemies":"Book of Stabbing","floor":25,"turns":6},{"damage":2,"enemies":"Cultist and Chosen","floor":27,"turns":5},{"damage":0,"enemies":"Slavers","floor":29,"turns":4},{"damage":2,"enemies":"Shelled Parasite and Fungi","floor":30,"turns":6},{"damage":1,"enemies":"Automaton","floor":33,"turns":6}],"seed_played":"-5226793835158874810","potions_obtained":[{"floor":1,"key":"SteroidPotion"},{"floor":4,"key":"BloodPotion"},{"floor":22,"key":"SmokeBomb"},{"floor":23,"key":"Ancient Potion"},{"floor":27,"key":"SkillPotion"}],"is_trial":false,"path_per_floor":["M","$","?","M","?","R","E","R","T","E","M","E","$","?","R","B",null,"M","?","M","$","M","E","T","E","T","M","$","E","M","?","R","B"],"character_chosen":"IRONCLAD","items_purchased":["Immolate","Shrug It Off","Feel No Pain","PowerPotion"],"campfire_rested":0,"item_purchase_floors":[2,13,21,28],"current_hp_per_floor":[74,74,74,75,64,64,70,70,70,75,75,61,61,38,38,10,59,65,37,37,37,37,37,37,35,35,37,37,37,37,37,37,36],"gold":251,"neow_bonus":"THREE_ENEMY_KILL","is_prod":false,"is_daily":false,"chose_seed":false,"campfire_upgraded":4,"win_rate":0,"timestamp":1555045730,"path_taken":["M","$","?","?","?","R","E","R","T","E","M","E","?","?","R","BOSS","M","?","M","$","M","E","?","E","T","?","$","E","?","?","R","BOSS"],"build_version":"2019-01-23","purchased_purges":2,"victory":false,"max_hp_per_floor":[75,75,75,75,75,75,75,75,75,75,75,75,75,75,75,75,75,75,37,37,37,37,37,37,37,37,37,37,37,37,37,37,37],"card_choices":[{"not_picked":["Metallicize","Intimidate"],"picked":"Battle Trance","floor":1},{"not_picked":["Havoc","Hemokinesis"],"picked":"Ghostly Armor","floor":4},{"not_picked":["Wild Strike","Corruption"],"picked":"Whirlwind","floor":7},{"not_picked":["Dropkick","Bloodletting"],"picked":"Second Wind","floor":10},{"not_picked":["Anger","Clash","Metallicize"],"picked":"SKIP","floor":11},{"not_picked":["Wild Strike","Pommel Strike","Battle Trance"],"picked":"SKIP","floor":12},{"not_picked":["Limit Break","Bludgeon"],"picked":"Double Tap","floor":16},{"not_picked":["Sword Boomerang","Perfected Strike","Rupture"],"picked":"SKIP","floor":18},{"not_picked":["Armaments+1","Thunderclap+1"],"picked":"Flame Barrier+1","floor":20},{"not_picked":["Sword Boomerang","Flex","Anger"],"picked":"SKIP","floor":22},{"not_picked":["Pummel","Power Through"],"picked":"Impervious","floor":23},{"not_picked":["Flex","Combust"],"picked":"Corruption","floor":25},{"not_picked":["Power Through","Clothesline"],"picked":"Inflame+1","floor":27},{"not_picked":["Twin Strike","Flex","Thunderclap+1"],"picked":"SKIP","floor":27},{"not_picked":["Reaper","Headbutt"],"picked":"True Grit","floor":29},{"not_picked":["Cleave","Clash"],"picked":"Shrug It Off","floor":30},{"not_picked":["Disarm","Perfected Strike+1"],"picked":"Entrench","floor":30}],"player_experience":3076507,"relics_obtained":[{"floor":7,"key":"Gremlin Horn"},{"floor":9,"key":"Tiny Chest"},{"floor":10,"key":"Bronze Scales"},{"floor":12,"key":"Anchor"},{"floor":23,"key":"Darkstone Periapt"},{"floor":23,"key":"Happy Flower"},{"floor":24,"key":"Meat on the Bone"},{"floor":25,"key":"Vajra"},{"floor":25,"key":"Prayer Wheel"},{"floor":26,"key":"PreservedInsect"},{"floor":29,"key":"Peace Pipe"},{"floor":29,"key":"Unceasing Top"}],"event_choices":[{"cards_removed":["Strike_R"],"damage_healed":0,"gold_gain":0,"player_choice":"Offered Basic","damage_taken":0,"max_hp_gain":0,"max_hp_loss":0,"event_name":"Bonfire Elementals","floor":3,"gold_loss":0},{"damage_healed":0,"gold_gain":75,"player_choice":"Gather Gold","damage_taken":11,"max_hp_gain":0,"max_hp_loss":0,"event_name":"World of Goop","floor":5,"gold_loss":0},{"damage_healed":0,"gold_gain":0,"player_choice":"Entered Light","damage_taken":23,"max_hp_gain":0,"max_hp_loss":0,"event_name":"Shining Light","floor":14,"gold_loss":0,"cards_upgraded":["Bash","Second Wind"]},{"damage_healed":0,"gold_gain":0,"player_choice":"Became a Ghost","damage_taken":0,"max_hp_gain":0,"max_hp_loss":38,"event_name":"Ghosts","floor":19,"gold_loss":0,"cards_obtained":["Ghostly","Ghostly","Ghostly"]},{"damage_healed":0,"gold_gain":0,"player_choice":"Ignored","damage_taken":0,"max_hp_gain":0,"max_hp_loss":0,"event_name":"Vampires","floor":31,"gold_loss":0}],"is_beta":false,"boss_relics":[{"not_picked":["Orrery","Calling Bell"],"picked":"Black Star"}],"items_purged_floors":[13,28],"is_endless":false,"potions_floor_spawned":[1,4,22,23,27,29],"killed_by":"Automaton","ascension_level":20}