{"gold_per_floor":[111,84,102,115,129,129,129,129,153,172,198,253,253,269,269,343,343,363,363,395,395,494,494,24,24,24,24,44,61,78,7,7,81,131,141,53,53,70,70],"floor_reached":39,"playtime":2333,"items_purged":[],"score":669,"play_id":"b904835c-367d-4ab6-ae45-df0b1654e246","local_time":"20181003203552","is_ascension_mode":true,"campfire_choices":[{"floor":6,"key":"REST"},{"floor":8,"key":"REST"},{"floor":15,"key":"REST"},{"floor":23,"key":"REST"},{"floor":32,"key":"REST"}],"neow_cost":"PERCENT_DAMAGE","seed_source_timestamp":1647477963370632,"circlet_count":0,"master_deck":["Strike_B","Strike_B","Strike_B","Strike_B","Defend_B+1","Defend_B","Defend_B","Defend_B","Zap","Dualcast","AscendersBane","Loop","Cold Snap","Conserve Battery","Capacitor","Compile Driver","Chill","Barrage","Echo Form","Melter","Chaos","Static Discharge","BootSequence","Darkness","Force Field+1","Storm","White Noise","Apotheosis","Conserve Battery","Hello World","Buffer","Turbo","Consume","Discovery","Redo"],"relics":["Cracked Core","Gambling Chip","Boot","Bag of Marbles","Juzu Bracelet","Orichalcum","Calipers","Orrery","MutagenicStrength","Red Mask","Bag of Preparation","Sundial","Tiny House"],"potions_floor_usage":[3,11,20,20,28,33,38,38],"damage_taken":[{"damage":0,"enemies":"Cultist","floor":1,"turns":3},{"damage":0,"enemies":"Jaw Worm","floor":3,"turns":4},{"damage":1,"enemies":"2 Louse","floor":4,"turns":3},{"damage":12,"enemies":"Large Slime","floor":5,"turns":6},{"damage":4,"enemies":"Blue Slaver","floor":10,"turns":5},{"damage":27,"enemies":"Gremlin Nob","floor":11,"turns":4},{"damage":1,"enemies":"Exordium Wildlife","floor":14,"turns":3},{"damage":10,"enemies":"The Guardian","floor":16,"turns":13},{"damage":11,"enemies":"Chosen","floor":18,"turns":6},{"damage":35,"enemies":"Masked Bandits","floor":20,"turns":5},{"damage":15,"enemies":"2 Thieves","floor":28,"turns":4},{"damage":0,"enemies":"Centurion and Healer","floor":29,"turns":6},{"damage":19,"enemies":"Snake Plant","floor":30,"turns":4},{"damage":50,"enemies":"Collector","floor":33,"turns":7},{"damage":14,"enemies":"Orb Walker","floor":35,"turns":4},{"damage":11,"enemies":"3 Darklings","floor":38,"turns":6},{"damage":38,"enemies":"Spire Growth","floor":39,"turns":4}],"seed_played":"-2237576870409376585","potions_obtained":[{"floor":1,"key":"Weak Potion"},{"floor":4,"key":"Explosive Potion"},{"floor":5,"key":"Energy Potion"},{"floor":18,"key":"EssenceOfSteel"},{"floor":29,"key":"LiquidBronze"},{"floor":33,"key":"LiquidBronze"}],"is_trial":false,"path_per_floor":["M","?","M","M","M","R","?","R","T","M","E","T","?","M","R","B",null,"M","?","?","?","?","R","$","?","T","$","M","M","M","$","R","B",null,"M","$","?","M"],"character_chosen":"DEFECT","items_purchased":["White Noise","Apotheosis","Bag of Preparation","Fire Potion","GamblersBrew","Discovery"],"campfire_rested":5,"item_purchase_floors":[24,24,24,24,31,36],"current_hp_per_floor":[46,46,46,45,33,54,54,71,71,67,40,40,37,36,57,47,65,54,54,19,19,19,40,40,63,63,63,48,48,36,36,57,7,60,46,46,46,35,0],"gold":70,"neow_bonus":"ONE_RARE_RELIC","is_prod":false,"is_daily":false,"chose_seed":false,"campfire_upgraded":0,"win_rate":0,"timestamp":1538588152,"path_taken":["M","?","M","?","M","R","?","R","T","?","E","?","?","M","R","BOSS","M","?","?","?","?","R","$","?","T","$","M","M","M","?","R","BOSS","M","$","?","M","M"],"build_version":"2018-09-27","purchased_purges":0,"victory":false,"max_hp_per_floor":[71,71,71,71,71,71,71,71,71,71,71,71,71,71,71,71,71,71,71,71,71,71,71,71,71,71,71,71,71,71,71,71,71,76,76,76,76,76,76],"card_choices":[{"not_picked":["Hologram","Compile Driver"],"picked":"Loop","floor":1},{"not_picked":["Hologram","Sweeping Beam"],"picked":"Cold Snap","floor":3},{"not_picked":["Sweeping Beam","Redo"],"picked":"Conserve Battery","floor":4},{"not_picked":["Barrage","Recycle"],"picked":"Capacitor","floor":5},{"not_picked":["Double Energy","Reinforced Body"],"picked":"Compile Driver","floor":10},{"not_picked":["Gash","Doom and Gloom"],"picked":"Chill","floor":11},{"not_picked":["Aggregate","Stack"],"picked":"Barrage","floor":14},{"not_picked":["Fission","Biased Cognition"],"picked":"Echo Form","floor":16},{"not_picked":["Turbo","Gash"],"picked":"Melter","floor":17},{"not_picked":["Recycle","Turbo"],"picked":"Chaos","floor":17},{"not_picked":["Sweeping Beam","Leap"],"picked":"Static Discharge","floor":17},{"not_picked":["Conserve Battery","Gash"],"picked":"BootSequence","floor":17},{"not_picked":["Aggregate","Hologram"],"picked":"Darkness","floor":17},{"not_picked":["Turbo","Conserve Battery"],"picked":"Force Field+1","floor":18},{"not_picked":["Seek","Reprogram"],"picked":"Storm","floor":20},{"not_picked":["Lockon","Sweeping Beam"],"picked":"Conserve Battery","floor":28},{"not_picked":["Auto Shields","Darkness"],"picked":"Ball Lightning","floor":29},{"not_picked":["Skim","Tempest"],"picked":"Hello World","floor":30},{"not_picked":["Thunder Strike","Rainbow"],"picked":"Buffer","floor":33},{"not_picked":["Streamline","Go for the Eyes"],"picked":"Turbo","floor":34},{"not_picked":["Sunder+1","Rip and Tear"],"picked":"Consume","floor":35},{"not_picked":["Stack","Leap"],"picked":"Redo","floor":38}],"player_experience":735524,"relics_obtained":[{"floor":9,"key":"Bag of Marbles"},{"floor":11,"key":"Juzu Bracelet"},{"floor":12,"key":"Orichalcum"},{"floor":20,"key":"Red Mask"},{"floor":26,"key":"Sundial"}],"event_choices":[{"event_name":"World of Goop","player_choice":"Left","floor":2,"damage_taken":0},{"event_name":"Dead Adventurer","player_choice":"Searched \u00271\u0027 times","floor":7,"damage_taken":0},{"event_name":"Scrap Ooze","player_choice":"success","floor":13,"damage_taken":3},{"event_name":"Drug Dealer","player_choice":"Inject Mutagens","floor":19,"damage_taken":0},{"event_name":"Masked Bandits","player_choice":"Fought Bandits","floor":20,"damage_taken":0},{"event_name":"Ghosts","player_choice":"Ignored","floor":21,"damage_taken":0},{"event_name":"Nest","player_choice":"Stole From Cult","floor":22,"damage_taken":0},{"event_name":"The Library","player_choice":"Heal","floor":25,"damage_taken":0},{"event_name":"Falling","player_choice":"Removed Attack","floor":37,"damage_taken":0}],"is_beta":false,"boss_relics":[{"not_picked":["Inserter","White Beast Statue"],"picked":"Orrery"},{"not_picked":["Cursed Key","Calling Bell"],"picked":"Tiny House"}],"items_purged_floors":[],"is_endless":false,"potions_floor_spawned":[1,4,5,18,29,33],"killed_by":"Spire Growth","ascension_level":14}