{"path_per_floor":["M","?","M","?","M","R","E","R","T","R","?","?","E","$","R","B",null,"M","?","M","?","?","R","?","E","T","R","M","R","$","M","R","B",null,"M","?","M","?"],"character_chosen":"THE_SILENT","items_purchased":["Catalyst","Heel Hook","Panache","Well Laid Plans","Adrenaline","Mind Blast"],"gold_per_floor":[113,113,130,380,397,397,430,430,456,456,428,428,460,22,22,117,147,158,158,172,422,422,422,337,362,362,362,378,378,34,54,54,149,149,162,162,178,224],"floor_reached":39,"campfire_rested":0,"playtime":4910,"current_hp_per_floor":[69,66,65,65,57,63,38,44,44,50,50,50,17,17,25,25,75,61,61,50,50,34,44,44,14,14,24,27,37,37,38,50,31,75,63,53,48,39],"items_purged":["Defend_G","Defend_G"],"gold":224,"play_id":"3b8a5da3-593a-4966-91fe-c21874c143d9","is_prod":false,"is_daily":false,"is_ascension_mode":false,"campfire_upgraded":8,"path_taken":["M","?","M","?","?","R","E","R","T","R","?","?","E","$","R","BOSS","M","?","M","?","?","R","?","E","T","R","M","R","?","M","R","BOSS","M","?","M","?","M"],"build_version":"2018-01-25-PROD3","purchased_purges":2,"victory":false,"master_deck":["Defend_G","Defend_G","Defend_G","Survivor","Neutralize+1","Poisoned Stab+1","Dagger Throw","Crippling Poison+1","Blade Dance","Flying Knee","Catalyst+1","Heel Hook","Panache","Well Laid Plans+1","Tools of the Trade+1","PiercingWail+1","Leg Sweep","Bite_G","Bite_G","Bite_G","Bite_G","Bite_G","Bouncing Flask+1","Regret","Slice+1","Acrobatics+1","Slice","Adrenaline+1","Mind Blast","Deadly Poison+1","After Image","Slice+1","Madness","Madness","Deadly Poison+1","Quick Slash+1"],"max_hp_per_floor":[70,70,70,70,70,70,70,70,70,70,70,70,70,70,70,70,75,75,75,75,75,75,75,75,75,75,75,75,75,75,75,75,75,75,75,75,75,89],"relics":["Eternal Feather","Ancient Tea Set","Pantograph","Regal Pillow","Spirit Poop","Tiny House","Enchiridion","Bird Faced Urn","Prayer Wheel","Meat on the Bone","The Specimen","Mango"],"card_choices":[{"not_picked":["Quick Slash","Prepared"],"picked":"Poisoned Stab"},{"not_picked":["Glass Knife","Dodge and Roll"],"picked":"Dagger Throw"},{"not_picked":["Slice","Finisher"],"picked":"Crippling Poison"},{"not_picked":["PiercingWail","Venomology"],"picked":"Blade Dance"},{"not_picked":["Acrobatics","Bane"],"picked":"Flying Knee"},{"not_picked":["Corpse Explosion","Doppelganger"],"picked":"Tools of the Trade"},{"not_picked":["Flying Knee","Dodge and Roll"],"picked":"PiercingWail"},{"not_picked":["Bouncing Flask","Dagger Spray"],"picked":"Leg Sweep"},{"not_picked":["PiercingWail","Slice"],"picked":"Bouncing Flask"},{"not_picked":["PiercingWail","Choke"],"picked":"Slice"},{"not_picked":["Skewer","Well Laid Plans"],"picked":"Acrobatics"},{"not_picked":["Poisoned Stab","Corpse Explosion"],"picked":"Slice"},{"not_picked":["Backflip","Bouncing Flask"],"picked":"Deadly Poison"},{"not_picked":["Burst","Die Die Die"],"picked":"After Image"},{"not_picked":["Eviscerate","PiercingWail"],"picked":"Slice"},{"not_picked":["Skewer","Dodge and Roll"],"picked":"Deadly Poison"},{"not_picked":["Riddle With Holes","PiercingWail"],"picked":"Quick Slash"}],"player_experience":34253,"potions_floor_usage":[18,20,25,37,38,38,39],"damage_taken":[{"damage":1,"enemies":"Cultist","floor":1,"turns":5},{"damage":1,"enemies":"Jaw Worm","floor":3,"turns":4},{"damage":8,"enemies":"Blue Slaver","floor":5,"turns":4},{"damage":25,"enemies":"Gremlin Nob","floor":7,"turns":5},{"damage":33,"enemies":"3 Sentries","floor":13,"turns":8},{"damage":27,"enemies":"Slime Boss","floor":16,"turns":9},{"damage":14,"enemies":"3 Byrds","floor":18,"turns":6},{"damage":38,"enemies":"Shell Parasite","floor":20,"turns":6},{"damage":50,"enemies":"Gremlin Leader","floor":25,"turns":7},{"damage":19,"enemies":"Snake Plant","floor":28,"turns":4},{"damage":15,"enemies":"Centurion and Healer","floor":31,"turns":5},{"damage":62,"enemies":"Champ","floor":33,"turns":10},{"damage":16,"enemies":"3 Shapes","floor":35,"turns":5},{"damage":21,"enemies":"3 Darklings","floor":37,"turns":6},{"damage":45,"enemies":"Mysterious Sphere","floor":38,"turns":4},{"damage":64,"enemies":"Sphere and 2 Shapes","floor":39,"turns":5}],"event_choices":[{"event_name":"Scrap Ooze","player_choice":"success","floor":2,"damage_taken":3},{"event_name":"Golden Shrine","player_choice":"Desecrate","floor":4,"damage_taken":0},{"event_name":"World of Goop","player_choice":"Left","floor":11,"damage_taken":0},{"event_name":"Bonfire Elementals","player_choice":"CURSE","floor":12,"damage_taken":0},{"event_name":"Vampires","player_choice":"Became a vampire (Vial)","floor":19,"damage_taken":0},{"event_name":"Golden Shrine","player_choice":"Desecrate","floor":21,"damage_taken":0},{"event_name":"Cursed Tome","player_choice":"Obtained Book","floor":22,"damage_taken":0},{"event_name":"Addict","player_choice":"Obtained Relic","floor":24,"damage_taken":0},{"event_name":"Winding Halls","player_choice":"Embrace Madness","floor":36,"damage_taken":0},{"event_name":"Mysterious Sphere","player_choice":"Fight","floor":38,"damage_taken":0}],"boss_relics":[{"not_picked":["Snecko Eye","Runic Dome"],"picked":"Tiny House"},{"not_picked":["White Beast Statue","Sozu"],"picked":"The Specimen"}],"potions_floor_spawned":[3,13,16,18,28,33,35,37],"seed_played":"-5946427994551909754","killed_by":"Sphere and 2 Shapes","ascension_level":0,"is_trial":false}