{"gold_per_floor":[116,127,107,119,119,153,153,228,276,35,35,51,51,82,82,161,161,181,131,131,131,143,188,200,240,333,620,649,675,697,727,739,825,837,867,892,914,977,989,1065,526,526,549,561,580,607,623,652,652,652,652,652,652,105,132,132],"floor_reached":57,"playtime":2778,"items_purged":["Doom and Gloom","Sunder+1"],"score":3330,"play_id":"48c1c4aa-bf4e-4d2c-86ed-4e5a83e13d83","local_time":"20190404145751","is_ascension_mode":true,"campfire_choices":[{"data":"Defragment","floor":11,"key":"SMITH"},{"data":"Defragment","floor":13,"key":"SMITH"},{"data":"Sunder","floor":15,"key":"SMITH"},{"data":"Sunder","floor":24,"key":"SMITH"},{"data":"Double Energy","floor":32,"key":"SMITH"},{"floor":49,"key":"RECALL"},{"data":"Chill","floor":53,"key":"SMITH"}],"neow_cost":"NONE","seed_source_timestamp":529955847001599,"circlet_count":0,"master_deck":["AscendersBane","Zap+1","Dualcast","Glacier","Glacier+1","Amplify","Double Energy+1","Coolheaded","Conserve Battery","Defragment+1","Chill+1","Defragment+1","Biased Cognition","Coolheaded","Glacier+1","Barrage+1","Loop+1","Electrodynamics","White Noise","Blizzard+1","Coolheaded","Defragment+1","Double Energy","Cold Snap+1","Blizzard+1","Force Field"],"relics":["Pandora\u0027s Box","Mercury Hourglass","Meat on the Bone","Molten Egg 2","Pen Nib","Juzu Bracelet","Omamori","Inserter","MawBank","Potion Belt","Pocketwatch","Question Card","White Beast Statue","Torii","Tiny Chest","Turnip","Cables","DataDisk","Ice Cream"],"potions_floor_usage":[6,25,25,38,38,38,40,44,45,56,56,56],"damage_taken":[{"damage":6,"enemies":"Cultist","floor":1,"turns":3},{"damage":1,"enemies":"Jaw Worm","floor":2,"turns":4},{"damage":8,"enemies":"Small Slimes","floor":4,"turns":2},{"damage":4,"enemies":"Gremlin Nob","floor":6,"turns":3},{"damage":4,"enemies":"Blue Slaver","floor":12,"turns":4},{"damage":0,"enemies":"3 Sentries","floor":14,"turns":5},{"damage":0,"enemies":"Slime Boss","floor":16,"turns":6},{"damage":0,"enemies":"Spheric Guardian","floor":18,"turns":7},{"damage":23,"enemies":"Gremlin Leader","floor":23,"turns":11},{"damage":14,"enemies":"Book of Stabbing","floor":25,"turns":7},{"damage":0,"enemies":"Chosen","floor":28,"turns":5},{"damage":0,"enemies":"3 Cultists","floor":29,"turns":5},{"damage":0,"enemies":"Snecko","floor":30,"turns":6},{"damage":0,"enemies":"Cultist and Chosen","floor":31,"turns":7},{"damage":8,"enemies":"Champ","floor":33,"turns":11},{"damage":14,"enemies":"3 Darklings","floor":35,"turns":7},{"damage":6,"enemies":"Orb Walker","floor":36,"turns":4},{"damage":7,"enemies":"Maw","floor":37,"turns":7},{"damage":47,"enemies":"2 Orb Walkers","floor":38,"turns":5},{"damage":0,"enemies":"Reptomancer","floor":40,"turns":6},{"damage":13,"enemies":"Jaw Worm Horde","floor":44,"turns":6},{"damage":1,"enemies":"3 Darklings","floor":45,"turns":3},{"damage":15,"enemies":"Nemesis","floor":46,"turns":9},{"damage":0,"enemies":"Sphere and 2 Shapes","floor":47,"turns":5},{"damage":1,"enemies":"Reptomancer","floor":48,"turns":6},{"damage":0,"enemies":"Donu and Deca","floor":50,"turns":8},{"damage":0,"enemies":"Time Eater","floor":51,"turns":12},{"damage":0,"enemies":"Shield and Spear","floor":55,"turns":7},{"damage":20,"enemies":"The Heart","floor":56,"turns":9}],"seed_played":"-4165273413729297982","potions_obtained":[{"floor":1,"key":"SkillPotion"},{"floor":2,"key":"FocusPotion"},{"floor":3,"key":"Energy Potion"},{"floor":12,"key":"FearPotion"},{"floor":28,"key":"FairyPotion"},{"floor":31,"key":"Energy Potion"},{"floor":33,"key":"Block Potion"},{"floor":35,"key":"Ancient Potion"},{"floor":36,"key":"Energy Potion"},{"floor":37,"key":"GamblersBrew"},{"floor":38,"key":"Strength Potion"},{"floor":40,"key":"SkillPotion"},{"floor":44,"key":"SpeedPotion"},{"floor":45,"key":"EssenceOfSteel"},{"floor":46,"key":"Fire Potion"},{"floor":47,"key":"Dexterity Potion"}],"is_trial":false,"path_per_floor":["M","M","?","M","T","E","?","?","T","$","R","M","R","E","R","B",null,"M","?","$","T","?","E","R","E","T","?","M","M","M","M","R","B",null,"M","M","M","?","?","E","$","?","T","M","M","E","M","E","R","B","B",null,"R","$","E","B",null],"character_chosen":"DEFECT","items_purchased":["Juzu Bracelet","Chill","Energy Potion","LiquidBronze","Turnip","Ice Cream","Blizzard+1","Ancient Potion"],"campfire_rested":0,"item_purchase_floors":[10,10,41,41,41,54,54,54],"current_hp_per_floor":[58,57,57,49,49,45,34,23,23,23,23,31,31,43,43,43,64,64,64,64,64,44,33,33,31,31,31,43,43,43,43,43,47,69,55,49,42,19,19,31,31,31,31,30,41,38,50,49,49,49,49,69,69,69,69,49],"gold":132,"neow_bonus":"BOSS_RELIC","is_prod":false,"is_daily":false,"chose_seed":false,"campfire_upgraded":6,"win_rate":0,"timestamp":1554357471,"path_taken":["M","M","?","?","?","E","?","?","T","?","R","M","R","E","R","BOSS","M","?","$","?","?","E","R","E","T","?","M","M","M","M","R","BOSS","M","M","M","?","?","E","$","?","T","M","M","E","M","E","R","BOSS","BOSS","R","$","E","BOSS"],"build_version":"2019-01-23","purchased_purges":2,"victory":true,"max_hp_per_floor":[71,71,71,71,71,71,71,71,71,71,71,71,71,71,71,71,71,71,71,71,71,76,76,76,76,76,76,76,76,76,76,76,76,76,76,76,76,76,76,76,76,76,76,76,76,76,76,76,76,76,76,76,76,76,76,76],"card_choices":[{"not_picked":["Genetic Algorithm","Tempest","Gash"],"picked":"SKIP","floor":1},{"not_picked":["Beam Cell","Leap"],"picked":"Coolheaded","floor":2},{"not_picked":["Barrage","Go for the Eyes"],"picked":"Conserve Battery","floor":4},{"not_picked":["Compile Driver","Conserve Battery"],"picked":"Defragment","floor":6},{"not_picked":["Darkness","Barrage+1"],"picked":"Defragment","floor":12},{"not_picked":["Steam","Hologram","Redo"],"picked":"SKIP","floor":14},{"not_picked":["Meteor Strike+1","Thunder Strike+1"],"picked":"Biased Cognition","floor":16},{"not_picked":["Go for the Eyes+1","Skim","Sweeping Beam+1"],"picked":"SKIP","floor":18},{"not_picked":["Stack","Machine Learning"],"picked":"Coolheaded","floor":23},{"not_picked":["Leap","Stack"],"picked":"Glacier+1","floor":25},{"not_picked":["Go for the Eyes+1","Conserve Battery","Scrape+1","Redo"],"picked":"SKIP","floor":28},{"not_picked":["Go for the Eyes+1","Conserve Battery","Scrape+1","Redo"],"picked":"SKIP","floor":28},{"not_picked":["Streamline+1","Stack","Conserve Battery","Redo"],"picked":"SKIP","floor":29},{"not_picked":["Sweeping Beam+1","Cold Snap+1","Compile Driver+1"],"picked":"Barrage+1","floor":30},{"not_picked":["Storm","Blizzard+1","Compile Driver+1"],"picked":"Loop+1","floor":31},{"not_picked":["Reboot","Amplify","Fission"],"picked":"Electrodynamics","floor":33},{"not_picked":["Rebound+1","Leap+1","Stack"],"picked":"White Noise","floor":35},{"not_picked":["Reinforced Body","Genetic Algorithm+1","Force Field"],"picked":"Blizzard+1","floor":36},{"not_picked":["Compile Driver+1","Conserve Battery","Skim+1"],"picked":"Coolheaded","floor":37},{"not_picked":["Machine Learning","Reprogram+1","Coolheaded","Rip and Tear+1"],"picked":"SKIP","floor":40},{"not_picked":["Conserve Battery","Go for the Eyes+1","Cold Snap+1"],"picked":"Defragment+1","floor":44},{"not_picked":["Genetic Algorithm","Streamline+1","Go for the Eyes+1"],"picked":"Double Energy","floor":45},{"not_picked":["Thunder Strike+1","Ball Lightning+1","Gash+1","Lockon+1"],"picked":"SKIP","floor":46},{"not_picked":["Sunder+1","Redo","Double Energy"],"picked":"Cold Snap+1","floor":47},{"not_picked":["Rebound+1","Static Discharge","Gash+1","Ball Lightning+1"],"picked":"SKIP","floor":48},{"not_picked":["Melter+1","Hyperbeam+1","Hello World"],"picked":"Force Field","floor":55}],"player_experience":2862252,"relics_obtained":[{"floor":5,"key":"Mercury Hourglass"},{"floor":6,"key":"Meat on the Bone"},{"floor":9,"key":"Pen Nib"},{"floor":14,"key":"Omamori"},{"floor":21,"key":"MawBank"},{"floor":23,"key":"Potion Belt"},{"floor":25,"key":"Pocketwatch"},{"floor":26,"key":"Question Card"},{"floor":38,"key":"Torii"},{"floor":40,"key":"Tiny Chest"},{"floor":46,"key":"Cables"},{"floor":48,"key":"DataDisk"}],"event_choices":[{"damage_healed":0,"gold_gain":0,"player_choice":"Bought 1 Potion","damage_taken":0,"max_hp_gain":0,"max_hp_loss":0,"event_name":"The Woman in Blue","floor":3,"gold_loss":0},{"damage_healed":0,"gold_gain":0,"player_choice":"Success","damage_taken":11,"relics_obtained":["Molten Egg 2"],"max_hp_gain":0,"max_hp_loss":0,"event_name":"Scrap Ooze","floor":7,"gold_loss":0},{"damage_healed":0,"gold_gain":75,"player_choice":"Gather Gold","damage_taken":11,"max_hp_gain":0,"max_hp_loss":0,"event_name":"World of Goop","floor":8,"gold_loss":0},{"damage_healed":0,"gold_gain":0,"player_choice":"Upgraded Two","damage_taken":0,"max_hp_gain":0,"max_hp_loss":0,"event_name":"Designer","floor":19,"gold_loss":50,"cards_upgraded":["Glacier","Zap"]},{"damage_healed":0,"gold_gain":0,"player_choice":"Shed Blood","damage_taken":25,"max_hp_gain":5,"max_hp_loss":0,"event_name":"Forgotten Altar","floor":22,"gold_loss":0},{"damage_healed":0,"gold_gain":275,"player_choice":"Desecrate","damage_taken":0,"max_hp_gain":0,"max_hp_loss":0,"event_name":"Golden Shrine","floor":27,"gold_loss":0,"cards_obtained":["Regret"]},{"damage_healed":0,"gold_gain":0,"player_choice":"Fight","damage_taken":0,"max_hp_gain":0,"max_hp_loss":0,"event_name":"Mysterious Sphere","floor":38,"gold_loss":0},{"cards_removed":["Reprogram"],"damage_healed":0,"gold_gain":0,"player_choice":"Removed Skill","damage_taken":0,"max_hp_gain":0,"max_hp_loss":0,"event_name":"Falling","floor":39,"gold_loss":0},{"cards_removed":["Sunder"],"damage_healed":0,"gold_gain":0,"player_choice":"Purged","damage_taken":0,"max_hp_gain":0,"max_hp_loss":0,"event_name":"Purifier","floor":42,"gold_loss":0}],"is_beta":false,"boss_relics":[{"not_picked":["Runic Dome","Orrery"],"picked":"Inserter"},{"not_picked":["Eternal Feather","Tiny House"],"picked":"White Beast Statue"}],"items_purged_floors":[41,54],"is_endless":false,"potions_floor_spawned":[1,2,4,12,18,28,31,33,35,36,37,38,40,44,45,46,47,48,55],"ascension_level":20}