{"gold_per_floor":[113,125,125,41,116,141,153,153,153,153,163,163,188,188,188,266,266,285,300,7,27,27,27,27,59,84,104,4,4,4],"floor_reached":30,"playtime":940,"items_purged":["Defend_B","Strike_B"],"score":562,"play_id":"44bb58ff-18dc-445b-bc9f-6c55182161e2","local_time":"20190228145325","is_ascension_mode":true,"campfire_choices":[{"data":"Buffer","floor":10,"key":"SMITH"},{"data":"Zap","floor":12,"key":"SMITH"},{"data":"Capacitor","floor":15,"key":"SMITH"},{"data":"Defragment","floor":23,"key":"SMITH"},{"data":"Reboot","floor":29,"key":"SMITH"}],"neow_cost":"NONE","seed_source_timestamp":194998421770100,"circlet_count":0,"master_deck":["AscendersBane","Strike_B","Strike_B","Strike_B","Defend_B","Defend_B","Defend_B","Zap+1","Dualcast","Doom and Gloom","Gash","Self Repair","Buffer+1","Cold Snap","Cold Snap","Capacitor+1","Reboot+1","Conserve Battery+1","Defragment+1","Loop+1","Electrodynamics","Gash","Cold Snap"],"relics":["Cracked Core","NeowsBlessing","Letter Opener","Ancient Tea Set","Bag of Marbles","Matryoshka","Ginger","Sozu","Runic Capacitor","Vajra","Anchor","Bag of Preparation"],"potions_floor_usage":[11,13,16,19],"damage_taken":[{"damage":0,"enemies":"Cultist","floor":1,"turns":1},{"damage":0,"enemies":"Jaw Worm","floor":2,"turns":1},{"damage":0,"enemies":"Lagavulin","floor":6,"turns":1},{"damage":6,"enemies":"2 Louse","floor":7,"turns":2},{"damage":5,"enemies":"Exordium Wildlife","floor":11,"turns":5},{"damage":6,"enemies":"3 Sentries","floor":13,"turns":5},{"damage":23,"enemies":"The Guardian","floor":16,"turns":10},{"damage":0,"enemies":"Chosen","floor":18,"turns":3},{"damage":16,"enemies":"3 Byrds","floor":19,"turns":6},{"damage":6,"enemies":"Centurion and Healer","floor":21,"turns":10},{"damage":22,"enemies":"Book of Stabbing","floor":25,"turns":6},{"damage":10,"enemies":"Snake Plant","floor":27,"turns":3},{"damage":18,"enemies":"Masked Bandits","floor":30,"turns":3}],"seed_played":"8909052225578250262","potions_obtained":[{"floor":6,"key":"Explosive Potion"},{"floor":11,"key":"Fruit Juice"},{"floor":13,"key":"Swift Potion"},{"floor":16,"key":"Swift Potion"}],"is_trial":false,"path_per_floor":["M","M","?","$","?","E","M","T","T","R","M","R","E","?","R","B",null,"M","M","$","M","?","R","?","E","T","M","$","R","?"],"character_chosen":"DEFECT","items_purchased":["Self Repair","Runic Capacitor"],"campfire_rested":0,"item_purchase_floors":[4,20],"current_hp_per_floor":[64,64,64,64,53,60,61,61,61,61,68,68,69,69,69,53,70,70,61,61,62,62,62,51,36,36,26,26,26,8],"gold":4,"neow_bonus":"THREE_ENEMY_KILL","is_prod":false,"is_daily":false,"chose_seed":false,"campfire_upgraded":5,"win_rate":0,"timestamp":1551333205,"path_taken":["M","M","?","$","?","E","M","?","T","R","?","R","E","?","R","BOSS","M","M","$","M","?","R","?","E","T","?","$","R","?"],"build_version":"2019-01-23","purchased_purges":2,"victory":false,"max_hp_per_floor":[71,71,71,71,71,71,71,71,71,71,76,76,76,76,76,76,76,76,76,76,76,76,76,76,76,76,76,76,76,76],"card_choices":[{"not_picked":["Barrage","Skim"],"picked":"Doom and Gloom","floor":1},{"not_picked":["Hologram","Steam"],"picked":"Gash","floor":2},{"not_picked":["White Noise","Conserve Battery"],"picked":"Buffer","floor":6},{"not_picked":["Leap","Barrage"],"picked":"Cold Snap","floor":7},{"not_picked":["Lockon","Ball Lightning"],"picked":"Cold Snap","floor":11},{"not_picked":["Skim","Cold Snap"],"picked":"Capacitor","floor":13},{"not_picked":["All For One","Buffer"],"picked":"Reboot","floor":16},{"not_picked":["Heatsinks","Beam Cell"],"picked":"Conserve Battery+1","floor":18},{"not_picked":["Streamline","Darkness"],"picked":"Defragment","floor":19},{"not_picked":["Redo+1","Conserve Battery"],"picked":"Loop+1","floor":21},{"not_picked":["Capacitor","Redo+1"],"picked":"Gash","floor":25},{"not_picked":["FTL","Beam Cell"],"picked":"Cold Snap","floor":27}],"player_experience":1883393,"relics_obtained":[{"floor":6,"key":"Ancient Tea Set"},{"floor":8,"key":"Bag of Marbles"},{"floor":9,"key":"Matryoshka"},{"floor":13,"key":"Ginger"},{"floor":25,"key":"Vajra"},{"floor":26,"key":"Anchor"},{"floor":26,"key":"Bag of Preparation"}],"event_choices":[{"damage_healed":0,"gold_gain":0,"player_choice":"Box","damage_taken":0,"relics_obtained":["Letter Opener"],"max_hp_gain":0,"max_hp_loss":0,"event_name":"Big Fish","floor":3,"gold_loss":0,"cards_obtained":["Regret"]},{"damage_healed":0,"gold_gain":75,"player_choice":"Gather Gold","damage_taken":11,"max_hp_gain":0,"max_hp_loss":0,"event_name":"World of Goop","floor":5,"gold_loss":0},{"cards_removed":["Regret"],"damage_healed":0,"gold_gain":0,"player_choice":"Forget","damage_taken":0,"max_hp_gain":0,"max_hp_loss":0,"event_name":"Living Wall","floor":14,"gold_loss":0},{"damage_healed":0,"gold_gain":0,"player_choice":"Read","damage_taken":0,"max_hp_gain":0,"max_hp_loss":0,"event_name":"The Library","floor":22,"gold_loss":0,"cards_obtained":["Electrodynamics"]},{"damage_healed":0,"gold_gain":0,"player_choice":"Damaged","damage_taken":11,"max_hp_gain":0,"max_hp_loss":0,"event_name":"Wheel of Change","floor":24,"gold_loss":0},{"damage_healed":0,"gold_gain":0,"player_choice":"Fought Bandits","damage_taken":0,"max_hp_gain":0,"max_hp_loss":0,"event_name":"Masked Bandits","floor":30,"gold_loss":0}],"is_beta":false,"boss_relics":[{"not_picked":["Runic Pyramid","Fusion Hammer"],"picked":"Sozu"}],"items_purged_floors":[20,28],"is_endless":false,"potions_floor_spawned":[6,11,13,16,18,21,27],"killed_by":"Masked Bandits","ascension_level":20}