{"gold_per_floor":[109,157,232,13,13,13,44,44,44,73,91,91,125,145,145,145],"floor_reached":16,"playtime":423,"items_purged":[],"score":332,"play_id":"54989748-c95a-4f45-a085-dd488c41ee10","local_time":"20190406145138","is_ascension_mode":true,"campfire_choices":[{"data":"Strike_R","floor":6,"key":"PURGE"},{"data":"Bash","floor":8,"key":"SMITH"},{"data":"Strike_R","floor":15,"key":"PURGE"}],"neow_cost":"NONE","seed_source_timestamp":704753132963000,"circlet_count":0,"master_deck":["AscendersBane","Strike_R+1","Strike_R","Strike_R+1","Defend_R","Defend_R","Defend_R","Defend_R","Bash+1","Rage","Second Wind+1","Warcry+1","Flex+1"],"relics":["Burning Blood","NeowsBlessing","Membership Card","Peace Pipe","FossilizedHelix","WingedGreaves","Toxic Egg 2","Meat on the Bone"],"potions_floor_usage":[16,16],"damage_taken":[{"damage":0,"enemies":"Cultist","floor":1,"turns":1},{"damage":0,"enemies":"3 Sentries","floor":7,"turns":2},{"damage":0,"enemies":"Gremlin Nob","floor":10,"turns":1},{"damage":0,"enemies":"2 Louse","floor":11,"turns":4},{"damage":14,"enemies":"Lagavulin","floor":13,"turns":6},{"damage":0,"enemies":"Small Slimes","floor":14,"turns":4},{"damage":29,"enemies":"Slime Boss","floor":16,"turns":12}],"seed_played":"-8388868855430922621","potions_obtained":[{"floor":11,"key":"Energy Potion"},{"floor":14,"key":"SteroidPotion"}],"is_trial":false,"path_per_floor":["M","T","?","$","?","R","E","R","T","E","M","?","E","M","R","B"],"character_chosen":"IRONCLAD","items_purchased":["Membership Card"],"campfire_rested":0,"item_purchase_floors":[4],"current_hp_per_floor":[74,74,63,63,37,37,43,43,43,49,55,32,24,42,42,13],"gold":145,"neow_bonus":"THREE_ENEMY_KILL","is_prod":false,"is_daily":false,"chose_seed":false,"campfire_upgraded":1,"win_rate":0,"timestamp":1554529898,"path_taken":["M","?","?","$","?","R","E","R","T","E","?","?","E","M","R","BOSS"],"build_version":"2019-01-23","purchased_purges":0,"victory":false,"max_hp_per_floor":[75,75,75,75,75,75,75,75,75,75,75,75,75,75,75,75],"card_choices":[{"not_picked":["Clash","Clothesline"],"picked":"Rage","floor":1},{"not_picked":["Sword Boomerang","Exhume","Twin Strike"],"picked":"SKIP","floor":7},{"not_picked":["Rupture","Perfected Strike","Reckless Charge"],"picked":"SKIP","floor":10},{"not_picked":["Clothesline","Disarm+1"],"picked":"Second Wind+1","floor":11},{"not_picked":["Searing Blow","Cleave"],"picked":"Warcry+1","floor":13},{"not_picked":["Fire Breathing","Searing Blow"],"picked":"Flex+1","floor":14}],"player_experience":2913669,"relics_obtained":[{"floor":7,"key":"FossilizedHelix"},{"floor":9,"key":"WingedGreaves"},{"floor":10,"key":"Toxic Egg 2"},{"floor":13,"key":"Meat on the Bone"}],"event_choices":[{"damage_healed":0,"gold_gain":75,"player_choice":"Gather Gold","damage_taken":11,"max_hp_gain":0,"max_hp_loss":0,"event_name":"World of Goop","floor":3,"gold_loss":0},{"damage_healed":0,"gold_gain":0,"player_choice":"Success","damage_taken":26,"relics_obtained":["Peace Pipe"],"max_hp_gain":0,"max_hp_loss":0,"event_name":"Scrap Ooze","floor":5,"gold_loss":0},{"damage_healed":0,"gold_gain":0,"player_choice":"Entered Light","damage_taken":23,"max_hp_gain":0,"max_hp_loss":0,"event_name":"Shining Light","floor":12,"gold_loss":0,"cards_upgraded":["Strike_R","Strike_R"]}],"is_beta":false,"boss_relics":[],"items_purged_floors":[],"is_endless":false,"potions_floor_spawned":[11,14],"killed_by":"Slime Boss","ascension_level":20}