{"gold_per_floor":[11,86,86,86,102,102,130,142,188,188,202,202,227,237,237,311,311,329,309,323,337,262,262],"floor_reached":23,"playtime":780,"items_purged":["Strike_R"],"score":382,"play_id":"3a79bc59-337b-41a1-a7e9-d36b853ee59c","local_time":"20190314103253","is_ascension_mode":true,"campfire_choices":[{"data":"Juggernaut","floor":6,"key":"SMITH"},{"data":"Entrench","floor":10,"key":"SMITH"},{"floor":12,"key":"REST"},{"floor":15,"key":"REST"}],"neow_cost":"NO_GOLD","seed_source_timestamp":1219306080800,"circlet_count":0,"master_deck":["AscendersBane","Strike_R","Strike_R","Defend_R+1","Defend_R","Defend_R+1","Defend_R+1","Bash","Headbutt","Juggernaut+1","Rage+1","Metallicize","Entrench+1","Demon Form","Fiend Fire","Pommel Strike+1"],"relics":["Burning Blood","Strawberry","Odd Mushroom","War Paint","Matryoshka","Philosopher\u0027s Stone"],"potions_floor_usage":[13,16,23,23],"damage_taken":[{"damage":14,"enemies":"Jaw Worm","floor":1,"turns":4},{"damage":0,"enemies":"2 Louse","floor":5,"turns":4},{"damage":17,"enemies":"The Mushroom Lair","floor":7,"turns":5},{"damage":1,"enemies":"Small Slimes","floor":8,"turns":3},{"damage":4,"enemies":"3 Louse","floor":11,"turns":6},{"damage":22,"enemies":"Gremlin Nob","floor":13,"turns":4},{"damage":19,"enemies":"Lots of Slimes","floor":14,"turns":4},{"damage":23,"enemies":"The Guardian","floor":16,"turns":11},{"damage":17,"enemies":"Shell Parasite","floor":18,"turns":5},{"damage":20,"enemies":"Chosen","floor":20,"turns":6},{"damage":18,"enemies":"Centurion and Healer","floor":21,"turns":5},{"damage":1,"enemies":"Gremlin Leader","floor":23,"turns":2}],"seed_played":"-3132130609925549288","potions_obtained":[{"floor":5,"key":"FearPotion"},{"floor":14,"key":"GamblersBrew"},{"floor":16,"key":"AttackPotion"},{"floor":18,"key":"Energy Potion"},{"floor":19,"key":"PowerPotion"},{"floor":21,"key":"Regen Potion"}],"is_trial":false,"path_per_floor":["M","?","?","?","M","R","?","M","T","R","M","R","E","M","R","B",null,"M","?","M","M","$","E"],"character_chosen":"IRONCLAD","items_purchased":[],"campfire_rested":2,"item_purchase_floors":[],"current_hp_per_floor":[60,49,38,13,19,19,8,13,13,13,15,39,23,10,34,17,66,55,55,41,29,29,33],"gold":262,"neow_bonus":"TRANSFORM_TWO_CARDS","is_prod":false,"is_daily":false,"chose_seed":false,"campfire_upgraded":2,"win_rate":0,"timestamp":1552527173,"path_taken":["M","?","?","?","M","R","?","M","T","R","M","R","E","M","R","BOSS","M","?","M","?","$","E"],"build_version":"2019-01-23","purchased_purges":1,"victory":false,"max_hp_per_floor":[75,75,82,82,82,82,82,82,82,82,82,82,82,82,82,82,82,82,82,82,82,82,82],"card_choices":[{"not_picked":["Pommel Strike","Sever Soul"],"picked":"Rage","floor":1},{"not_picked":["Sever Soul","Cleave"],"picked":"Metallicize","floor":5},{"not_picked":["Anger","Combust"],"picked":"Entrench","floor":7},{"not_picked":["Rupture","Pommel Strike","Metallicize"],"picked":"SKIP","floor":8},{"not_picked":["Cleave","Seeing Red"],"picked":"Demon Form","floor":11},{"not_picked":["Body Slam","Headbutt","Rampage"],"picked":"SKIP","floor":13},{"not_picked":["Bludgeon","Blood for Blood","Rupture"],"picked":"SKIP","floor":14},{"not_picked":["Brutality","Bludgeon"],"picked":"Fiend Fire","floor":16},{"not_picked":["Heavy Blade","Clash","Wild Strike"],"picked":"SKIP","floor":18},{"not_picked":["Burning Pact+1","Hemokinesis"],"picked":"Pommel Strike+1","floor":20},{"not_picked":["Dual Wield+1","Hemokinesis","Uppercut"],"picked":"SKIP","floor":21}],"player_experience":2256362,"relics_obtained":[{"floor":7,"key":"Odd Mushroom"},{"floor":9,"key":"War Paint"},{"floor":13,"key":"Matryoshka"}],"event_choices":[{"damage_healed":0,"gold_gain":75,"player_choice":"Gather Gold","damage_taken":11,"max_hp_gain":0,"max_hp_loss":0,"event_name":"World of Goop","floor":2,"gold_loss":0},{"damage_healed":0,"gold_gain":0,"player_choice":"Success","damage_taken":18,"relics_obtained":["Strawberry"],"max_hp_gain":0,"max_hp_loss":0,"event_name":"Scrap Ooze","floor":3,"gold_loss":0},{"damage_healed":0,"gold_gain":0,"player_choice":"Entered Light","damage_taken":25,"max_hp_gain":0,"max_hp_loss":0,"event_name":"Shining Light","floor":4,"gold_loss":0,"cards_upgraded":["Defend_R","Defend_R"]},{"damage_healed":0,"gold_gain":0,"player_choice":"Fought Mushrooms","damage_taken":0,"max_hp_gain":0,"max_hp_loss":0,"event_name":"Mushrooms","floor":7,"gold_loss":0},{"damage_healed":0,"gold_gain":0,"player_choice":"Bought 1 Potion","damage_taken":0,"max_hp_gain":0,"max_hp_loss":0,"event_name":"The Woman in Blue","floor":19,"gold_loss":0}],"is_beta":false,"boss_relics":[{"not_picked":["Ectoplasm","Black Blood"],"picked":"Philosopher\u0027s Stone"}],"items_purged_floors":[22],"is_endless":false,"potions_floor_spawned":[5,14,16,18,21],"killed_by":"Gremlin Leader","ascension_level":20}