{"gold_per_floor":[109,127,139,139,214,214,231,231,257,285,303,25,25,57,57,129,129,144,144,56,67,85,85,104,104,159,192,192,16,16,34,34,34],"floor_reached":33,"playtime":1964,"items_purged":[],"score":481,"play_id":"3f161d99-5005-4b10-a4ea-4eff3331d1ee","local_time":"20181117092347","is_ascension_mode":true,"campfire_choices":[{"floor":6.0,"key":"REST"},{"floor":8.0,"key":"REST"},{"floor":15.0,"key":"REST"},{"data":"Darkness","floor":23.0,"key":"SMITH"},{"floor":25.0,"key":"REST"},{"floor":28.0,"key":"REST"},{"floor":32.0,"key":"REST"}],"neow_cost":"NONE","seed_source_timestamp":0,"circlet_count":0,"master_deck":["AscendersBane","Strike_B","Strike_B","Strike_B","Strike_B","Defend_B","Defend_B","Defend_B","Defend_B","Zap","Dualcast","Hello World","Hello World","Rainbow+1","Static Discharge","Force Field","BootSequence","Capacitor","Chill","Electrodynamics","Conserve Battery","Defragment","Melter","Darkness+1","Barrage+1","Fission","Self Repair","Electrodynamics","Coolheaded+1"],"special_seed":0,"relics":["Cracked Core","Omamori","Potion Belt","Orichalcum","Shovel","Inserter","Blood Vial","Regal Pillow"],"potions_floor_usage":[],"damage_taken":[{"damage":8.0,"enemies":"Small Slimes","floor":1.0,"turns":3.0},{"damage":5.0,"enemies":"2 Louse","floor":2.0,"turns":2.0},{"damage":6.0,"enemies":"Jaw Worm","floor":3.0,"turns":4.0},{"damage":18.0,"enemies":"Exordium Thugs","floor":7.0,"turns":6.0},{"damage":26.0,"enemies":"3 Sentries","floor":10.0,"turns":5.0},{"damage":6.0,"enemies":"3 Louse","floor":11.0,"turns":4.0},{"damage":12.0,"enemies":"Lagavulin","floor":14.0,"turns":6.0},{"damage":28.0,"enemies":"Hexaghost","floor":16.0,"turns":10.0},{"damage":0.0,"enemies":"3 Byrds","floor":18.0,"turns":5.0},{"damage":2.0,"enemies":"2 Thieves","floor":21.0,"turns":2.0},{"damage":10.0,"enemies":"Centurion and Healer","floor":22.0,"turns":7.0},{"damage":7.0,"enemies":"Cultist and Chosen","floor":24.0,"turns":6.0},{"damage":48.0,"enemies":"Book of Stabbing","floor":27.0,"turns":6.0},{"damage":11.0,"enemies":"Sentry and Sphere","floor":31.0,"turns":3.0},{"damage":83,"enemies":"Automaton","floor":33,"turns":8}],"seed_played":"-4791148418961468518","potions_obtained":[{"floor":7.0,"key":"AttackPotion"},{"floor":10.0,"key":"Swift Potion"},{"floor":16.0,"key":"PowerPotion"},{"floor":18.0,"key":"Swift Potion"},{"floor":21.0,"key":"SkillPotion"}],"is_trial":false,"path_per_floor":["M","M","M","?","?","R","M","R","T","E","M","$","?","E","R","B",null,"M","?","$","M","M","R","M","R","T","E","R","$","?","M","R","B"],"character_chosen":"DEFECT","items_purchased":["Capacitor","Orichalcum","Fire Potion","SpeedPotion","Defragment","AttackPotion","Self Repair","Energy Potion","Weak Potion"],"campfire_rested":6,"item_purchase_floors":[12,12,12,12,20,20,29,29,29],"current_hp_per_floor":[63,58,52,52,41,64,46,69,69,43,37,37,37,25,48,20,64,64,78,78,76,66,66,59,78,78,30,68,68,68,59,78,0],"gold":34,"neow_bonus":"TEN_PERCENT_HP_BONUS","is_prod":false,"is_daily":false,"chose_seed":false,"campfire_upgraded":1,"win_rate":0,"timestamp":1542439427,"path_taken":["M","M","M","?","?","R","M","R","T","E","M","$","?","E","R","BOSS","M","?","$","M","M","R","M","R","T","E","R","$","?","?","R","BOSS"],"build_version":"2018-11-15","purchased_purges":0,"victory":false,"max_hp_per_floor":[78,78,78,78,78,78,78,78,78,78,78,78,78,78,78,78,78,78,78,78,78,78,78,78,78,78,78,78,78,78,78,78,78],"card_choices":[{"not_picked":["Go for the Eyes","Beam Cell"],"picked":"Hello World","floor":1.0},{"not_picked":["Hologram","Coolheaded"],"picked":"Hello World","floor":2.0},{"not_picked":["Streamline","Redo"],"picked":"Rainbow","floor":3.0},{"not_picked":["Turbo","Melter"],"picked":"Static Discharge","floor":7.0},{"not_picked":["Ball Lightning","Barrage"],"picked":"Force Field","floor":10.0},{"not_picked":["Hologram","Skim"],"picked":"BootSequence","floor":11.0},{"not_picked":["Hyperbeam","Reprogram"],"picked":"Chill","floor":14.0},{"not_picked":["Core Surge","Amplify"],"picked":"Electrodynamics","floor":16.0},{"not_picked":["Stack+1","FTL"],"picked":"Conserve Battery","floor":18.0},{"not_picked":["Rebound+1","Sweeping Beam"],"picked":"Melter","floor":21.0},{"not_picked":["Barrage","Cold Snap"],"picked":"Darkness","floor":22.0},{"not_picked":["Cold Snap","Streamline"],"picked":"Barrage+1","floor":24.0},{"not_picked":["Sweeping Beam","Barrage"],"picked":"Fission","floor":27.0},{"not_picked":["Scrape","Cold Snap"],"picked":"Coolheaded+1","floor":31.0}],"player_experience":766624,"relics_obtained":[{"floor":9.0,"key":"Omamori"},{"floor":10.0,"key":"Potion Belt"},{"floor":14.0,"key":"Shovel"},{"floor":26.0,"key":"Blood Vial"},{"floor":27.0,"key":"Regal Pillow"}],"event_choices":[{"damage_healed":0.0,"max_hp_gain":0.0,"max_hp_loss":0.0,"gold_gain":0.0,"event_name":"Living Wall","player_choice":"Grow","floor":4.0,"gold_loss":0.0,"damage_taken":0.0,"cards_upgraded":["Rainbow"]},{"damage_healed":0.0,"max_hp_gain":0.0,"max_hp_loss":0.0,"gold_gain":75.0,"event_name":"World of Goop","player_choice":"Gather Gold","floor":5.0,"gold_loss":0.0,"damage_taken":11.0},{"damage_healed":0.0,"max_hp_gain":0.0,"max_hp_loss":0.0,"gold_gain":0.0,"event_name":"Scrap Ooze","player_choice":"Fled","floor":13.0,"gold_loss":0.0,"damage_taken":0.0},{"damage_healed":16.0,"max_hp_gain":0.0,"max_hp_loss":0.0,"gold_gain":0.0,"event_name":"The Library","player_choice":"Heal","floor":19.0,"gold_loss":0.0,"damage_taken":0.0},{"damage_healed":0.0,"max_hp_gain":0.0,"max_hp_loss":0.0,"gold_gain":0.0,"event_name":"Duplicator","player_choice":"Copied","floor":30.0,"gold_loss":0.0,"damage_taken":0.0,"cards_obtained":["Electrodynamics"]}],"is_beta":false,"boss_relics":[{"not_picked":["Runic Pyramid","Sozu"],"picked":"Inserter"}],"items_purged_floors":[],"is_endless":false,"potions_floor_spawned":[7,10,16,18,21],"killed_by":"Automaton","ascension_level":15}