{"gold_per_floor":[119,119,79,95,115,115,143,143,143,218,218,251,176,176,176,176],"floor_reached":16,"playtime":335,"items_purged":["Strike_R"],"score":212,"play_id":"008eac8a-cd2c-4d06-9998-9c6fa4061b97","local_time":"20190310233741","is_ascension_mode":true,"campfire_choices":[{"data":"Bash","floor":6,"key":"SMITH"},{"data":"Rage","floor":8,"key":"SMITH"},{"data":"Strike_R","floor":11,"key":"SMITH"},{"data":"Body Slam","floor":15,"key":"SMITH"}],"neow_cost":"NONE","seed_source_timestamp":134676657647299,"circlet_count":0,"master_deck":["AscendersBane","Strike_R","Strike_R","Strike_R","Strike_R+1","Defend_R","Defend_R","Defend_R","Defend_R","Bash+1","Ghostly Armor","Rage+1","Body Slam+1"],"relics":["Burning Blood","NeowsBlessing","Mercury Hourglass","Frozen Egg 2","Potion Belt","Juzu Bracelet","Golden Idol"],"potions_floor_usage":[7,12],"damage_taken":[{"damage":0,"enemies":"Jaw Worm","floor":1,"turns":1},{"damage":0,"enemies":"Cultist","floor":4,"turns":1},{"damage":0,"enemies":"Small Slimes","floor":5,"turns":1},{"damage":24,"enemies":"3 Sentries","floor":7,"turns":8},{"damage":10,"enemies":"Lagavulin","floor":12,"turns":7},{"damage":10,"enemies":"The Guardian","floor":16,"turns":9}],"seed_played":"6458639396693993650","potions_obtained":[{"floor":1,"key":"SteroidPotion"},{"floor":4,"key":"Block Potion"},{"floor":7,"key":"Explosive Potion"}],"is_trial":false,"path_per_floor":["M","?","$","M","M","R","E","R","T","?","R","E","$","?","R","B"],"character_chosen":"IRONCLAD","items_purchased":["Ghostly Armor"],"campfire_rested":0,"item_purchase_floors":[3],"current_hp_per_floor":[74,74,74,75,75,75,57,57,57,46,46,42,42,16,16,6],"gold":176,"neow_bonus":"THREE_ENEMY_KILL","is_prod":false,"is_daily":false,"chose_seed":false,"campfire_upgraded":4,"win_rate":0,"timestamp":1552228661,"path_taken":["M","?","$","M","?","R","E","R","T","?","R","E","?","?","R","BOSS"],"build_version":"2019-01-23","purchased_purges":1,"victory":false,"max_hp_per_floor":[75,75,75,75,75,75,75,75,75,75,75,75,75,75,75,75],"card_choices":[{"not_picked":["Rupture","Sever Soul"],"picked":"Carnage","floor":1},{"not_picked":["Infernal Blade","Hemokinesis"],"picked":"Rage","floor":4},{"not_picked":["Twin Strike","Armaments","Cleave"],"picked":"SKIP","floor":5},{"not_picked":["Havoc","Rage","Warcry"],"picked":"SKIP","floor":7},{"not_picked":["Sword Boomerang","Anger"],"picked":"Body Slam","floor":12}],"player_experience":2162179,"relics_obtained":[{"floor":7,"key":"Frozen Egg 2"},{"floor":9,"key":"Potion Belt"},{"floor":12,"key":"Juzu Bracelet"}],"event_choices":[{"cards_removed":["Carnage"],"damage_healed":0,"gold_gain":0,"player_choice":"Gave Card","damage_taken":0,"relics_obtained":["Mercury Hourglass"],"max_hp_gain":0,"max_hp_loss":0,"event_name":"WeMeetAgain","floor":2,"gold_loss":0},{"damage_healed":0,"gold_gain":75,"player_choice":"Gather Gold","damage_taken":11,"max_hp_gain":0,"max_hp_loss":0,"event_name":"World of Goop","floor":10,"gold_loss":0},{"damage_healed":0,"gold_gain":0,"player_choice":"Take Damage","damage_taken":26,"relics_obtained":["Golden Idol"],"max_hp_gain":0,"max_hp_loss":0,"event_name":"Golden Idol","floor":14,"gold_loss":0}],"is_beta":false,"boss_relics":[],"items_purged_floors":[13],"is_endless":false,"potions_floor_spawned":[1,4,7],"killed_by":"The Guardian","ascension_level":20}