{"path_per_floor":["M","?","M","?","M","R","E","M","T","M","M","E","R","?","R","B",null,"M","M"],"character_chosen":"IRONCLAD","items_purchased":[],"gold_per_floor":[11,11,26,26,39,39,72,87,167,183,200,227,227,197,197,292,292,311,329],"floor_reached":20,"campfire_rested":2,"playtime":1391,"current_hp_per_floor":[80,80,80,80,78,78,60,57,57,56,57,23,47,47,71,31,80,69,11],"items_purged":[],"gold":329,"play_id":"df6fa241-c2dd-4fe2-ac80-521775c60d63","is_prod":false,"is_daily":false,"is_ascension_mode":false,"campfire_upgraded":1,"path_taken":["M","?","M","?","M","R","E","M","T","M","M","E","R","?","R","BOSS","M","M","M"],"build_version":"2018-02-01-PROD3","purchased_purges":0,"victory":false,"master_deck":["Strike_R","Strike_R","Strike_R","Strike_R","Strike_R","Defend_R","Defend_R","Defend_R","Defend_R","Bash","Juggernaut+1","Iron Wave","Regret","Blood for Blood","Cleave","Flex","Barricade","Body Slam","Anger","Sentinel","Double Tap","Armaments+1","Shrug It Off"],"max_hp_per_floor":[80,80,80,80,80,80,80,80,80,80,80,80,80,80,80,80,80,80,80],"relics":["Burning Blood","Mummified Hand","Lantern","Gremlin Horn","Oddly Smooth Stone","Black Star"],"card_choices":[{"not_picked":["Exhume","Offering"],"picked":"Juggernaut"},{"not_picked":["Feel No Pain","Blood for Blood"],"picked":"Iron Wave"},{"not_picked":["Perfected Strike","Bloodletting"],"picked":"Clothesline"},{"not_picked":["Havoc","Wild Strike"],"picked":"Cleave"},{"not_picked":["Pummel","Clash"],"picked":"Flex"},{"not_picked":["Dual Wield","Clothesline"],"picked":"Barricade"},{"not_picked":["Cleave","Havoc"],"picked":"Body Slam"},{"not_picked":["Cleave","Combust"],"picked":"Anger"},{"not_picked":["Thunderclap","Wild Strike"],"picked":"Sentinel"},{"not_picked":["Barricade","Exhume"],"picked":"Double Tap"},{"not_picked":["Clash","Cleave"],"picked":"Armaments"},{"not_picked":["Pummel","Thunderclap"],"picked":"Shrug It Off"}],"player_experience":68454,"potions_floor_usage":[7,8,10,11,16,16],"damage_taken":[{"damage":6,"enemies":"Cultist","floor":1,"turns":3},{"damage":5,"enemies":"Jaw Worm","floor":3,"turns":4},{"damage":8,"enemies":"Blue Slaver","floor":5,"turns":4},{"damage":24,"enemies":"Gremlin Nob","floor":7,"turns":4},{"damage":9,"enemies":"3 Louse","floor":8,"turns":3},{"damage":7,"enemies":"Red Slaver","floor":10,"turns":3},{"damage":5,"enemies":"Looter","floor":11,"turns":3},{"damage":40,"enemies":"Lagavulin","floor":12,"turns":9},{"damage":46,"enemies":"The Guardian","floor":16,"turns":10},{"damage":17,"enemies":"Shell Parasite","floor":18,"turns":6},{"damage":64,"enemies":"Chosen","floor":19,"turns":8},{"damage":13,"enemies":"Centurion and Healer","floor":20,"turns":3}],"event_choices":[{"event_name":"Big Fish","player_choice":"Box","floor":2,"damage_taken":0},{"event_name":"Transmorgrifier","player_choice":"Transform","floor":4,"damage_taken":0},{"event_name":"The Woman in Blue","player_choice":"Bought 2 Potions","floor":14,"damage_taken":0}],"boss_relics":[{"not_picked":["Sozu","Astrolabe"],"picked":"Black Star"}],"potions_floor_spawned":[3,7,8,10,12],"seed_played":"6483638423755154104","killed_by":"Centurion and Healer","ascension_level":0,"is_trial":false}