{"gold_per_floor":[111,111,111,111,111,111,139,139,219,235,235,262,227,8,8,8],"floor_reached":16,"playtime":344,"items_purged":[],"score":208,"play_id":"108a69b1-2816-4484-aab4-ad9d5bd49daf","local_time":"20190420181421","is_ascension_mode":true,"campfire_choices":[{"data":"Bash","floor":6.0,"key":"SMITH"},{"floor":8.0,"key":"REST"},{"data":"Carnage","floor":11.0,"key":"SMITH"},{"data":"True Grit","floor":15,"key":"SMITH"}],"neow_cost":"NONE","seed_source_timestamp":0,"circlet_count":0,"master_deck":["AscendersBane","Strike_R","Strike_R","Strike_R","Strike_R","Defend_R","Defend_R","Defend_R","Defend_R","Bash+1","Second Wind","Entrench","Carnage+1","True Grit+1"],"special_seed":0,"relics":["Burning Blood","Red Skull","Potion Belt","Gremlin Horn","Oddly Smooth Stone","Omamori","Pen Nib"],"potions_floor_usage":[16],"damage_taken":[{"damage":6.0,"enemies":"Cultist","floor":1.0,"turns":3.0},{"damage":61.0,"enemies":"Lagavulin","floor":7.0,"turns":7.0},{"damage":6.0,"enemies":"Small Slimes","floor":10.0,"turns":4.0},{"damage":29,"enemies":"Gremlin Nob","floor":12,"turns":4},{"damage":24,"enemies":"Hexaghost","floor":16,"turns":8}],"seed_played":"9187815034565831039","potions_obtained":[{"floor":1.0,"key":"Poison Potion"},{"floor":12,"key":"Poison Potion"}],"is_trial":false,"path_per_floor":["M","?","?","?","T","R","E","R","T","M","R","E","?","$","R","B"],"character_chosen":"IRONCLAD","items_purchased":["Pen Nib","True Grit"],"campfire_rested":1,"item_purchase_floors":[14,14],"current_hp_per_floor":[68,68,63,63,63,63,8,30,30,30,30,7,25,25,25,1],"gold":8,"neow_bonus":"REMOVE_CARD","is_prod":false,"is_daily":false,"chose_seed":true,"campfire_upgraded":3,"win_rate":0,"timestamp":1555751661,"path_taken":["M","?","?","?","?","R","E","R","T","M","R","E","?","?","R","BOSS"],"build_version":"2019-01-23","purchased_purges":0,"victory":false,"max_hp_per_floor":[75,75,75,75,75,75,75,75,75,75,75,75,75,75,75,75],"card_choices":[{"not_picked":["Perfected Strike","Thunderclap"],"picked":"Second Wind","floor":1.0},{"not_picked":["Body Slam","Clash"],"picked":"Entrench","floor":7.0},{"not_picked":["Sword Boomerang","Pommel Strike"],"picked":"Carnage","floor":10.0},{"not_picked":["Thunderclap","Clash","Anger"],"picked":"SKIP","floor":12}],"player_experience":3251027,"relics_obtained":[{"floor":5.0,"key":"Gremlin Horn"},{"floor":7.0,"key":"Oddly Smooth Stone"},{"floor":12,"key":"Omamori"}],"event_choices":[{"damage_healed":0.0,"max_hp_gain":0.0,"max_hp_loss":0.0,"gold_gain":0.0,"event_name":"Big Fish","player_choice":"Box","floor":2.0,"gold_loss":0.0,"damage_taken":0.0,"relics_obtained":["Red Skull"],"cards_obtained":["Regret"]},{"damage_healed":0.0,"max_hp_gain":0.0,"max_hp_loss":0.0,"gold_gain":0.0,"event_name":"Scrap Ooze","player_choice":"Success","floor":3.0,"gold_loss":0.0,"damage_taken":5.0,"relics_obtained":["Potion Belt"]},{"cards_removed":["Regret"],"damage_healed":0.0,"max_hp_gain":0.0,"max_hp_loss":0.0,"gold_gain":0.0,"event_name":"Living Wall","player_choice":"Forget","floor":4.0,"gold_loss":0.0,"damage_taken":0.0},{"damage_healed":18,"gold_gain":0,"player_choice":"Healed","damage_taken":0,"max_hp_gain":0,"max_hp_loss":0,"event_name":"The Cleric","floor":13,"gold_loss":35}],"is_beta":false,"boss_relics":[],"items_purged_floors":[],"is_endless":false,"potions_floor_spawned":[1,12],"killed_by":"Hexaghost","ascension_level":20}