{"gold_per_floor":[12,12,29,47,111,111,131,164,164,164,139,207,236,361,361,439,439,458,508,521,10,60,94,94,128,128,128,143,193,218,284,284,358,358,368,110,121,171,221,221,281,281,281,345,345,364,380,394,394,394],"floor_reached":50,"playtime":2373,"items_purged":["Strike_B"],"score":1153,"play_id":"2deefe1f-a78e-4d1e-9309-0316e1419143","local_time":"20190311120405","is_ascension_mode":true,"campfire_choices":[{"data":"Hyperbeam","floor":6,"key":"SMITH"},{"floor":10,"key":"REST"},{"data":"Sunder","floor":15,"key":"SMITH"},{"floor":24,"key":"REST"},{"data":"Buffer","floor":27,"key":"SMITH"},{"floor":32,"key":"REST"},{"data":"Hyperbeam+1","floor":40,"key":"PURGE"},{"data":"Loop","floor":42,"key":"PURGE"},{"data":"Hologram","floor":45,"key":"SMITH"},{"floor":49,"key":"REST"}],"neow_cost":"NO_GOLD","seed_source_timestamp":0,"circlet_count":0,"master_deck":["AscendersBane","Zap","Dualcast","Undo","Barrage","Loop","Cold Snap","BootSequence","Turbo","Sunder+1","Meteor Strike","Capacitor","Necronomicurse","Double Energy+1","Buffer+1","Reinforced Body","Meteor Strike","Leap","Rebound+1","Gash+1","Blizzard","Machine Learning","Auto Shields","Hologram+1","Self Repair","Glacier","Hologram+1","Core Surge","Undo","Tempest"],"relics":["Cracked Core","Du-Vu Doll","SsserpentHead","Shuriken","Mercury Hourglass","Regal Pillow","Nuclear Battery","Necronomicon","Mummified Hand","Bag of Preparation","Torii","Matryoshka","Singing Bowl","Question Card","Peace Pipe","Pandora\u0027s Box","Lantern","Bronze Scales","Whetstone"],"potions_floor_usage":[16,33,46,50],"damage_taken":[{"damage":0,"enemies":"Small Slimes","floor":1,"turns":3},{"damage":6,"enemies":"Cultist","floor":3,"turns":3},{"damage":0,"enemies":"Jaw Worm","floor":4,"turns":4},{"damage":11,"enemies":"Red Slaver","floor":5,"turns":5},{"damage":11,"enemies":"Gremlin Gang","floor":7,"turns":3},{"damage":20,"enemies":"Lagavulin","floor":8,"turns":7},{"damage":0,"enemies":"Large Slime","floor":12,"turns":5},{"damage":0,"enemies":"Gremlin Nob","floor":13,"turns":3},{"damage":13,"enemies":"Slime Boss","floor":16,"turns":5},{"damage":7,"enemies":"2 Thieves","floor":18,"turns":2},{"damage":0,"enemies":"3 Byrds","floor":20,"turns":2},{"damage":5,"enemies":"Gremlin Leader","floor":23,"turns":4},{"damage":21,"enemies":"Book of Stabbing","floor":25,"turns":3},{"damage":13,"enemies":"3 Cultists","floor":28,"turns":4},{"damage":0,"enemies":"Gremlin Leader","floor":30,"turns":2},{"damage":0,"enemies":"Centurion and Healer","floor":31,"turns":3},{"damage":54,"enemies":"Champ","floor":33,"turns":8},{"damage":0,"enemies":"Orb Walker","floor":35,"turns":3},{"damage":7,"enemies":"3 Shapes","floor":37,"turns":5},{"damage":9,"enemies":"3 Darklings","floor":41,"turns":5},{"damage":27,"enemies":"Writhing Mass","floor":44,"turns":5},{"damage":13,"enemies":"Maw","floor":46,"turns":4},{"damage":19,"enemies":"4 Shapes","floor":47,"turns":5},{"damage":0,"enemies":"Jaw Worm Horde","floor":48,"turns":3},{"damage":50,"enemies":"Awakened One","floor":50,"turns":13}],"seed_played":"625919207203121730","potions_obtained":[{"floor":3,"key":"Weak Potion"},{"floor":7,"key":"Ancient Potion"},{"floor":16,"key":"Strength Potion"},{"floor":33,"key":"Poison Potion"},{"floor":44,"key":"Fire Potion"},{"floor":48,"key":"Energy Potion"}],"is_trial":false,"path_per_floor":["M","?","M","M","M","R","M","E","T","R","$","M","E","?","R","B",null,"M","?","M","$","?","E","R","E","T","R","M","?","E","M","R","B",null,"M","$","M","?","?","R","M","R","T","M","R","M","M","M","R","B"],"character_chosen":"DEFECT","items_purchased":["Mummified Hand","Bag of Preparation","PowerPotion","Lantern","Hologram","Self Repair"],"campfire_rested":4,"item_purchase_floors":[21,21,21,36,36,36],"current_hp_per_floor":[64,64,58,58,47,47,36,16,16,37,37,37,37,26,26,13,57,50,29,29,29,29,24,60,39,39,39,28,28,30,30,67,13,60,60,60,60,60,60,60,58,58,58,38,38,25,13,15,51,1],"gold":394,"neow_bonus":"ONE_RARE_RELIC","is_prod":false,"is_daily":false,"chose_seed":true,"campfire_upgraded":4,"win_rate":0,"timestamp":1552273445,"path_taken":["M","?","M","M","?","R","M","E","T","R","?","?","E","?","R","BOSS","M","?","M","$","?","E","R","E","T","R","M","?","E","?","R","BOSS","M","$","M","?","?","R","?","R","T","?","R","M","M","M","R","BOSS"],"build_version":"2019-01-23","purchased_purges":1,"victory":false,"max_hp_per_floor":[71,71,71,71,71,71,71,71,71,71,71,71,71,71,71,71,71,71,71,71,71,71,71,71,71,71,71,73,73,75,75,75,75,75,75,75,75,71,71,71,71,71,71,71,71,71,71,73,73,73],"card_choices":[{"not_picked":["Gash","Steam"],"picked":"Undo","floor":1},{"not_picked":["Ball Lightning","Sweeping Beam"],"picked":"Barrage","floor":3},{"not_picked":["Redo","Turbo"],"picked":"Loop","floor":4},{"not_picked":["FTL","Steam"],"picked":"Hyperbeam","floor":5},{"not_picked":["Tempest","Gash"],"picked":"Cold Snap","floor":7},{"not_picked":["Double Energy","Go for the Eyes"],"picked":"BootSequence","floor":8},{"not_picked":["Beam Cell","Streamline"],"picked":"Turbo","floor":12},{"not_picked":["Static Discharge","Conserve Battery"],"picked":"Sunder","floor":13},{"not_picked":["Biased Cognition","Creative AI"],"picked":"Meteor Strike","floor":16},{"not_picked":["Barrage","Ball Lightning"],"picked":"Capacitor","floor":18},{"not_picked":["Rebound","Aggregate+1"],"picked":"Double Energy+1","floor":20},{"not_picked":["Stack","Steam+1","Go for the Eyes"],"picked":"SKIP","floor":23},{"not_picked":["Stack","Tempest"],"picked":"Buffer","floor":25},{"not_picked":["Steam","Turbo","Redo+1","Coolheaded"],"picked":"Singing Bowl","floor":28},{"not_picked":["Barrage+1","Skim","Compile Driver","Auto Shields"],"picked":"Singing Bowl","floor":30},{"not_picked":["Tempest","Capacitor","Turbo"],"picked":"Reinforced Body","floor":31},{"not_picked":["Seek","Biased Cognition","Reboot"],"picked":"Meteor Strike","floor":33},{"not_picked":["Coolheaded","Barrage+1","Hologram"],"picked":"Auto Shields","floor":35},{"not_picked":["Cold Snap+1","Stack","Coolheaded"],"picked":"Glacier","floor":37},{"not_picked":["Blizzard+1","Melter","Sweeping Beam"],"picked":"Hologram","floor":41},{"not_picked":["Barrage","Go for the Eyes","Turbo+1"],"picked":"Core Surge","floor":44},{"not_picked":["Go for the Eyes","Sweeping Beam+1","Lockon"],"picked":"Undo","floor":46},{"not_picked":["Force Field","Blizzard+1","Sunder+1"],"picked":"Tempest","floor":47},{"not_picked":["Reprogram+1","Lockon+1","Hologram","Streamline"],"picked":"Singing Bowl","floor":48}],"player_experience":2169408,"relics_obtained":[{"floor":8,"key":"Shuriken"},{"floor":9,"key":"Mercury Hourglass"},{"floor":13,"key":"Regal Pillow"},{"floor":19,"key":"Necronomicon"},{"floor":23,"key":"Torii"},{"floor":25,"key":"Matryoshka"},{"floor":26,"key":"Singing Bowl"},{"floor":26,"key":"Question Card"},{"floor":30,"key":"Peace Pipe"},{"floor":43,"key":"Bronze Scales"},{"floor":43,"key":"Whetstone"}],"event_choices":[{"damage_healed":0,"gold_gain":0,"player_choice":"Trade","damage_taken":0,"relics_obtained":["SsserpentHead"],"max_hp_gain":0,"max_hp_loss":0,"event_name":"FaceTrader","floor":2,"gold_loss":0},{"damage_healed":0,"gold_gain":75,"player_choice":"Gather Gold","damage_taken":11,"max_hp_gain":0,"max_hp_loss":0,"event_name":"World of Goop","floor":14,"gold_loss":0},{"damage_healed":0,"gold_gain":0,"player_choice":"Obtained Book","damage_taken":21,"max_hp_gain":0,"max_hp_loss":0,"event_name":"Cursed Tome","floor":19,"gold_loss":0},{"damage_healed":0,"gold_gain":0,"player_choice":"Ignored","damage_taken":0,"max_hp_gain":0,"max_hp_loss":0,"event_name":"Beggar","floor":22,"gold_loss":0},{"cards_removed":["Strike_B"],"damage_healed":0,"gold_gain":0,"player_choice":"Card Removal","damage_taken":0,"max_hp_gain":0,"max_hp_loss":0,"event_name":"Wheel of Change","floor":29,"gold_loss":0},{"damage_healed":0,"gold_gain":0,"player_choice":"Max HP","damage_taken":0,"max_hp_gain":0,"max_hp_loss":4,"event_name":"Winding Halls","floor":38,"gold_loss":0},{"damage_healed":0,"gold_gain":0,"player_choice":"Upgraded","damage_taken":0,"max_hp_gain":0,"max_hp_loss":0,"event_name":"Upgrade Shrine","floor":39,"gold_loss":0,"cards_upgraded":["Hologram"]}],"is_beta":false,"boss_relics":[{"not_picked":["Coffee Dripper","White Beast Statue"],"picked":"Nuclear Battery"},{"not_picked":["Fusion Hammer","Eternal Feather"],"picked":"Pandora\u0027s Box"}],"items_purged_floors":[11],"is_endless":false,"potions_floor_spawned":[3,7,12,16,20,23,30,33,35,44,48],"killed_by":"Awakened One","ascension_level":20}