{"path_per_floor":["M","M","?","M","$","?","E","M","T","R","M","E","M","M","R","B",null,"M","$","?","?","M"],"character_chosen":"IRONCLAD","items_purchased":["Blood for Blood","Body Slam","Finesse"],"gold_per_floor":[110,126,100,117,39,39,67,82,82,82,92,126,136,149,149,247,247,230,85,85,85,102],"floor_reached":23,"campfire_rested":1,"playtime":5068,"current_hp_per_floor":[79,80,80,80,80,80,67,54,54,78,80,70,77,80,80,16,80,80,80,80,80,64],"items_purged":[],"gold":102,"play_id":"6b93552b-9000-4cb0-b312-1aaa58b03eed","is_prod":false,"is_daily":false,"is_ascension_mode":false,"campfire_upgraded":1,"path_taken":["M","M","?","M","$","?","E","M","T","R","M","E","M","M","R","BOSS","M","$","?","?","M","E"],"build_version":"2018-01-25-PROD3","purchased_purges":0,"victory":false,"master_deck":["Strike_R","Strike_R","Strike_R","Strike_R","Strike_R","Defend_R","Defend_R","Defend_R","Defend_R","Bash","Shrug It Off","Power Through","Intimidate","Blood for Blood","Iron Wave+1","Cleave","Twin Strike","Searing Blow","Metallicize","Thunderclap","Rampage","Reaper","Anger","Blood for Blood","Iron Wave","Shockwave","Rupture","Perfected Strike","Body Slam","Finesse","Writhe","Armaments","Flex"],"max_hp_per_floor":[80,80,80,80,80,80,80,80,80,80,80,80,80,80,80,80,80,80,80,80,80,80],"relics":["Burning Blood","Dream Catcher","Anchor","Magic Flower","Bottled Flame","Orrery","Letter Opener"],"card_choices":[{"not_picked":["Twin Strike","Infernal Blade"],"picked":"Shrug It Off"},{"not_picked":["Dark Embrace","Body Slam"],"picked":"Power Through"},{"not_picked":["Pommel Strike","Power Through"],"picked":"Intimidate"},{"not_picked":["Flame Barrier","Headbutt"],"picked":"Iron Wave"},{"not_picked":["Sword Boomerang","Clash"],"picked":"Cleave"},{"not_picked":["Burning Pact","True Grit"],"picked":"Twin Strike"},{"not_picked":["Clash","Perfected Strike"],"picked":"Searing Blow"},{"not_picked":["Headbutt","Iron Wave"],"picked":"Metallicize"},{"not_picked":["Seeing Red","Rupture"],"picked":"Thunderclap"},{"not_picked":["Iron Wave","Twin Strike"],"picked":"Rampage"},{"not_picked":["Impervious","Berserk"],"picked":"Reaper"},{"not_picked":["Seeing Red","Whirlwind"],"picked":"Anger"},{"not_picked":["Cleave","Intimidate"],"picked":"Blood for Blood"},{"not_picked":["Anger","Cleave"],"picked":"Iron Wave"},{"not_picked":["Fire Breathing","Iron Wave"],"picked":"Shockwave"},{"not_picked":["Iron Wave","Sword Boomerang"],"picked":"Rupture"},{"not_picked":["Cleave","Iron Wave"],"picked":"Perfected Strike"},{"not_picked":["Perfected Strike","Combust"],"picked":"Flex"}],"player_experience":4017,"potions_floor_usage":[7,7,8,8,12,16,16],"damage_taken":[{"damage":7,"enemies":"Cultist","floor":1,"turns":5},{"damage":2,"enemies":"2 Louse","floor":2,"turns":5},{"damage":6,"enemies":"Jaw Worm","floor":4,"turns":4},{"damage":19,"enemies":"3 Sentries","floor":7,"turns":5},{"damage":19,"enemies":"Exordium Thugs","floor":8,"turns":9},{"damage":3,"enemies":"Large Slime","floor":11,"turns":8},{"damage":29,"enemies":"Gremlin Nob","floor":12,"turns":5},{"damage":2,"enemies":"2 Fungi Beasts","floor":13,"turns":4},{"damage":0,"enemies":"3 Louse","floor":14,"turns":3},{"damage":73,"enemies":"Hexaghost","floor":16,"turns":13},{"damage":1,"enemies":"2 Thieves","floor":18,"turns":4},{"damage":25,"enemies":"Shell Parasite","floor":22,"turns":9},{"damage":68,"enemies":"Book of Stabbing","floor":23,"turns":7}],"event_choices":[{"event_name":"World of Goop","player_choice":"Left","floor":3,"damage_taken":0},{"event_name":"The Lab","player_choice":"Got Potions","floor":6,"damage_taken":0},{"event_name":"The Mausoleum","player_choice":"Yes","floor":20,"damage_taken":0},{"event_name":"The Library","player_choice":"Read","floor":21,"damage_taken":0}],"boss_relics":[{"not_picked":["Astrolabe","Runic Pyramid"],"picked":"Orrery"}],"potions_floor_spawned":[7,8,13,14,22],"seed_played":"-6523636497133239902","killed_by":"Book of Stabbing","ascension_level":0,"is_trial":false}