{"gold_per_floor":[118,293,243,243,243,275,68,68,95,56,75,110,110,124,124,255,255,280,296,315,315,225,269,269,287,311,323,355,385,436,472,484,625,637,665,692,722,734,759,802,814,476,502,502,502,502,159,183,183,183],"floor_reached":51,"playtime":1497,"items_purged":["Strike_B","Defend_B"],"score":1400,"play_id":"1f58a147-a01c-477f-a2e1-3c45588382f9","local_time":"20190216164345","is_ascension_mode":true,"campfire_choices":[{"data":"Sunder","floor":8,"key":"SMITH"},{"data":"Defragment","floor":15,"key":"SMITH"},{"data":"Defragment","floor":24,"key":"SMITH"},{"data":"Coolheaded","floor":27,"key":"SMITH"},{"data":"Ghostly","floor":32,"key":"SMITH"},{"data":"Creative AI","floor":41,"key":"SMITH"},{"data":"Apotheosis","floor":44,"key":"SMITH"},{"data":"Echo Form","floor":49,"key":"SMITH"}],"neow_cost":"NONE","seed_source_timestamp":196393957266700,"circlet_count":0,"master_deck":["AscendersBane","Strike_B","Strike_B+1","Defend_B","Defend_B+1","Zap","Dualcast","FTL","Sunder+1","Defragment+1","Defragment+1","Coolheaded+1","BootSequence+1","Electrodynamics","Cold Snap","Ghostly+1","Ghostly","Ghostly","Ghostly","Ghostly+1","Chill","Core Surge","Coolheaded","Seek","Creative AI+1","Blizzard+1","Leap+1","Apotheosis+1","Coolheaded+1","Coolheaded","Echo Form+1","Dark Shackles"],"relics":["Cracked Core","NeowsBlessing","Oddly Smooth Stone","PreservedInsect","Letter Opener","Golden Idol","Sozu","Lantern","MawBank","Orichalcum","Coffee Dripper","Bottled Tornado","Mummified Hand","Potion Belt","Pen Nib","War Paint"],"potions_floor_usage":[12,16,50,50],"damage_taken":[{"damage":0,"enemies":"2 Louse","floor":1,"turns":1},{"damage":0,"enemies":"3 Sentries","floor":6,"turns":1},{"damage":0,"enemies":"Jaw Worm","floor":11,"turns":1},{"damage":0,"enemies":"Gremlin Nob","floor":12,"turns":2},{"damage":3,"enemies":"Small Slimes","floor":14,"turns":2},{"damage":0,"enemies":"Slime Boss","floor":16,"turns":5},{"damage":1,"enemies":"Chosen","floor":18,"turns":3},{"damage":11,"enemies":"2 Thieves","floor":19,"turns":3},{"damage":19,"enemies":"Snake Plant","floor":20,"turns":5},{"damage":0,"enemies":"Book of Stabbing","floor":23,"turns":5},{"damage":7,"enemies":"Shelled Parasite and Fungi","floor":25,"turns":6},{"damage":0,"enemies":"3 Cultists","floor":28,"turns":4},{"damage":0,"enemies":"Snake Plant","floor":29,"turns":5},{"damage":0,"enemies":"Gremlin Leader","floor":30,"turns":6},{"damage":3,"enemies":"Shelled Parasite and Fungi","floor":31,"turns":6},{"damage":8,"enemies":"Collector","floor":33,"turns":18},{"damage":0,"enemies":"3 Shapes","floor":35,"turns":4},{"damage":0,"enemies":"Orb Walker","floor":36,"turns":5},{"damage":3,"enemies":"3 Darklings","floor":37,"turns":5},{"damage":0,"enemies":"Transient","floor":39,"turns":5},{"damage":0,"enemies":"Nemesis","floor":40,"turns":7},{"damage":0,"enemies":"Spire Growth","floor":48,"turns":5},{"damage":15,"enemies":"Time Eater","floor":50,"turns":13}],"seed_played":"757026177339129117","potions_obtained":[{"floor":1,"key":"Fire Potion"},{"floor":14,"key":"Swift Potion"},{"floor":16,"key":"Swift Potion"}],"is_trial":false,"path_per_floor":["M","?","?","?","?","E","$","R","T","$","M","E","?","M","R","B",null,"M","M","M","?","?","E","R","M","T","R","M","M","E","M","R","B",null,"M","M","M","?","M","E","R","$","T","R","T","?","$","M","R","B",null],"character_chosen":"DEFECT","items_purchased":["Sunder","Defragment","PowerPotion","Defragment","Mummified Hand","Coolheaded","War Paint","Dark Shackles"],"campfire_rested":0,"item_purchase_floors":[7,7,7,10,42,42,47,47],"current_hp_per_floor":[68,68,68,61,46,46,46,46,46,46,46,46,46,43,43,43,63,62,51,32,32,32,32,32,25,25,25,25,25,25,22,22,14,29,29,29,26,26,26,26,26,26,26,26,26,26,26,26,26,11],"gold":183,"neow_bonus":"THREE_ENEMY_KILL","is_prod":false,"is_daily":false,"chose_seed":false,"campfire_upgraded":8,"win_rate":0,"timestamp":1550303025,"path_taken":["M","?","?","?","?","E","$","R","T","$","M","E","?","?","R","BOSS","M","?","M","?","?","E","R","M","T","R","M","M","E","M","R","BOSS","M","M","?","?","M","E","R","$","T","R","?","?","$","?","R","BOSS"],"build_version":"2019-01-23","purchased_purges":2,"victory":true,"max_hp_per_floor":[75,75,75,75,75,75,75,75,75,75,75,75,69,69,69,69,69,69,69,69,34,34,34,34,34,34,34,34,34,34,34,34,34,34,34,34,34,34,34,34,34,34,34,34,34,34,34,34,34,34],"card_choices":[{"not_picked":["Sweeping Beam","Genetic Algorithm","Redo"],"picked":"SKIP","floor":1},{"not_picked":["Heatsinks","Scrape"],"picked":"FTL","floor":6},{"not_picked":["Compile Driver","Streamline","Redo"],"picked":"SKIP","floor":11},{"not_picked":["Ball Lightning","Turbo"],"picked":"Coolheaded","floor":12},{"not_picked":["Hello World","Static Discharge"],"picked":"BootSequence","floor":14},{"not_picked":["Meteor Strike","Hyperbeam"],"picked":"Electrodynamics","floor":16},{"not_picked":["Tempest","Genetic Algorithm","Turbo"],"picked":"SKIP","floor":18},{"not_picked":["Turbo","Stack+1"],"picked":"Cold Snap","floor":19},{"not_picked":["Leap","Go for the Eyes","Doom and Gloom"],"picked":"SKIP","floor":20},{"not_picked":["Sweeping Beam","Go for the Eyes"],"picked":"Chill","floor":23},{"not_picked":["Undo","Melter"],"picked":"Core Surge","floor":25},{"not_picked":["Ball Lightning+1","Storm","Fusion"],"picked":"SKIP","floor":28},{"not_picked":["Sweeping Beam","Compile Driver+1"],"picked":"Coolheaded","floor":29},{"not_picked":["Redo","Reinforced Body"],"picked":"Seek","floor":30},{"not_picked":["Storm+1","Go for the Eyes","Static Discharge"],"picked":"SKIP","floor":31},{"not_picked":["Hyperbeam","Core Surge"],"picked":"Creative AI","floor":33},{"not_picked":["Compile Driver+1","Ball Lightning"],"picked":"Blizzard+1","floor":35},{"not_picked":["Gash","Beam Cell+1"],"picked":"Leap+1","floor":36},{"not_picked":["Go for the Eyes+1","Rip and Tear+1","Lockon+1"],"picked":"SKIP","floor":37},{"not_picked":["Transmutation","Dark Shackles"],"picked":"Apotheosis","floor":38},{"not_picked":["Gash","Static Discharge","Aggregate+1"],"picked":"SKIP","floor":39},{"not_picked":["Gash","Static Discharge","Aggregate+1"],"picked":"SKIP","floor":39},{"not_picked":["Reinforced Body","Rebound"],"picked":"Coolheaded","floor":40},{"not_picked":["Static Discharge","Cold Snap+1","Recycle"],"picked":"SKIP","floor":48}],"player_experience":83206,"relics_obtained":[{"floor":6,"key":"Oddly Smooth Stone"},{"floor":9,"key":"PreservedInsect"},{"floor":12,"key":"Letter Opener"},{"floor":23,"key":"Lantern"},{"floor":26,"key":"MawBank"},{"floor":30,"key":"Orichalcum"},{"floor":40,"key":"Bottled Tornado"},{"floor":43,"key":"Potion Belt"},{"floor":45,"key":"Pen Nib"}],"event_choices":[{"damage_healed":0,"gold_gain":175,"player_choice":"AGREE","damage_taken":0,"max_hp_gain":0,"max_hp_loss":0,"event_name":"Liars Game","floor":2,"gold_loss":0,"cards_obtained":["Doubt"]},{"cards_removed":["Doubt"],"damage_healed":0,"gold_gain":0,"player_choice":"Card Removal","damage_taken":0,"max_hp_gain":0,"max_hp_loss":0,"event_name":"The Cleric","floor":3,"gold_loss":50},{"cards_removed":["Defend_B"],"damage_healed":0,"gold_gain":0,"player_choice":"Card Removal","damage_taken":7,"max_hp_gain":0,"max_hp_loss":0,"event_name":"Golden Wing","floor":4,"gold_loss":0},{"damage_healed":0,"gold_gain":0,"player_choice":"Entered Light","damage_taken":15,"max_hp_gain":0,"max_hp_loss":0,"event_name":"Shining Light","floor":5,"gold_loss":0,"cards_upgraded":["Strike_B","Defend_B"]},{"damage_healed":0,"gold_gain":0,"player_choice":"Lose Max HP","damage_taken":0,"relics_obtained":["Golden Idol"],"max_hp_gain":0,"max_hp_loss":6,"event_name":"Golden Idol","floor":13,"gold_loss":0},{"damage_healed":0,"gold_gain":0,"player_choice":"Became a Ghost","damage_taken":0,"max_hp_gain":0,"max_hp_loss":35,"event_name":"Ghosts","floor":21,"gold_loss":0,"cards_obtained":["Ghostly","Ghostly","Ghostly","Ghostly","Ghostly"]},{"cards_removed":["Strike_B"],"damage_healed":0,"gold_gain":0,"player_choice":"Upgrade and Remove","damage_taken":0,"max_hp_gain":0,"max_hp_loss":0,"event_name":"Designer","floor":22,"gold_loss":90,"cards_upgraded":["Ghostly"]},{"damage_healed":0,"gold_gain":0,"player_choice":"Memory 1","damage_taken":0,"max_hp_gain":0,"max_hp_loss":0,"event_name":"SensoryStone","floor":38,"gold_loss":0},{"damage_healed":0,"gold_gain":0,"player_choice":"1 cards matched","damage_taken":0,"max_hp_gain":0,"max_hp_loss":0,"event_name":"Match and Keep!","floor":46,"gold_loss":0,"cards_obtained":["Echo Form"]}],"is_beta":false,"boss_relics":[{"not_picked":["Tiny House","Busted Crown"],"picked":"Sozu"},{"not_picked":["Runic Pyramid","Empty Cage"],"picked":"Coffee Dripper"}],"items_purged_floors":[42,47],"is_endless":false,"potions_floor_spawned":[1,14,16,19,25,28,30,31,33,35],"ascension_level":10}