{"gold_per_floor":[112,142,142,156,3,3,36,36,60,60,70,28,59,59,59,59],"floor_reached":16,"playtime":309,"items_purged":["Strike_R"],"score":262,"play_id":"1296b8fd-6d00-40e1-a69f-9a4444f87cc2","local_time":"20190302134504","is_ascension_mode":true,"campfire_choices":[{"data":"Rampage","floor":6,"key":"SMITH"},{"data":"Feel No Pain","floor":8,"key":"SMITH"},{"data":"Bash","floor":10,"key":"SMITH"},{"data":"Combust","floor":15,"key":"SMITH"}],"neow_cost":"NONE","seed_source_timestamp":49263348099700,"circlet_count":0,"master_deck":["AscendersBane","Strike_R","Strike_R","Strike_R","Strike_R","Defend_R","Defend_R","Defend_R","Defend_R","Bash+1","Rampage+1","Feel No Pain+1","Spot Weakness","True Grit","Combust","Combust+1"],"relics":["Burning Blood","NeowsBlessing","Tiny Chest","Dream Catcher","Lantern","Art of War"],"potions_floor_usage":[13],"damage_taken":[{"damage":0,"enemies":"Small Slimes","floor":1,"turns":1},{"damage":0,"enemies":"Jaw Worm","floor":4,"turns":1},{"damage":0,"enemies":"Lagavulin","floor":7,"turns":2},{"damage":1,"enemies":"Cultist","floor":11,"turns":3},{"damage":30,"enemies":"Gremlin Nob","floor":13,"turns":4},{"damage":41,"enemies":"Slime Boss","floor":16,"turns":8}],"seed_played":"2015212799912046934","potions_obtained":[{"floor":4,"key":"Energy Potion"},{"floor":7,"key":"GamblersBrew"}],"is_trial":false,"path_per_floor":["M","?","T","M","$","R","E","R","T","R","M","$","E","$","R","B"],"character_chosen":"IRONCLAD","items_purchased":["Feel No Pain","Combust"],"campfire_rested":0,"item_purchase_floors":[5,12],"current_hp_per_floor":[74,48,48,54,54,54,60,60,60,60,65,65,41,41,41,0],"gold":59,"neow_bonus":"THREE_ENEMY_KILL","is_prod":false,"is_daily":false,"chose_seed":false,"campfire_upgraded":4,"win_rate":0,"timestamp":1551501904,"path_taken":["M","?","?","?","?","R","E","R","T","R","M","$","E","$","R","BOSS"],"build_version":"2019-01-23","purchased_purges":1,"victory":false,"max_hp_per_floor":[75,75,75,75,75,75,75,75,75,75,75,75,75,75,75,75],"card_choices":[{"not_picked":["Perfected Strike","Shrug It Off","Warcry"],"picked":"SKIP","floor":1},{"not_picked":["Burning Pact","Clothesline"],"picked":"Rampage","floor":4},{"not_picked":["Sentinel","Rupture"],"picked":"Spot Weakness","floor":7},{"not_picked":["Cleave","Twin Strike"],"picked":"True Grit","floor":11},{"not_picked":["Flex","Blood for Blood"],"picked":"Combust","floor":13}],"player_experience":1936183,"relics_obtained":[{"floor":7,"key":"Dream Catcher"},{"floor":9,"key":"Lantern"},{"floor":13,"key":"Art of War"}],"event_choices":[{"damage_healed":0,"gold_gain":0,"player_choice":"Success","damage_taken":26,"relics_obtained":["Tiny Chest"],"max_hp_gain":0,"max_hp_loss":0,"event_name":"Scrap Ooze","floor":2,"gold_loss":0}],"is_beta":false,"boss_relics":[],"items_purged_floors":[5],"is_endless":false,"potions_floor_spawned":[4,7],"killed_by":"Slime Boss","ascension_level":20}