{"gold_per_floor":[119,134,97,97,110,140,215,195,195,63,63,63],"floor_reached":12,"playtime":233,"items_purged":[],"score":152,"play_id":"c1f93705-c1e3-4b47-a5d3-49f0d34b39b2","local_time":"20190417194946","is_ascension_mode":true,"campfire_choices":[{"floor":11,"key":"REST"}],"neow_cost":"NONE","seed_source_timestamp":143777442070800,"circlet_count":0,"master_deck":["AscendersBane","Strike_B","Strike_B","Strike_B","Strike_B","Defend_B","Defend_B","Defend_B","Defend_B","Zap","Dualcast","Consume","Capacitor","Conserve Battery","Static Discharge"],"relics":["Cracked Core","NeowsBlessing","Potion Belt"],"potions_floor_usage":[6,12,12],"damage_taken":[{"damage":0,"enemies":"2 Louse","floor":1,"turns":1},{"damage":0,"enemies":"Cultist","floor":2,"turns":1},{"damage":0,"enemies":"Small Slimes","floor":5,"turns":1},{"damage":45,"enemies":"3 Sentries","floor":6,"turns":8},{"damage":4,"enemies":"Gremlin Nob","floor":12,"turns":3}],"seed_played":"-5951721896623115568","potions_obtained":[{"floor":1,"key":"FocusPotion"},{"floor":4,"key":"LiquidBronze"},{"floor":8,"key":"GamblersBrew"}],"is_trial":false,"path_per_floor":["M","M","$","?","M","E","?","?","T","$","R","E"],"character_chosen":"DEFECT","items_purchased":["Capacitor","PowerPotion","Static Discharge"],"campfire_rested":1,"item_purchase_floors":[3,10,10],"current_hp_per_floor":[64,64,64,64,64,19,8,8,8,8,29,25],"gold":63,"neow_bonus":"THREE_ENEMY_KILL","is_prod":false,"is_daily":false,"chose_seed":false,"campfire_upgraded":0,"win_rate":0,"timestamp":1555498186,"path_taken":["M","M","$","?","?","E","?","?","T","$","R","E"],"build_version":"2019-01-23","purchased_purges":0,"victory":false,"max_hp_per_floor":[71,71,71,71,71,71,71,71,71,71,71,71],"card_choices":[{"not_picked":["Double Energy","Rebound","Reprogram"],"picked":"SKIP","floor":1},{"not_picked":["Leap","Melter"],"picked":"Consume","floor":2},{"not_picked":["Rebound","Go for the Eyes","Lockon"],"picked":"SKIP","floor":5},{"not_picked":["Consume","Steam"],"picked":"Conserve Battery","floor":6}],"player_experience":3203142,"relics_obtained":[{"floor":9,"key":"Potion Belt"}],"event_choices":[{"damage_healed":0,"gold_gain":0,"player_choice":"Got Potions","damage_taken":0,"max_hp_gain":0,"max_hp_loss":0,"event_name":"Lab","floor":4,"gold_loss":0},{"damage_healed":0,"gold_gain":75,"player_choice":"Gather Gold","damage_taken":11,"max_hp_gain":0,"max_hp_loss":0,"event_name":"World of Goop","floor":7,"gold_loss":0},{"damage_healed":0,"gold_gain":0,"player_choice":"Bought 1 Potion","damage_taken":0,"max_hp_gain":0,"max_hp_loss":0,"event_name":"The Woman in Blue","floor":8,"gold_loss":0}],"is_beta":false,"boss_relics":[],"items_purged_floors":[],"is_endless":false,"potions_floor_spawned":[1],"killed_by":"Gremlin Nob","ascension_level":20}