{"gold_per_floor":[115,115,125,46,46,84,84,120,145,160,160,160,102,125,125,218,218,243,243,259,259,259,259],"floor_reached":23,"playtime":608,"items_purged":[],"score":440,"play_id":"7fc59db0-cdbe-4d68-8a14-7ebec22d5c61","local_time":"20190328183919","is_ascension_mode":true,"campfire_choices":[{"data":"Zap","floor":7.0,"key":"SMITH"},{"data":"Consume","floor":12,"key":"SMITH"},{"floor":15,"key":"REST"}],"neow_cost":"NONE","seed_source_timestamp":1777326126300,"circlet_count":0,"master_deck":["AscendersBane","Strike_B","Strike_B","Strike_B+1","Strike_B+1","Defend_B","Defend_B","Defend_B","Defend_B","Zap+1","Dualcast","FTL","Self Repair","Undo","Gash","Consume+1","Coolheaded","Reboot","Darkness","Ghostly","Ghostly","Ghostly"],"special_seed":0,"relics":["Cracked Core","NeowsBlessing","Golden Idol","Regal Pillow","PreservedInsect","Vajra","Inserter"],"potions_floor_usage":[18,20,23,23],"damage_taken":[{"damage":0.0,"enemies":"Jaw Worm","floor":1.0,"turns":1.0},{"damage":0.0,"enemies":"Cultist","floor":3.0,"turns":1.0},{"damage":0.0,"enemies":"3 Sentries","floor":6.0,"turns":1.0},{"damage":37.0,"enemies":"Lagavulin","floor":8.0,"turns":10.0},{"damage":9.0,"enemies":"2 Louse","floor":10.0,"turns":3.0},{"damage":4,"enemies":"The Guardian","floor":16,"turns":12},{"damage":37,"enemies":"2 Thieves","floor":18,"turns":4},{"damage":29,"enemies":"3 Byrds","floor":20,"turns":6},{"damage":2,"enemies":"Book of Stabbing","floor":23,"turns":4}],"seed_played":"3508112130095127113","potions_obtained":[{"floor":1.0,"key":"Swift Potion"},{"floor":2.0,"key":"FairyPotion"},{"floor":2.0,"key":"EntropicBrew"},{"floor":16,"key":"PowerPotion"},{"floor":18,"key":"Poison Potion"}],"is_trial":false,"path_per_floor":["M","?","M","$","?","E","R","E","T","M","?","R","$","T","R","B",null,"M","?","M","?","?","E"],"character_chosen":"DEFECT","items_purchased":["Self Repair","Coolheaded"],"campfire_rested":1,"item_purchase_floors":[4,13],"current_hp_per_floor":[64,64,64,64,40,47,47,17,17,15,7,7,7,7,43,46,65,35,35,13,13,13,11],"gold":259,"neow_bonus":"THREE_ENEMY_KILL","is_prod":false,"is_daily":false,"chose_seed":false,"campfire_upgraded":2,"win_rate":0,"timestamp":1553765959,"path_taken":["M","?","?","$","?","E","R","E","T","M","?","R","$","?","R","BOSS","M","?","M","?","?","E"],"build_version":"2019-01-23","purchased_purges":0,"victory":false,"max_hp_per_floor":[71,71,71,71,71,71,71,71,71,71,71,71,71,71,71,71,71,71,71,71,71,35,35],"card_choices":[{"not_picked":["Steam Power","Steam","Heatsinks"],"picked":"SKIP","floor":1.0},{"not_picked":["Steam Power","Rebound"],"picked":"FTL","floor":3.0},{"not_picked":["Compile Driver","Auto Shields"],"picked":"Undo","floor":6.0},{"not_picked":["Machine Learning","Barrage"],"picked":"Gash","floor":8.0},{"not_picked":["Streamline","Conserve Battery"],"picked":"Consume","floor":10.0},{"not_picked":["Multi-Cast","Meteor Strike"],"picked":"Reboot","floor":16},{"not_picked":["Stack","Beam Cell","Streamline"],"picked":"SKIP","floor":18},{"not_picked":["Steam Power","Capacitor"],"picked":"Darkness","floor":20}],"player_experience":2680541,"relics_obtained":[{"floor":6.0,"key":"Regal Pillow"},{"floor":8.0,"key":"PreservedInsect"},{"floor":14,"key":"Vajra"}],"event_choices":[{"damage_healed":0.0,"max_hp_gain":0.0,"max_hp_loss":0.0,"gold_gain":0.0,"event_name":"Lab","player_choice":"Got Potions","floor":2.0,"gold_loss":0.0,"damage_taken":0.0},{"damage_healed":0.0,"max_hp_gain":0.0,"max_hp_loss":0.0,"gold_gain":0.0,"event_name":"Golden Idol","player_choice":"Take Damage","floor":5.0,"gold_loss":0.0,"damage_taken":24.0,"relics_obtained":["Golden Idol"]},{"damage_healed":0,"gold_gain":0,"player_choice":"Entered Light","damage_taken":21,"max_hp_gain":0,"max_hp_loss":0,"event_name":"Shining Light","floor":11,"gold_loss":0,"cards_upgraded":["Strike_B","Strike_B"]},{"damage_healed":0,"gold_gain":0,"player_choice":"Ignored","damage_taken":0,"max_hp_gain":0,"max_hp_loss":0,"event_name":"Vampires","floor":19,"gold_loss":0},{"damage_healed":0,"gold_gain":0,"player_choice":"Ignored","damage_taken":0,"max_hp_gain":0,"max_hp_loss":0,"event_name":"Cursed Tome","floor":21,"gold_loss":0},{"damage_healed":0,"gold_gain":0,"player_choice":"Became a Ghost","damage_taken":0,"max_hp_gain":0,"max_hp_loss":36,"event_name":"Ghosts","floor":22,"gold_loss":0,"cards_obtained":["Ghostly","Ghostly","Ghostly"]}],"is_beta":false,"boss_relics":[{"not_picked":["Lizard Tail","Orrery"],"picked":"Inserter"}],"items_purged_floors":[],"is_endless":false,"potions_floor_spawned":[1,3,16,18],"killed_by":"Book of Stabbing","ascension_level":20}