{"gold_per_floor":[112,131,131,144,85,85,102,114,114,142,142,107,107,150,150,150],"floor_reached":16,"playtime":398,"items_purged":[],"score":220,"play_id":"678559fa-767c-4c66-a9d9-a6a50fb7630e","local_time":"20190315123604","is_ascension_mode":true,"campfire_choices":[{"data":"Armaments","floor":6,"key":"SMITH"},{"data":"Bash","floor":13,"key":"SMITH"},{"floor":15,"key":"REST"}],"neow_cost":"NONE","seed_source_timestamp":95393349430000,"circlet_count":0,"master_deck":["AscendersBane","Strike_R","Strike_R","Strike_R","Strike_R","Defend_R","Defend_R","Defend_R","Defend_R","Bash+1","Armaments+1","True Grit","Reckless Charge+1"],"relics":["Burning Blood","NeowsBlessing","Kunai","Calipers","Golden Idol","Molten Egg 2"],"potions_floor_usage":[10,14,14,16],"damage_taken":[{"damage":0,"enemies":"Cultist","floor":1,"turns":1},{"damage":0,"enemies":"2 Louse","floor":2,"turns":1},{"damage":0,"enemies":"Small Slimes","floor":4,"turns":1},{"damage":6,"enemies":"Looter","floor":7,"turns":4},{"damage":17,"enemies":"Red Slaver","floor":8,"turns":5},{"damage":30,"enemies":"Lagavulin","floor":10,"turns":8},{"damage":30,"enemies":"Gremlin Nob","floor":14,"turns":4},{"damage":28,"enemies":"Slime Boss","floor":16,"turns":8}],"seed_played":"2617297803566638604","potions_obtained":[{"floor":2,"key":"Explosive Potion"},{"floor":7,"key":"SpeedPotion"},{"floor":8,"key":"Poison Potion"},{"floor":10,"key":"Explosive Potion"},{"floor":14,"key":"AttackPotion"}],"is_trial":false,"path_per_floor":["M","M","?","M","$","R","M","M","T","E","?","?","R","E","R","B"],"character_chosen":"IRONCLAD","items_purchased":["Armaments"],"campfire_rested":1,"item_purchase_floors":[5],"current_hp_per_floor":[74,75,75,75,75,75,75,64,64,40,14,32,32,8,30,2],"gold":150,"neow_bonus":"THREE_ENEMY_KILL","is_prod":false,"is_daily":false,"chose_seed":false,"campfire_upgraded":2,"win_rate":0,"timestamp":1552620964,"path_taken":["M","?","?","M","$","R","M","M","T","E","?","?","R","E","R","BOSS"],"build_version":"2019-01-23","purchased_purges":0,"victory":false,"max_hp_per_floor":[75,75,75,75,75,75,75,75,75,75,75,75,75,75,75,75],"card_choices":[{"not_picked":["Clash","Hemokinesis","Sword Boomerang"],"picked":"SKIP","floor":1},{"not_picked":["Headbutt","Sentinel","Sever Soul"],"picked":"SKIP","floor":2},{"not_picked":["Metallicize","Cleave","Thunderclap"],"picked":"SKIP","floor":4},{"not_picked":["Uppercut","Thunderclap"],"picked":"True Grit","floor":7},{"not_picked":["Pommel Strike","Blood for Blood","Twin Strike"],"picked":"SKIP","floor":8},{"not_picked":["Flex","Wild Strike","Rupture"],"picked":"SKIP","floor":10},{"not_picked":["Havoc","Clash"],"picked":"Reckless Charge","floor":14}],"player_experience":2280644,"relics_obtained":[{"floor":9,"key":"Kunai"},{"floor":10,"key":"Calipers"},{"floor":14,"key":"Molten Egg 2"}],"event_choices":[{"cards_removed":["Strike_R"],"damage_healed":0,"gold_gain":0,"player_choice":"Forget","damage_taken":0,"max_hp_gain":0,"max_hp_loss":0,"event_name":"Living Wall","floor":3,"gold_loss":0},{"damage_healed":0,"gold_gain":0,"player_choice":"Take Damage","damage_taken":26,"relics_obtained":["Golden Idol"],"max_hp_gain":0,"max_hp_loss":0,"event_name":"Golden Idol","floor":11,"gold_loss":0},{"damage_healed":18,"gold_gain":0,"player_choice":"Healed","damage_taken":0,"max_hp_gain":0,"max_hp_loss":0,"event_name":"The Cleric","floor":12,"gold_loss":35}],"is_beta":false,"boss_relics":[],"items_purged_floors":[],"is_endless":false,"potions_floor_spawned":[2,7,8,10,14],"killed_by":"Slime Boss","ascension_level":20}