{"gold_per_floor":[112,126,146,221,239,239,249,274,298,298,325,147,147,162,162,162],"floor_reached":16,"playtime":805,"items_purged":[],"score":224,"play_id":"5553963e-3e97-4e1f-b813-79c8db6c7295","local_time":"20190125160326","is_ascension_mode":true,"campfire_choices":[{"data":"Bash","floor":6.0,"key":"SMITH"},{"floor":13,"key":"REST"},{"data":"Corruption","floor":15,"key":"SMITH"}],"neow_cost":"TEN_PERCENT_HP_LOSS","seed_source_timestamp":10172517866652,"circlet_count":0,"master_deck":["AscendersBane","Strike_R","Strike_R","Strike_R","Strike_R","Strike_R","Defend_R","Defend_R","Defend_R","Bash+1","Shrug It Off","Iron Wave","Shrug It Off","Corruption+1","Exhume+1","Warcry+1","Intimidate+1"],"special_seed":0,"relics":["Burning Blood","Bird Faced Urn","Toxic Egg 2","Boot","Ancient Tea Set"],"potions_floor_usage":[16],"damage_taken":[{"damage":6.0,"enemies":"Cultist","floor":1.0,"turns":3.0},{"damage":4.0,"enemies":"Small Slimes","floor":2.0,"turns":4.0},{"damage":7.0,"enemies":"Jaw Worm","floor":3.0,"turns":5.0},{"damage":13.0,"enemies":"2 Fungi Beasts","floor":5.0,"turns":5.0},{"damage":11.0,"enemies":"Exordium Wildlife","floor":7.0,"turns":6.0},{"damage":2.0,"enemies":"3 Sentries","floor":8.0,"turns":11.0},{"damage":47,"enemies":"Gremlin Nob","floor":11,"turns":5},{"damage":12,"enemies":"Exordium Thugs","floor":14,"turns":6},{"damage":27,"enemies":"Slime Boss","floor":16,"turns":8}],"seed_played":"425798642112672278","potions_obtained":[{"floor":2.0,"key":"PowerPotion"},{"floor":7.0,"key":"AttackPotion"},{"floor":14,"key":"GamblersBrew"}],"is_trial":false,"path_per_floor":["M","M","M","?","M","R","M","E","T","?","E","$","R","M","R","B"],"character_chosen":"IRONCLAD","items_purchased":["Exhume+1","Warcry+1"],"campfire_rested":1,"item_purchase_floors":[12,12],"current_hp_per_floor":[68,68,67,56,49,49,44,50,50,50,11,11,31,25,25,0],"gold":162,"neow_bonus":"ONE_RARE_RELIC","is_prod":false,"is_daily":false,"chose_seed":false,"campfire_upgraded":2,"win_rate":0,"timestamp":1548403406,"path_taken":["M","M","M","?","M","R","M","E","T","?","E","$","R","?","R","BOSS"],"build_version":"2019-01-23","purchased_purges":0,"victory":false,"max_hp_per_floor":[68,68,68,68,68,68,68,68,68,68,68,68,68,68,68,68],"card_choices":[{"not_picked":["Anger","Armaments"],"picked":"Shrug It Off","floor":1.0},{"not_picked":["Clash","Wild Strike","Second Wind"],"picked":"SKIP","floor":2.0},{"not_picked":["Anger","Warcry","Wild Strike"],"picked":"SKIP","floor":3.0},{"not_picked":["True Grit","Sentinel"],"picked":"Iron Wave","floor":5.0},{"not_picked":["Wild Strike","Infernal Blade"],"picked":"Shrug It Off","floor":7.0},{"not_picked":["Warcry","Dropkick"],"picked":"Corruption","floor":8.0},{"not_picked":["Body Slam","Blood for Blood","Twin Strike"],"picked":"SKIP","floor":11},{"not_picked":["Flex+1","Iron Wave"],"picked":"Intimidate+1","floor":14}],"player_experience":729163,"relics_obtained":[{"floor":8.0,"key":"Toxic Egg 2"},{"floor":9.0,"key":"Boot"},{"floor":11,"key":"Ancient Tea Set"}],"event_choices":[{"damage_healed":0.0,"max_hp_gain":0.0,"max_hp_loss":0.0,"gold_gain":75.0,"event_name":"World of Goop","player_choice":"Gather Gold","floor":4.0,"gold_loss":0.0,"damage_taken":11.0},{"cards_removed":["Defend_R"],"damage_healed":0.0,"max_hp_gain":0.0,"max_hp_loss":0.0,"gold_gain":0.0,"event_name":"Bonfire Elementals","player_choice":"Offered Basic","floor":10.0,"gold_loss":0.0,"damage_taken":0.0}],"is_beta":true,"boss_relics":[],"items_purged_floors":[],"is_endless":false,"potions_floor_spawned":[2,7,14],"killed_by":"Slime Boss","ascension_level":20}