{"gold_per_floor":[111,122,122,122,139,139,168,168],"floor_reached":8,"playtime":238,"items_purged":[],"score":64,"play_id":"a0932685-c84a-44aa-ba4f-48a310e2c364","local_time":"20190418215306","is_ascension_mode":true,"campfire_choices":[{"data":"Genetic Algorithm","floor":6,"key":"SMITH"}],"neow_cost":"TEN_PERCENT_HP_LOSS","seed_source_timestamp":64663144125085,"circlet_count":0,"master_deck":["Strike_B","Strike_B","Strike_B","Strike_B","Defend_B","Defend_B","Defend_B","Defend_B+1","Zap+1","Dualcast","Hologram","Gash","Genetic Algorithm+1","Chill"],"relics":["Cracked Core","Mango","Cables"],"potions_floor_usage":[],"damage_taken":[{"damage":2,"enemies":"Jaw Worm","floor":1,"turns":3},{"damage":5,"enemies":"2 Louse","floor":2,"turns":3},{"damage":0,"enemies":"Small Slimes","floor":5,"turns":2},{"damage":54,"enemies":"Gremlin Nob","floor":7,"turns":5},{"damage":9,"enemies":"Gremlin Gang","floor":8,"turns":3}],"seed_played":"-1470117059225025633","potions_obtained":[{"floor":1,"key":"PowerPotion"},{"floor":2,"key":"FearPotion"},{"floor":5,"key":"SkillPotion"}],"is_trial":false,"path_per_floor":["M","M","?","?","M","R","E","M"],"character_chosen":"DEFECT","items_purchased":[],"campfire_rested":0,"item_purchase_floors":[],"current_hp_per_floor":[80,75,80,63,63,63,9,0],"gold":168,"neow_bonus":"ONE_RARE_RELIC","is_prod":false,"is_daily":false,"chose_seed":false,"campfire_upgraded":1,"win_rate":0,"timestamp":1555642386,"path_taken":["M","M","?","?","M","R","E","M"],"build_version":"2019-01-23","purchased_purges":0,"victory":false,"max_hp_per_floor":[82,82,87,87,87,87,87,87],"card_choices":[{"not_picked":["Streamline","Force Field"],"picked":"Hologram","floor":1},{"not_picked":["Reinforced Body","Cold Snap"],"picked":"Gash","floor":2},{"not_picked":["Lockon","Aggregate"],"picked":"Genetic Algorithm","floor":5},{"not_picked":["Steam","Chaos"],"picked":"Chill","floor":7}],"player_experience":213197,"relics_obtained":[{"floor":7,"key":"Cables"}],"event_choices":[{"damage_healed":0,"gold_gain":0,"player_choice":"Donut","damage_taken":0,"max_hp_gain":5,"max_hp_loss":0,"event_name":"Big Fish","floor":3,"gold_loss":0},{"damage_healed":0,"gold_gain":0,"player_choice":"Entered Light","damage_taken":17,"max_hp_gain":0,"max_hp_loss":0,"event_name":"Shining Light","floor":4,"gold_loss":0,"cards_upgraded":["Defend_B","Zap"]}],"is_beta":false,"boss_relics":[],"items_purged_floors":[],"is_endless":false,"potions_floor_spawned":[1,2,5],"killed_by":"Gremlin Gang","ascension_level":3}