{"gold_per_floor":[361,371,371,41,116,116,130,130,157,157,157,157,157,82,82,160,160,178,190,207,237,250,250,250],"floor_reached":24,"playtime":641,"items_purged":["Defend_B"],"score":368,"play_id":"6c3d8a94-64dd-4ae6-a7db-624fed636947","local_time":"20190405191242","is_ascension_mode":true,"campfire_choices":[{"floor":6,"key":"REST"},{"data":"Loop","floor":8,"key":"SMITH"},{"data":"Streamline","floor":10,"key":"SMITH"},{"data":"Coolheaded","floor":13,"key":"SMITH"},{"data":"Coolheaded","floor":15,"key":"SMITH"},{"floor":23,"key":"REST"}],"neow_cost":"TEN_PERCENT_HP_LOSS","seed_source_timestamp":633796785122300,"circlet_count":0,"master_deck":["AscendersBane","Strike_B","Strike_B","Strike_B","Defend_B","Defend_B","Defend_B","Zap+1","Dualcast","Consume+1","Coolheaded+1","Loop+1","Cold Snap","Streamline+1","Coolheaded+1","Reboot","Undo","Self Repair","Static Discharge","FTL","Chill"],"relics":["Cracked Core","Membership Card","Potion Belt","Centennial Puzzle","White Beast Statue","Red Mask"],"potions_floor_usage":[18,19,20,21,22,24],"damage_taken":[{"damage":6,"enemies":"2 Louse","floor":1,"turns":2},{"damage":11,"enemies":"Small Slimes","floor":2,"turns":4},{"damage":0,"enemies":"Cultist","floor":7,"turns":3},{"damage":24,"enemies":"Hexaghost","floor":16,"turns":9},{"damage":18,"enemies":"2 Thieves","floor":18,"turns":4},{"damage":3,"enemies":"3 Byrds","floor":19,"turns":3},{"damage":7,"enemies":"Sentry and Sphere","floor":20,"turns":10},{"damage":37,"enemies":"Masked Bandits","floor":21,"turns":4},{"damage":5,"enemies":"Snake Plant","floor":22,"turns":5},{"damage":17,"enemies":"Slavers","floor":24,"turns":3}],"seed_played":"9191703898765065743","potions_obtained":[{"floor":1,"key":"Dexterity Potion"},{"floor":7,"key":"Explosive Potion"},{"floor":16,"key":"LiquidBronze"},{"floor":18,"key":"Regen Potion"},{"floor":19,"key":"PowerPotion"},{"floor":20,"key":"Swift Potion"},{"floor":21,"key":"FocusPotion"},{"floor":22,"key":"EssenceOfSteel"}],"is_trial":false,"path_per_floor":["M","M","?","$","?","R","M","R","T","R","?","T","R","?","R","B",null,"M","M","M","?","M","R","E"],"character_chosen":"DEFECT","items_purchased":["Membership Card","Loop","Cold Snap","Streamline"],"campfire_rested":2,"item_purchase_floors":[4,4,4,4],"current_hp_per_floor":[58,47,28,28,17,36,36,36,36,36,41,41,41,41,41,17,56,38,35,50,13,15,35,18],"gold":250,"neow_bonus":"TWO_FIFTY_GOLD","is_prod":false,"is_daily":false,"chose_seed":false,"campfire_upgraded":4,"win_rate":0,"timestamp":1554459162,"path_taken":["M","M","?","$","?","R","M","R","T","R","?","?","R","?","R","BOSS","M","M","M","?","M","R","E"],"build_version":"2019-01-23","purchased_purges":1,"victory":false,"max_hp_per_floor":[64,64,64,64,64,64,64,64,64,64,69,69,69,69,69,69,69,69,69,69,69,69,69,69],"card_choices":[{"not_picked":["Loop","Compile Driver"],"picked":"Consume","floor":1},{"not_picked":["Gash","Sunder"],"picked":"Coolheaded","floor":2},{"not_picked":["Genetic Algorithm","Conserve Battery"],"picked":"Coolheaded","floor":7},{"not_picked":["Amplify","Hyperbeam"],"picked":"Reboot","floor":16},{"not_picked":["Steam","Leap"],"picked":"Undo","floor":18},{"not_picked":["Barrage","Skim"],"picked":"Self Repair","floor":19},{"not_picked":["Redo+1","Turbo"],"picked":"Static Discharge","floor":20},{"not_picked":["Ball Lightning","Stack"],"picked":"FTL","floor":21},{"not_picked":["Cold Snap+1","Conserve Battery+1"],"picked":"Chill","floor":22}],"player_experience":2892928,"relics_obtained":[{"floor":9,"key":"Potion Belt"},{"floor":12,"key":"Centennial Puzzle"},{"floor":21,"key":"Red Mask"}],"event_choices":[{"damage_healed":0,"gold_gain":0,"player_choice":"Entered Light","damage_taken":19,"max_hp_gain":0,"max_hp_loss":0,"event_name":"Shining Light","floor":3,"gold_loss":0,"cards_upgraded":["Zap","Consume"]},{"damage_healed":0,"gold_gain":75,"player_choice":"Gather Gold","damage_taken":11,"max_hp_gain":0,"max_hp_loss":0,"event_name":"World of Goop","floor":5,"gold_loss":0},{"damage_healed":0,"gold_gain":0,"player_choice":"Donut","damage_taken":0,"max_hp_gain":5,"max_hp_loss":0,"event_name":"Big Fish","floor":11,"gold_loss":0},{"cards_removed":["Strike_B"],"damage_healed":0,"gold_gain":0,"player_choice":"Card Removal","damage_taken":0,"max_hp_gain":0,"max_hp_loss":0,"event_name":"The Cleric","floor":14,"gold_loss":75},{"damage_healed":0,"gold_gain":0,"player_choice":"Fought Bandits","damage_taken":0,"max_hp_gain":0,"max_hp_loss":0,"event_name":"Masked Bandits","floor":21,"gold_loss":0}],"is_beta":false,"boss_relics":[{"not_picked":["Snecko Eye","Velvet Choker"],"picked":"White Beast Statue"}],"items_purged_floors":[4],"is_endless":false,"potions_floor_spawned":[1,7,16,18,19,20,21,22],"killed_by":"Slavers","ascension_level":20}