{"gold_per_floor":[19,31,41,51,51,51,86,86,161,161,186,186,214,232,232,306,306,320,320,345,26,40,70,70,90,159,186,197,232,232,249,249,320,320,337,79,79,79,99,99,124,144,170,170,189,201,201,233,233,233],"floor_reached":51,"playtime":3130,"items_purged":[],"score":1469,"play_id":"9db428d5-db73-4e9a-a45c-e94f66e3a3d6","local_time":"20181222021025","is_ascension_mode":true,"campfire_choices":[{"data":"Defragment","floor":6,"key":"SMITH"},{"data":"Lockon","floor":8,"key":"SMITH"},{"data":"Zap","floor":12,"key":"SMITH"},{"data":"Reinforced Body","floor":15,"key":"SMITH"},{"data":"Barrage","floor":24,"key":"SMITH"},{"data":"Buffer","floor":30,"key":"SMITH"},{"data":"Loop","floor":32,"key":"SMITH"},{"data":"1","floor":40,"key":"LIFT"},{"data":"2","floor":44,"key":"LIFT"},{"data":"3","floor":47,"key":"LIFT"},{"data":"Storm","floor":49,"key":"SMITH"}],"neow_cost":"NO_GOLD","seed_source_timestamp":26887834811719,"circlet_count":0,"master_deck":["AscendersBane","Strike_B+1","Strike_B+1","Strike_B+1","Strike_B+1","Defend_B+1","Defend_B+1","Defend_B+1","Defend_B+1","Zap+1","Dualcast","Electrodynamics","Ball Lightning","Defragment+1","Reinforced Body+1","Lockon+1","Seek+1","Ball Lightning","Cold Snap","Leap","Meteor Strike","Coolheaded+1","Loop+1","Barrage+1","Reinforced Body","Buffer+1","Coolheaded+1","Echo Form","Storm+1","Compile Driver","Chill+1","Tempest+1","Storm+1","Glacier"],"relics":["Cracked Core","Dead Branch","Matryoshka","The Courier","Mummified Hand","Ginger","Strawberry","Inserter","Red Mask","PreservedInsect","War Paint","Centennial Puzzle","Ornamental Fan","Meat on the Bone","Girya","Vajra","Sozu","HandDrill","Orichalcum","Smiling Mask","Pear"],"potions_floor_usage":[11,11,23,27,27,29,33],"damage_taken":[{"damage":1,"enemies":"Cultist","floor":1,"turns":3},{"damage":2,"enemies":"Jaw Worm","floor":2,"turns":3},{"damage":0,"enemies":"Small Slimes","floor":3,"turns":2},{"damage":9,"enemies":"Exordium Wildlife","floor":4,"turns":3},{"damage":11,"enemies":"Gremlin Nob","floor":7,"turns":3},{"damage":10,"enemies":"3 Sentries","floor":11,"turns":3},{"damage":16,"enemies":"Gremlin Nob","floor":13,"turns":4},{"damage":15,"enemies":"Exordium Thugs","floor":14,"turns":3},{"damage":9,"enemies":"The Guardian","floor":16,"turns":10},{"damage":0,"enemies":"Spheric Guardian","floor":18,"turns":3},{"damage":7,"enemies":"Masked Bandits","floor":20,"turns":3},{"damage":0,"enemies":"3 Byrds","floor":22,"turns":3},{"damage":6,"enemies":"Slavers","floor":23,"turns":4},{"damage":18,"enemies":"Snecko","floor":25,"turns":3},{"damage":11,"enemies":"Book of Stabbing","floor":27,"turns":2},{"damage":0,"enemies":"3 Cultists","floor":28,"turns":3},{"damage":23,"enemies":"Gremlin Leader","floor":29,"turns":5},{"damage":2,"enemies":"Centurion and Healer","floor":31,"turns":5},{"damage":12,"enemies":"Collector","floor":33,"turns":8},{"damage":0,"enemies":"3 Darklings","floor":35,"turns":4},{"damage":1,"enemies":"3 Shapes","floor":39,"turns":3},{"damage":0,"enemies":"Giant Head","floor":41,"turns":5},{"damage":0,"enemies":"3 Darklings","floor":42,"turns":4},{"damage":0,"enemies":"Writhing Mass","floor":45,"turns":4},{"damage":0,"enemies":"Maw","floor":46,"turns":4},{"damage":32,"enemies":"Reptomancer","floor":48,"turns":5},{"damage":16,"enemies":"Donu and Deca","floor":50,"turns":7}],"seed_played":"-9202101811277159465","potions_obtained":[{"floor":1,"key":"Energy Potion"},{"floor":2,"key":"Regen Potion"},{"floor":4,"key":"Fire Potion"},{"floor":14,"key":"Strength Potion"},{"floor":16,"key":"GamblersBrew"},{"floor":23,"key":"FocusPotion"},{"floor":28,"key":"Explosive Potion"},{"floor":31,"key":"Block Potion"}],"is_trial":false,"path_per_floor":["M","M","M","M","T","R","E","R","T","?","E","R","E","M","R","B",null,"M","?","?","$","M","E","R","M","T","E","M","E","R","M","R","B",null,"M","$","?","?","M","R","E","M","T","R","M","M","R","E","R","B",null],"character_chosen":"DEFECT","items_purchased":["Loop","PreservedInsect","War Paint","Storm","HandDrill","Compile Driver"],"campfire_rested":0,"item_purchase_floors":[21,21,21,36,36,36],"current_hp_per_floor":[63,61,61,52,52,52,41,41,41,46,45,45,36,21,21,12,65,65,65,58,58,58,52,52,34,34,35,47,36,36,46,46,46,74,74,74,74,74,73,73,73,73,73,73,73,73,73,51,51,47],"gold":233,"neow_bonus":"THREE_RARE_CARDS","is_prod":false,"is_daily":false,"chose_seed":false,"campfire_upgraded":8,"win_rate":0,"timestamp":1545415825,"path_taken":["M","M","M","M","?","R","E","R","T","?","E","R","E","M","R","BOSS","M","?","?","$","?","E","R","M","T","E","M","E","R","M","R","BOSS","M","$","?","?","M","R","E","M","T","R","M","?","R","E","R","BOSS"],"build_version":"2018-12-17","purchased_purges":0,"victory":true,"max_hp_per_floor":[71,71,71,71,71,71,71,71,71,76,76,76,83,83,83,83,83,83,83,83,83,83,83,83,83,83,83,83,83,83,83,83,83,83,83,83,79,79,79,79,79,79,79,79,79,79,79,89,89,89],"card_choices":[{"not_picked":["Reboot","Amplify"],"picked":"Electrodynamics","floor":0},{"not_picked":["Loop","Beam Cell"],"picked":"Ball Lightning","floor":1},{"not_picked":["Stack","Melter"],"picked":"Defragment","floor":2},{"not_picked":["Stack","Sunder"],"picked":"Reinforced Body","floor":3},{"not_picked":["Redo","Hologram"],"picked":"Lockon","floor":4},{"not_picked":["All For One","Stack"],"picked":"Seek","floor":7},{"not_picked":["Leap","Steam"],"picked":"Ball Lightning","floor":11},{"not_picked":["Amplify","Recycle"],"picked":"Cold Snap","floor":13},{"not_picked":["Compile Driver","Go for the Eyes"],"picked":"Leap","floor":14},{"not_picked":["Buffer","Rainbow"],"picked":"Meteor Strike","floor":16},{"not_picked":["Melter","Turbo"],"picked":"Coolheaded","floor":18},{"not_picked":["Ball Lightning","Rip and Tear","Skim"],"picked":"SKIP","floor":22},{"not_picked":["Hologram","Steam"],"picked":"Barrage","floor":23},{"not_picked":["Steam","Reprogram","Barrage"],"picked":"SKIP","floor":25},{"not_picked":["Beam Cell","Rip and Tear","Turbo"],"picked":"SKIP","floor":27},{"not_picked":["Hello World","Leap"],"picked":"Reinforced Body","floor":28},{"not_picked":["Turbo","Redo"],"picked":"Buffer","floor":29},{"not_picked":["Streamline","Sweeping Beam"],"picked":"Coolheaded+1","floor":31},{"not_picked":["Meteor Strike","Fission"],"picked":"Echo Form","floor":33},{"not_picked":["Redo","Rebound","Turbo+1"],"picked":"SKIP","floor":35},{"not_picked":["Beam Cell","Undo+1"],"picked":"Chill+1","floor":39},{"not_picked":["Cold Snap","Reprogram","Steam"],"picked":"SKIP","floor":41},{"not_picked":["Barrage","Coolheaded"],"picked":"Tempest+1","floor":42},{"not_picked":["Compile Driver+1","Reprogram+1"],"picked":"Storm","floor":45},{"not_picked":["Chill","Sweeping Beam","Steam Power+1"],"picked":"SKIP","floor":46},{"not_picked":["Barrage","FTL"],"picked":"Glacier","floor":48}],"player_experience":653461,"relics_obtained":[{"floor":5,"key":"Dead Branch"},{"floor":7,"key":"Matryoshka"},{"floor":9,"key":"The Courier"},{"floor":9,"key":"Mummified Hand"},{"floor":11,"key":"Ginger"},{"floor":13,"key":"Strawberry"},{"floor":20,"key":"Red Mask"},{"floor":23,"key":"Centennial Puzzle"},{"floor":26,"key":"Ornamental Fan"},{"floor":26,"key":"Meat on the Bone"},{"floor":27,"key":"Girya"},{"floor":29,"key":"Vajra"},{"floor":41,"key":"Orichalcum"},{"floor":43,"key":"Smiling Mask"},{"floor":48,"key":"Pear"}],"event_choices":[{"damage_healed":0,"gold_gain":0,"player_choice":"Donut","damage_taken":0,"max_hp_gain":5,"max_hp_loss":0,"event_name":"Big Fish","floor":10,"gold_loss":0},{"damage_healed":0,"gold_gain":0,"player_choice":"Simplicity","damage_taken":0,"max_hp_gain":0,"max_hp_loss":0,"event_name":"Back to Basics","floor":19,"gold_loss":0,"cards_upgraded":["Strike_B","Strike_B","Strike_B","Strike_B","Defend_B","Defend_B","Defend_B","Defend_B"]},{"damage_healed":0,"gold_gain":0,"player_choice":"Fought Bandits","damage_taken":0,"max_hp_gain":0,"max_hp_loss":0,"event_name":"Masked Bandits","floor":20,"gold_loss":0},{"damage_healed":0,"gold_gain":0,"player_choice":"Max HP","damage_taken":0,"max_hp_gain":0,"max_hp_loss":4,"event_name":"Winding Halls","floor":37,"gold_loss":0},{"damage_healed":0,"gold_gain":0,"player_choice":"Upgraded","damage_taken":0,"max_hp_gain":0,"max_hp_loss":0,"event_name":"Upgrade Shrine","floor":38,"gold_loss":0,"cards_upgraded":["Storm"]}],"is_beta":true,"boss_relics":[{"not_picked":["Cursed Key","Lizard Tail"],"picked":"Inserter"},{"not_picked":["Nuclear Battery","Fusion Hammer"],"picked":"Sozu"}],"items_purged_floors":[],"is_endless":false,"potions_floor_spawned":[1,2,4,14,16,20,23,25,28,31,35,46,48],"ascension_level":18}