{"gold_per_floor":[111,125,140,140,140,159,159,170,170,184,203,203,214,230,230,335,335,348,348,366,100,110,110,130,150,150,160,160,177,377,390,390,390],"floor_reached":33,"playtime":1325,"items_purged":["Strike_B"],"score":249,"play_id":"f28452ef-d322-47d8-a5d6-13432fc0191b","local_time":"20181125010550","is_ascension_mode":false,"campfire_choices":[{"data":"Zap","floor":7,"key":"SMITH"},{"floor":12,"key":"REST"},{"floor":15,"key":"REST"},{"floor":23,"key":"REST"},{"floor":28,"key":"REST"},{"floor":32,"key":"REST"}],"neow_cost":"NONE","seed_source_timestamp":693659956974307,"circlet_count":0,"master_deck":["Strike_B","Defend_B","Defend_B","Defend_B","Defend_B","Zap+1","Dualcast","Ball Lightning","Conserve Battery","Cold Snap","Iron Wave","Darkness","Steam Power","Doom and Gloom","Tempest","Go for the Eyes","Redo","All For One","Melter","Conserve Battery+1","Loop","Compile Driver+1","Redo+1","Self Repair","Ball Lightning","BootSequence","BootSequence+1"],"relics":["Cracked Core","Mercury Hourglass","Ice Cream","Black Star","Happy Flower","Unceasing Top"],"potions_floor_usage":[27,33],"damage_taken":[{"damage":11,"enemies":"Jaw Worm","floor":1,"turns":4},{"damage":7,"enemies":"Small Slimes","floor":2,"turns":2},{"damage":1,"enemies":"Cultist","floor":3,"turns":3},{"damage":10,"enemies":"Blue Slaver","floor":6,"turns":3},{"damage":9,"enemies":"Lots of Slimes","floor":8,"turns":3},{"damage":13,"enemies":"3 Louse","floor":10,"turns":2},{"damage":6,"enemies":"Gremlin Gang","floor":11,"turns":3},{"damage":7,"enemies":"2 Fungi Beasts","floor":13,"turns":2},{"damage":2,"enemies":"Large Slime","floor":14,"turns":3},{"damage":32,"enemies":"The Guardian","floor":16,"turns":9},{"damage":10,"enemies":"Chosen","floor":18,"turns":3},{"damage":18,"enemies":"3 Byrds","floor":20,"turns":3},{"damage":17,"enemies":"Cultist and Chosen","floor":22,"turns":5},{"damage":4,"enemies":"Centurion and Healer","floor":24,"turns":5},{"damage":0,"enemies":"Snecko","floor":25,"turns":3},{"damage":35,"enemies":"Snake Plant","floor":27,"turns":3},{"damage":15,"enemies":"Sentry and Sphere","floor":29,"turns":4},{"damage":35,"enemies":"Centurion and Healer","floor":31,"turns":6},{"damage":57,"enemies":"Champ","floor":33,"turns":10}],"seed_played":"1066588562872268869","potions_obtained":[{"floor":1,"key":"FairyPotion"},{"floor":3,"key":"SpeedPotion"},{"floor":11,"key":"LiquidBronze"}],"is_trial":false,"path_per_floor":["M","M","M","?","?","M","R","M","T","M","M","R","M","M","R","B",null,"M","?","M","$","M","R","M","M","T","M","R","M","?","M","R","B"],"character_chosen":"DEFECT","items_purchased":["Happy Flower","Loop"],"campfire_rested":5,"item_purchase_floors":[21,21],"current_hp_per_floor":[71,64,63,56,56,46,46,37,37,24,18,42,35,33,57,25,82,72,72,54,54,37,61,57,57,57,29,53,45,45,17,41,0],"gold":390,"neow_bonus":"TEN_PERCENT_HP_BONUS","is_prod":false,"is_daily":false,"chose_seed":false,"campfire_upgraded":1,"win_rate":0.0,"timestamp":1543129550,"path_taken":["M","M","M","?","?","?","R","M","T","M","M","R","M","M","R","BOSS","M","?","M","$","M","R","?","M","T","M","R","M","?","M","R","BOSS"],"build_version":"2018-11-15","purchased_purges":1,"victory":false,"max_hp_per_floor":[82,82,82,82,82,82,82,82,82,82,82,82,82,82,82,82,82,82,82,82,82,82,82,82,82,82,82,82,82,82,82,82,82],"card_choices":[{"not_picked":["Self Repair","Compile Driver"],"picked":"Ball Lightning","floor":1},{"not_picked":["Doom and Gloom","Hologram"],"picked":"Conserve Battery","floor":2},{"not_picked":["Coolheaded","Streamline"],"picked":"Cold Snap","floor":3},{"not_picked":["Force Field","Rebound"],"picked":"Darkness","floor":6},{"not_picked":["Reboot","Coolheaded"],"picked":"Steam Power","floor":8},{"not_picked":["Consume","Sweeping Beam"],"picked":"Doom and Gloom","floor":10},{"not_picked":["Rip and Tear","Defragment"],"picked":"Tempest","floor":11},{"not_picked":["Compile Driver","Hello World"],"picked":"Go for the Eyes","floor":13},{"not_picked":["Go for the Eyes","Sweeping Beam"],"picked":"Redo","floor":14},{"not_picked":["Seek","Fission"],"picked":"All For One","floor":16},{"not_picked":["Stack+1","Undo"],"picked":"Melter","floor":18},{"not_picked":["Loop","Hello World"],"picked":"Conserve Battery+1","floor":20},{"not_picked":["Barrage","Sweeping Beam+1"],"picked":"Compile Driver+1","floor":22},{"not_picked":["Skim","Sweeping Beam"],"picked":"Redo+1","floor":24},{"not_picked":["All For One","Coolheaded"],"picked":"Self Repair","floor":25},{"not_picked":["Go for the Eyes","Streamline"],"picked":"Ball Lightning","floor":27},{"not_picked":["Conserve Battery","Go for the Eyes"],"picked":"BootSequence","floor":29},{"not_picked":["Force Field","Hologram"],"picked":"BootSequence+1","floor":31}],"player_experience":39494,"relics_obtained":[{"floor":9,"key":"Ice Cream"},{"floor":26,"key":"Unceasing Top"}],"event_choices":[{"damage_healed":0,"gold_gain":0,"player_choice":"Success","damage_taken":7,"relics_obtained":["Mercury Hourglass"],"max_hp_gain":0,"max_hp_loss":0,"event_name":"Scrap Ooze","floor":4,"gold_loss":0},{"cards_removed":["Strike_B"],"damage_healed":0,"gold_gain":0,"player_choice":"Took Card","damage_taken":0,"max_hp_gain":0,"max_hp_loss":0,"event_name":"NoteForYourself","floor":5,"gold_loss":0,"cards_obtained":["Iron Wave"]},{"cards_removed":["Strike_B"],"damage_healed":0,"gold_gain":0,"player_choice":"Purged","damage_taken":0,"max_hp_gain":0,"max_hp_loss":0,"event_name":"Purifier","floor":19,"gold_loss":0},{"damage_healed":0,"gold_gain":200,"player_choice":"Gold","damage_taken":0,"max_hp_gain":0,"max_hp_loss":0,"event_name":"Wheel of Change","floor":30,"gold_loss":0}],"is_beta":false,"boss_relics":[{"not_picked":["Empty Cage","White Beast Statue"],"picked":"Black Star"}],"items_purged_floors":[21],"is_endless":false,"potions_floor_spawned":[1,3,11,16,18,22,24,25],"killed_by":"Champ","ascension_level":0}