{"gold_per_floor":[113,113,123,45,63,63,63,92,92,52,52,70,87,87,87,188,188,203,203,213,128,128,160,172,172,254,254,268,268,299,309,309,412,412,425,13,27,43,55,55,55,65,65,80,90,116,116,147,147,147],"floor_reached":50,"playtime":3412,"items_purged":[],"score":524,"play_id":"6eede227-eb96-42c3-b034-aaebd5df292e","local_time":"20190213141221","is_ascension_mode":false,"campfire_choices":[{"data":"Chaos","floor":6,"key":"SMITH"},{"floor":11,"key":"RECALL"},{"floor":15,"key":"REST"},{"floor":25,"key":"REST"},{"floor":27,"key":"REST"},{"floor":29,"key":"REST"},{"data":"Storm","floor":32,"key":"SMITH"},{"floor":40,"key":"REST"},{"floor":49,"key":"REST"}],"neow_cost":"NONE","seed_source_timestamp":1180247548490817,"circlet_count":0,"master_deck":["Strike_B+1","Strike_B+1","Strike_B+1","Strike_B+1","Defend_B+1","Defend_B+1","Defend_B+1","Defend_B+1","Zap+1","Dualcast","Glacier","Hello World","Chaos+1","Storm+1","Beam Cell","Fission+1","White Noise+1","Redo+1","Gash","Rebound+1","Blizzard","Gash","Storm+1","Fission+1","Cold Snap","Ball Lightning","Redo+1","Gash","Fusion+1","Echo Form","Cold Snap+1","Fission+1","Writhe","Scrape+1"],"relics":["FrozenCore","NeowsBlessing","Shuriken","Toxic Egg 2","Bronze Scales","DataDisk","Symbiotic Virus","Red Mask","Black Star","Cables","Bag of Preparation","Potion Belt","Meat on the Bone","Centennial Puzzle"],"potions_floor_usage":[8,16,18,24,28,30,33,37,38,39,48,48,50],"damage_taken":[{"damage":0,"enemies":"2 Louse","floor":1,"turns":1},{"damage":0,"enemies":"Jaw Worm","floor":3,"turns":1},{"damage":0,"enemies":"Cultist","floor":5,"turns":1},{"damage":4,"enemies":"3 Sentries","floor":8,"turns":5},{"damage":10,"enemies":"Large Slime","floor":12,"turns":4},{"damage":3,"enemies":"Red Slaver","floor":13,"turns":4},{"damage":34,"enemies":"Hexaghost","floor":16,"turns":10},{"damage":7,"enemies":"2 Thieves","floor":18,"turns":5},{"damage":3,"enemies":"Chosen","floor":20,"turns":5},{"damage":57,"enemies":"Slavers","floor":23,"turns":5},{"damage":6,"enemies":"Sentry and Sphere","floor":24,"turns":4},{"damage":0,"enemies":"Centurion and Healer","floor":28,"turns":4},{"damage":4,"enemies":"Masked Bandits","floor":30,"turns":4},{"damage":3,"enemies":"3 Cultists","floor":31,"turns":5},{"damage":23,"enemies":"Champ","floor":33,"turns":9},{"damage":3,"enemies":"3 Shapes","floor":35,"turns":3},{"damage":0,"enemies":"3 Darklings","floor":37,"turns":4},{"damage":1,"enemies":"Sphere and 2 Shapes","floor":38,"turns":3},{"damage":10,"enemies":"Jaw Worm Horde","floor":39,"turns":4},{"damage":0,"enemies":"Maw","floor":42,"turns":4},{"damage":2,"enemies":"Transient","floor":44,"turns":5},{"damage":33,"enemies":"3 Darklings","floor":45,"turns":3},{"damage":31,"enemies":"Reptomancer","floor":46,"turns":6},{"damage":8,"enemies":"Nemesis","floor":48,"turns":8},{"damage":42,"enemies":"Time Eater","floor":50,"turns":8}],"seed_played":"6732659051510919147","potions_obtained":[{"floor":1,"key":"AttackPotion"},{"floor":3,"key":"FearPotion"},{"floor":10,"key":"Fire Potion"},{"floor":10,"key":"FairyPotion"},{"floor":12,"key":"EssenceOfSteel"},{"floor":13,"key":"Block Potion"},{"floor":23,"key":"Block Potion"},{"floor":24,"key":"Regen Potion"},{"floor":28,"key":"GamblersBrew"},{"floor":30,"key":"FocusPotion"},{"floor":35,"key":"AttackPotion"},{"floor":38,"key":"PowerPotion"},{"floor":45,"key":"GamblersBrew"},{"floor":46,"key":"SkillPotion"},{"floor":48,"key":"Strength Potion"}],"is_trial":false,"path_per_floor":["M","?","M","$","M","R","?","E","T","?","R","M","M","?","R","B",null,"M","?","M","?","?","E","M","R","T","R","M","R","?","M","R","B",null,"M","$","M","M","M","R","?","M","T","M","M","E","?","E","R","B"],"character_chosen":"DEFECT","items_purchased":["Hello World","Cables","Ball Lightning","SkillPotion","LiquidBronze"],"campfire_rested":6,"item_purchase_floors":[4,36,36,36,36],"current_hp_per_floor":[75,75,75,75,75,75,75,71,71,71,71,61,58,58,75,41,75,68,68,65,65,65,8,2,24,24,46,58,75,71,68,68,45,75,72,72,72,71,61,75,75,75,75,73,40,9,28,20,42,0],"gold":147,"neow_bonus":"THREE_ENEMY_KILL","is_prod":false,"is_daily":false,"chose_seed":false,"campfire_upgraded":2,"win_rate":0,"timestamp":1550059941,"path_taken":["M","?","M","$","M","R","?","E","T","?","R","M","?","?","R","BOSS","M","?","M","?","?","E","M","R","T","R","M","R","?","M","R","BOSS","M","$","M","M","M","R","?","M","T","M","M","E","?","E","R","BOSS"],"build_version":"2019-01-23","purchased_purges":0,"victory":false,"max_hp_per_floor":[75,75,75,75,75,75,75,75,75,75,75,75,75,75,75,75,75,75,75,75,75,75,75,75,75,75,75,75,75,75,75,75,75,75,75,75,75,75,75,75,75,75,75,75,75,75,75,75,75,75],"card_choices":[{"not_picked":["Aggregate","Lockon","Gash"],"picked":"SKIP","floor":1},{"not_picked":["Melter","Reinforced Body"],"picked":"Glacier","floor":3},{"not_picked":["Redo","Beam Cell"],"picked":"Chaos","floor":5},{"not_picked":["Sweeping Beam","Reprogram","Coolheaded"],"picked":"SKIP","floor":8},{"not_picked":["Compile Driver","Scrape"],"picked":"Storm","floor":12},{"not_picked":["Sweeping Beam","Genetic Algorithm+1"],"picked":"Beam Cell","floor":13},{"not_picked":["Multi-Cast+1","Rainbow+1"],"picked":"Fission+1","floor":16},{"not_picked":["Fusion+1","Coolheaded+1"],"picked":"White Noise+1","floor":18},{"not_picked":["Steam+1","Go for the Eyes+1"],"picked":"Redo+1","floor":20},{"not_picked":["Consume+1","Barrage"],"picked":"Gash","floor":23},{"not_picked":["Reprogram+1","Multi-Cast+1"],"picked":"Rebound+1","floor":24},{"not_picked":["Steam+1","Redo+1"],"picked":"Blizzard","floor":28},{"not_picked":["Leap+1","Streamline"],"picked":"Gash","floor":30},{"not_picked":["Sweeping Beam","Cold Snap"],"picked":"Storm","floor":31},{"not_picked":["Hyperbeam","Amplify+1"],"picked":"Fission+1","floor":33},{"not_picked":["Conserve Battery+1","Reinforced Body+1"],"picked":"Cold Snap","floor":35},{"not_picked":["Melter+1","Stack+1","Hologram+1"],"picked":"SKIP","floor":37},{"not_picked":["All For One","Steam+1"],"picked":"Redo+1","floor":38},{"not_picked":["Coolheaded+1","Sweeping Beam+1"],"picked":"Gash","floor":39},{"not_picked":["Rebound","Turbo+1"],"picked":"Fusion+1","floor":42},{"not_picked":["Fusion+1","Gash"],"picked":"Echo Form","floor":44},{"not_picked":["Sweeping Beam","Steam+1"],"picked":"Cold Snap+1","floor":45},{"not_picked":["Sweeping Beam+1","Stack+1"],"picked":"Fission+1","floor":46},{"not_picked":["Steam Power+1","Redo+1"],"picked":"Scrape+1","floor":48}],"player_experience":948826,"relics_obtained":[{"floor":8,"key":"Shuriken"},{"floor":9,"key":"Toxic Egg 2"},{"floor":23,"key":"DataDisk"},{"floor":26,"key":"Symbiotic Virus"},{"floor":30,"key":"Red Mask"},{"floor":46,"key":"Bag of Preparation"},{"floor":46,"key":"Potion Belt"},{"floor":48,"key":"Meat on the Bone"},{"floor":48,"key":"Centennial Puzzle"}],"event_choices":[{"damage_healed":0,"gold_gain":0,"player_choice":"Grow","damage_taken":0,"max_hp_gain":0,"max_hp_loss":0,"event_name":"Living Wall","floor":2,"gold_loss":0,"cards_upgraded":["Zap"]},{"damage_healed":0,"gold_gain":0,"player_choice":"Ignored","damage_taken":0,"max_hp_gain":0,"max_hp_loss":0,"event_name":"Golden Wing","floor":7,"gold_loss":0},{"damage_healed":0,"gold_gain":0,"player_choice":"Bought 3 Potions","damage_taken":0,"max_hp_gain":0,"max_hp_loss":0,"event_name":"The Woman in Blue","floor":10,"gold_loss":0},{"damage_healed":0,"gold_gain":0,"player_choice":"Upgraded","damage_taken":0,"max_hp_gain":0,"max_hp_loss":0,"event_name":"Upgrade Shrine","floor":14,"gold_loss":0,"cards_upgraded":["Storm"]},{"damage_healed":0,"gold_gain":0,"player_choice":"Ignored","damage_taken":0,"max_hp_gain":0,"max_hp_loss":0,"event_name":"Beggar","floor":19,"gold_loss":0},{"damage_healed":0,"gold_gain":0,"player_choice":"Obtained Relic","damage_taken":0,"relics_obtained":["Bronze Scales"],"max_hp_gain":0,"max_hp_loss":0,"event_name":"Addict","floor":21,"gold_loss":85},{"damage_healed":0,"gold_gain":0,"player_choice":"Simplicity","damage_taken":0,"max_hp_gain":0,"max_hp_loss":0,"event_name":"Back to Basics","floor":22,"gold_loss":0,"cards_upgraded":["Strike_B","Strike_B","Strike_B","Strike_B","Defend_B","Defend_B","Defend_B","Defend_B"]},{"damage_healed":0,"gold_gain":0,"player_choice":"Fought Bandits","damage_taken":0,"max_hp_gain":0,"max_hp_loss":0,"event_name":"Masked Bandits","floor":30,"gold_loss":0},{"damage_healed":0,"gold_gain":0,"player_choice":"Ignored","damage_taken":0,"max_hp_gain":0,"max_hp_loss":0,"event_name":"Mysterious Sphere","floor":41,"gold_loss":0},{"damage_healed":19,"gold_gain":0,"player_choice":"Writhe","damage_taken":0,"max_hp_gain":0,"max_hp_loss":0,"event_name":"Winding Halls","floor":47,"gold_loss":0,"cards_obtained":["Writhe"]}],"is_beta":false,"boss_relics":[{"not_picked":["Cursed Key","Sozu"],"picked":"FrozenCore"},{"not_picked":["Astrolabe","Fusion Hammer"],"picked":"Black Star"}],"items_purged_floors":[],"is_endless":false,"potions_floor_spawned":[1,3,12,13,23,24,28,30,35,38,45,46,48],"killed_by":"Time Eater","ascension_level":0}