{"gold_per_floor":[119,194,194,344,354,387,403,438,438,438,458,30,19,33,33,107,107,117,128,42,54,72,72,102,118,118,118,18,18,18,18,18,92,92,102,202,202,215,232,232,261,261,261,0,28,28,39,39,39,39,39,39,39,39,69,69],"floor_reached":57,"playtime":2774,"items_purged":["Doubt","Normality","Regret"],"score":2805,"play_id":"9a4b28b0-41a4-4494-92c3-c6a34328b7dd","local_time":"20190310011719","is_ascension_mode":true,"campfire_choices":[{"floor":10.0,"key":"REST"},{"data":"Armaments","floor":15.0,"key":"SMITH"},{"data":"Corruption","floor":23.0,"key":"SMITH"},{"floor":27.0,"key":"REST"},{"data":"Barricade","floor":30.0,"key":"SMITH"},{"data":"Body Slam","floor":32.0,"key":"SMITH"},{"data":"True Grit","floor":40.0,"key":"SMITH"},{"floor":49.0,"key":"RECALL"},{"floor":53,"key":"REST"}],"neow_cost":"NONE","seed_source_timestamp":51595254991000,"circlet_count":0,"master_deck":["AscendersBane","Strike_R","Defend_R+1","Defend_R+1","Defend_R","Defend_R","Bash","True Grit+1","Flex","Shockwave","Barricade+1","Armaments+1","Sentinel","Corruption+1","Havoc+1","Body Slam+1","Limit Break","Double Tap+1","Fiend Fire+1","Seeing Red+1","True Grit+1","Wild Strike","Burning Pact+1","Shockwave","Havoc+1","Seeing Red+1"],"special_seed":0,"relics":["Burning Blood","NeowsBlessing","Lantern","Dead Branch","Mummified Hand","Cursed Key","Self Forming Clay","Paper Frog","Astrolabe","Girya","Orichalcum","Turnip","Gambling Chip","War Paint"],"potions_floor_usage":[51],"damage_taken":[{"damage":0.0,"enemies":"Jaw Worm","floor":1.0,"turns":1.0},{"damage":0.0,"enemies":"Small Slimes","floor":5.0,"turns":1.0},{"damage":0.0,"enemies":"3 Sentries","floor":6.0,"turns":2.0},{"damage":5.0,"enemies":"2 Louse","floor":7.0,"turns":4.0},{"damage":54.0,"enemies":"Lagavulin","floor":8.0,"turns":10.0},{"damage":8.0,"enemies":"Blue Slaver","floor":11.0,"turns":6.0},{"damage":7.0,"enemies":"Exordium Thugs","floor":13.0,"turns":4.0},{"damage":16.0,"enemies":"Exordium Wildlife","floor":14.0,"turns":6.0},{"damage":15.0,"enemies":"The Guardian","floor":16.0,"turns":17.0},{"damage":14.0,"enemies":"3 Byrds","floor":18.0,"turns":6.0},{"damage":6.0,"enemies":"Chosen","floor":19.0,"turns":6.0},{"damage":16.0,"enemies":"Snake Plant","floor":21.0,"turns":3.0},{"damage":0.0,"enemies":"3 Cultists","floor":22.0,"turns":6.0},{"damage":37.0,"enemies":"Slavers","floor":24.0,"turns":5.0},{"damage":13.0,"enemies":"Shelled Parasite and Fungi","floor":25.0,"turns":4.0},{"damage":18.0,"enemies":"Champ","floor":33.0,"turns":5.0},{"damage":0.0,"enemies":"3 Darklings","floor":35.0,"turns":2.0},{"damage":0.0,"enemies":"Mind Bloom Boss Battle","floor":36.0,"turns":3.0},{"damage":6.0,"enemies":"Orb Walker","floor":38.0,"turns":3.0},{"damage":7.0,"enemies":"4 Shapes","floor":39.0,"turns":4.0},{"damage":67.0,"enemies":"Reptomancer","floor":41.0,"turns":4.0},{"damage":6.0,"enemies":"Giant Head","floor":45.0,"turns":3.0},{"damage":0.0,"enemies":"Writhing Mass","floor":47.0,"turns":1.0},{"damage":35.0,"enemies":"Awakened One","floor":50.0,"turns":5.0},{"damage":40,"enemies":"Time Eater","floor":51,"turns":6},{"damage":33,"enemies":"Shield and Spear","floor":55,"turns":4},{"damage":39,"enemies":"The Heart","floor":56,"turns":7}],"seed_played":"5051186115269232043","potions_obtained":[{"floor":6.0,"key":"PowerPotion"},{"floor":7.0,"key":"GamblersBrew"},{"floor":13.0,"key":"Block Potion"},{"floor":21.0,"key":"Regen Potion"},{"floor":22.0,"key":"Strength Potion"},{"floor":25.0,"key":"Ancient Potion"},{"floor":46.0,"key":"SmokeBomb"},{"floor":55,"key":"AttackPotion"}],"is_trial":false,"path_per_floor":["M","?","?","?","M","E","M","E","T","R","M","$","M","M","R","B",null,"M","M","$","M","M","R","E","M","T","R","$","?","R","$","R","B",null,"M","?","?","M","M","R","E","?","T","$","E","?","M","?","R","B","B",null,"R","$","E","B",null],"character_chosen":"IRONCLAD","items_purchased":["Mummified Hand","Barricade","Corruption","PowerPotion","Shockwave"],"campfire_rested":3,"item_purchase_floors":[12,12,20,44,44],"current_hp_per_floor":[74,63,56,56,62,68,69,21,21,43,41,41,40,30,30,21,62,54,54,54,44,65,65,34,27,27,49,49,85,85,85,85,73,82,85,85,85,85,84,84,23,70,70,70,70,70,70,70,70,41,7,54,70,70,43,10],"gold":69,"neow_bonus":"THREE_ENEMY_KILL","is_prod":false,"is_daily":false,"chose_seed":false,"campfire_upgraded":5,"win_rate":0,"timestamp":1552148239,"path_taken":["M","?","?","?","M","E","M","E","T","R","M","?","M","?","R","BOSS","M","M","$","M","M","R","E","M","T","R","$","?","R","?","R","BOSS","M","?","?","M","?","R","E","?","T","$","E","?","?","?","R","BOSS","BOSS","R","$","E","BOSS"],"build_version":"2019-01-23","purchased_purges":3,"victory":true,"max_hp_per_floor":[75,75,75,75,75,75,75,75,75,75,75,75,75,75,75,75,75,75,75,75,75,75,75,75,75,75,75,75,85,85,85,85,85,85,85,85,85,85,85,85,85,70,70,70,70,70,70,70,70,70,70,70,70,70,70,70],"card_choices":[{"not_picked":["Heavy Blade","Burning Pact","True Grit"],"picked":"SKIP","floor":1.0},{"not_picked":["Cleave","Searing Blow"],"picked":"True Grit","floor":5.0},{"not_picked":["Rage","Cleave","Shrug It Off"],"picked":"SKIP","floor":6.0},{"not_picked":["Rage","Cleave","Shrug It Off"],"picked":"SKIP","floor":6.0},{"not_picked":["Entrench","Intimidate"],"picked":"Flex","floor":7.0},{"not_picked":["Perfected Strike","Pommel Strike"],"picked":"Shockwave","floor":8.0},{"not_picked":["Clothesline","Hemokinesis","Body Slam"],"picked":"SKIP","floor":11.0},{"not_picked":["Perfected Strike","Bludgeon","Shockwave"],"picked":"SKIP","floor":13.0},{"not_picked":["Pommel Strike","Thunderclap"],"picked":"Armaments","floor":14.0},{"not_picked":["Berserk","Dark Embrace"],"picked":"Brutality","floor":16.0},{"not_picked":["Flex+1","Armaments","Burning Pact"],"picked":"SKIP","floor":18.0},{"not_picked":["Metallicize","Pummel"],"picked":"Sentinel","floor":19.0},{"not_picked":["Perfected Strike","Clash","Headbutt"],"picked":"SKIP","floor":21.0},{"not_picked":["Thunderclap","Sever Soul"],"picked":"Havoc+1","floor":22.0},{"not_picked":["Spot Weakness","Intimidate"],"picked":"Body Slam","floor":24.0},{"not_picked":["Pummel","Iron Wave","Perfected Strike"],"picked":"SKIP","floor":25.0},{"not_picked":["Immolate","Bludgeon"],"picked":"Limit Break","floor":33.0},{"not_picked":["Havoc","True Grit","Perfected Strike"],"picked":"SKIP","floor":35.0},{"not_picked":["Flex","Sever Soul+1"],"picked":"True Grit+1","floor":36.0},{"not_picked":["Rage","Berserk","Rupture"],"picked":"SKIP","floor":38.0},{"not_picked":["Headbutt","Shrug It Off"],"picked":"Burning Pact+1","floor":39.0},{"not_picked":["Iron Wave+1","Thunderclap","Burning Pact"],"picked":"SKIP","floor":41.0},{"not_picked":["Berserk","Spot Weakness","Anger"],"picked":"SKIP","floor":45.0},{"not_picked":["Twin Strike","Anger"],"picked":"Havoc+1","floor":47.0},{"not_picked":["Clothesline","Body Slam+1"],"picked":"Seeing Red+1","floor":55}],"player_experience":2124335,"relics_obtained":[{"floor":6.0,"key":"Lantern"},{"floor":8.0,"key":"Dead Branch"},{"floor":24.0,"key":"Self Forming Clay"},{"floor":26.0,"key":"Paper Frog"},{"floor":36.0,"key":"Girya"},{"floor":41.0,"key":"Orichalcum"},{"floor":43.0,"key":"Turnip"},{"floor":45.0,"key":"Gambling Chip"},{"floor":55,"key":"War Paint"}],"event_choices":[{"damage_healed":0.0,"max_hp_gain":0.0,"max_hp_loss":0.0,"gold_gain":75.0,"event_name":"World of Goop","player_choice":"Gather Gold","floor":2.0,"gold_loss":0.0,"damage_taken":11.0},{"cards_removed":["Strike_R"],"damage_healed":0.0,"max_hp_gain":0.0,"max_hp_loss":0.0,"gold_gain":0.0,"event_name":"Golden Wing","player_choice":"Card Removal","floor":3.0,"gold_loss":0.0,"damage_taken":7.0},{"damage_healed":0.0,"max_hp_gain":0.0,"max_hp_loss":0.0,"gold_gain":150.0,"event_name":"Liars Game","player_choice":"AGREE","floor":4.0,"gold_loss":0.0,"damage_taken":0.0,"cards_obtained":["Doubt"]},{"cards_removed":["Brutality"],"damage_healed":26.0,"max_hp_gain":10.0,"max_hp_loss":0.0,"gold_gain":0.0,"event_name":"Bonfire Elementals","player_choice":"Offered Rare","floor":29.0,"gold_loss":0.0,"damage_taken":0.0},{"damage_healed":0.0,"max_hp_gain":0.0,"max_hp_loss":0.0,"gold_gain":0.0,"event_name":"MindBloom","player_choice":"Fight","floor":36.0,"gold_loss":0.0,"damage_taken":0.0},{"damage_healed":0.0,"max_hp_gain":0.0,"max_hp_loss":0.0,"gold_gain":0.0,"event_name":"Match and Keep!","player_choice":"1 cards matched","floor":37.0,"gold_loss":0.0,"damage_taken":0.0,"cards_obtained":["Wild Strike"]},{"damage_healed":70.0,"max_hp_gain":0.0,"max_hp_loss":15.0,"gold_gain":0.0,"event_name":"The Moai Head","player_choice":"Heal","floor":42.0,"gold_loss":0.0,"damage_taken":0.0},{"damage_healed":0.0,"max_hp_gain":0.0,"max_hp_loss":0.0,"gold_gain":0.0,"event_name":"Lab","player_choice":"Got Potions","floor":46.0,"gold_loss":0.0,"damage_taken":0.0},{"damage_healed":0.0,"max_hp_gain":0.0,"max_hp_loss":0.0,"gold_gain":0.0,"event_name":"SecretPortal","player_choice":"Ignored","floor":48.0,"gold_loss":0.0,"damage_taken":0.0}],"is_beta":false,"boss_relics":[{"not_picked":["Ectoplasm","Tiny House"],"picked":"Cursed Key"},{"not_picked":["Lizard Tail","Busted Crown"],"picked":"Astrolabe"}],"items_purged_floors":[12,28,44],"is_endless":false,"potions_floor_spawned":[6,7,13,21,22,25,38,39,47,55],"ascension_level":20}