{"gold_per_floor":[119,119,119,138,8,8,8,8,8,8,33,33,46,46,64,64,168,168,182,182,197,48,60,60,93,93,167,167,167,187,43,43,43,43,43],"floor_reached":35,"playtime":1850,"items_purged":[],"score":400,"play_id":"a69084ea-ac24-4884-b7e1-80a410c32a75","local_time":"20190414224934","is_ascension_mode":true,"campfire_choices":[{"data":"Finesse","floor":6,"key":"SMITH"},{"data":"Shrug It Off","floor":8,"key":"SMITH"},{"data":"Evolve","floor":12,"key":"SMITH"},{"data":"Iron Wave","floor":16,"key":"SMITH"},{"data":"Corruption","floor":24,"key":"SMITH"},{"data":"Battle Trance","floor":29,"key":"SMITH"},{"data":"Havoc","floor":32,"key":"SMITH"},{"data":"Pommel Strike","floor":34,"key":"SMITH"}],"neow_cost":"NONE","seed_source_timestamp":211811087335200,"circlet_count":0,"master_deck":["Iron Wave+1","Battle Trance+1","Corruption+1","Juggernaut+1","Reaper","Ghostly Armor","Shrug It Off+1","True Grit+1","Ghostly Armor+1","Havoc+1","Finesse+1","Evolve+1","Perfected Strike","Perfected Strike","Perfected Strike","Pommel Strike","Finesse+1","Pommel Strike+1","Flex","Anger","Havoc+1"],"relics":["Astrolabe","Mummified Hand","Smiling Mask","Pandora\u0027s Box","Lantern","Orichalcum","Sundial","Bag of Preparation"],"potions_floor_usage":[26,35],"damage_taken":[{"damage":1,"enemies":"Small Slimes","floor":1,"turns":4},{"damage":0,"enemies":"Jaw Worm","floor":4,"turns":5},{"damage":0,"enemies":"Lagavulin","floor":11,"turns":6},{"damage":0,"enemies":"Cultist","floor":13,"turns":3},{"damage":0,"enemies":"3 Louse","floor":15,"turns":3},{"damage":8,"enemies":"Hexaghost","floor":17,"turns":8},{"damage":5,"enemies":"Spheric Guardian","floor":19,"turns":4},{"damage":0,"enemies":"Chosen","floor":21,"turns":4},{"damage":2,"enemies":"3 Cultists","floor":23,"turns":5},{"damage":23,"enemies":"Slavers","floor":25,"turns":4},{"damage":12,"enemies":"Colosseum Slavers","floor":26,"turns":4},{"damage":18,"enemies":"Snake Plant","floor":30,"turns":3},{"damage":53,"enemies":"Collector","floor":35,"turns":12}],"seed_played":"4682221014062038097","potions_obtained":[{"floor":11,"key":"Ancient Potion"},{"floor":13,"key":"SkillPotion"},{"floor":17,"key":"Explosive Potion"},{"floor":23,"key":"Block Potion"}],"is_trial":false,"path_per_floor":["M","?","?","M","$","R","?","R","T","T","E","R","M","$","M","R","B",null,"M","?","M","$","M","R","E","?","T","T","R","M","$","R","$","R","B"],"character_chosen":"IRONCLAD","items_purchased":["Finesse","Evolve","Lantern","Bag of Preparation"],"campfire_rested":0,"item_purchase_floors":[5,5,22,31],"current_hp_per_floor":[77,77,77,80,80,80,80,80,80,80,80,80,80,80,80,80,72,78,73,73,73,73,71,71,66,58,58,58,58,40,40,40,40,40,0],"gold":43,"neow_bonus":"BOSS_RELIC","is_prod":false,"is_daily":false,"chose_seed":false,"campfire_upgraded":8,"win_rate":0,"timestamp":1555249774,"path_taken":["M","?","?","M","?","R","?","R","T","E","R","?","$","M","R","BOSS","M","?","?","?","M","R","E","?","T","R","M","$","R","$","R","BOSS"],"build_version":"2019-01-23","purchased_purges":0,"victory":false,"max_hp_per_floor":[80,80,80,80,80,80,80,80,80,80,80,80,80,80,80,80,80,80,80,80,80,80,80,80,80,80,80,80,80,80,80,80,80,80,80],"card_choices":[{"not_picked":["Shrug It Off","Combust"],"picked":"Dropkick","floor":4},{"not_picked":["Armaments","Rampage"],"picked":"Perfected Strike","floor":11},{"not_picked":["Warcry","Body Slam"],"picked":"Perfected Strike","floor":13},{"not_picked":["Dual Wield","Sword Boomerang"],"picked":"Perfected Strike","floor":15},{"not_picked":["Clothesline+1","Shrug It Off"],"picked":"Pommel Strike","floor":19},{"not_picked":["Combust","Carnage"],"picked":"Pommel Strike","floor":21},{"not_picked":["Dual Wield+1","Ghostly Armor+1"],"picked":"Flex","floor":23},{"not_picked":["Dropkick","Flex+1"],"picked":"Anger","floor":25},{"not_picked":["Pommel Strike","Entrench"],"picked":"Havoc","floor":30}],"player_experience":3141683,"relics_obtained":[{"floor":9,"key":"Mummified Hand"},{"floor":11,"key":"Smiling Mask"},{"floor":25,"key":"Orichalcum"},{"floor":27,"key":"Sundial"}],"event_choices":[{"damage_healed":0,"gold_gain":0,"player_choice":"Ignored","damage_taken":0,"max_hp_gain":0,"max_hp_loss":0,"event_name":"Liars Game","floor":2,"gold_loss":0},{"damage_healed":0,"gold_gain":0,"player_choice":"Grow","damage_taken":0,"max_hp_gain":0,"max_hp_loss":0,"event_name":"Living Wall","floor":3,"gold_loss":0,"cards_upgraded":["Juggernaut"]},{"cards_removed":["Dropkick"],"damage_healed":0,"gold_gain":0,"player_choice":"Offered Uncommon","damage_taken":0,"max_hp_gain":0,"max_hp_loss":0,"event_name":"Bonfire Elementals","floor":7,"gold_loss":0},{"damage_healed":0,"gold_gain":0,"player_choice":"Copied","damage_taken":0,"max_hp_gain":0,"max_hp_loss":0,"event_name":"Duplicator","floor":20,"gold_loss":0,"cards_obtained":["Finesse"]},{"damage_healed":0,"gold_gain":0,"player_choice":"Fight","damage_taken":0,"max_hp_gain":0,"max_hp_loss":0,"event_name":"Colosseum","floor":26,"gold_loss":0},{"damage_healed":0,"gold_gain":0,"player_choice":"Fled From Nobs","damage_taken":0,"max_hp_gain":0,"max_hp_loss":0,"event_name":"Colosseum","floor":26,"gold_loss":0}],"is_beta":false,"boss_relics":[{"not_picked":["Runic Cube","Busted Crown"],"picked":"Pandora\u0027s Box"}],"items_purged_floors":[],"is_endless":false,"potions_floor_spawned":[11,13,17,23,25,26],"killed_by":"Collector","ascension_level":7}