{"gold_per_floor":[109,7,7,20,36,36,111,36,90,123,123,134,192,204,204,281,281,291,291,310,8,8,8,34,105,105,117,145,145,178,228,228,304,304,315,315,335,335,335,42,42,42,42,73,91,116,127,139,139,139,139,139,139,19,49,49],"floor_reached":56,"playtime":2772,"items_purged":["Pain","Strike_B","Streamline","Parasite"],"score":2067,"play_id":"f7dbb2d7-9a12-43cf-9808-2fd33ae5a96d","local_time":"20190309201304","is_ascension_mode":true,"campfire_choices":[{"data":"Zap","floor":6.0,"key":"SMITH"},{"data":"Defragment","floor":15.0,"key":"SMITH"},{"data":"Defragment","floor":23.0,"key":"SMITH"},{"data":"Consume","floor":29.0,"key":"SMITH"},{"data":"Dualcast","floor":32.0,"key":"SMITH"},{"data":"Loop","floor":42.0,"key":"SMITH"},{"floor":49.0,"key":"RECALL"},{"data":"Capacitor","floor":53.0,"key":"SMITH"}],"neow_cost":"NONE","seed_source_timestamp":33439143668500,"circlet_count":0,"master_deck":["AscendersBane","Zap+1","Dualcast+1","Chill+1","Coolheaded","Rip and Tear","Gash","Reinforced Body","Cold Snap","Glacier","Defragment+1","Cold Snap","Cold Snap","Defragment+1","Undo","Consume+1","Core Surge","Reboot","Loop+1","Gash","Aggregate","Gash","Gash+1","Capacitor+1","Biased Cognition","Turbo+1","Consume"],"special_seed":0,"relics":["Cracked Core","NeowsBlessing","WarpedTongs","Bag of Preparation","StoneCalendar","Tiny Chest","Runic Dome","PreservedInsect","WingedGreaves","Dodecahedron","Mango","Boot","Pocketwatch","Pandora\u0027s Box","The Courier","Turnip","Lantern","Pear"],"potions_floor_usage":[56,56],"damage_taken":[{"damage":0.0,"enemies":"Jaw Worm","floor":1.0,"turns":1.0},{"damage":0.0,"enemies":"Cultist","floor":4.0,"turns":1.0},{"damage":0.0,"enemies":"Small Slimes","floor":5.0,"turns":1.0},{"damage":9.0,"enemies":"Gremlin Nob","floor":10.0,"turns":3.0},{"damage":0.0,"enemies":"2 Fungi Beasts","floor":12.0,"turns":3.0},{"damage":4.0,"enemies":"3 Sentries","floor":13.0,"turns":7.0},{"damage":1.0,"enemies":"Exordium Thugs","floor":14.0,"turns":4.0},{"damage":23.0,"enemies":"Hexaghost","floor":16.0,"turns":10.0},{"damage":0.0,"enemies":"Spheric Guardian","floor":18.0,"turns":4.0},{"damage":15.0,"enemies":"Chosen","floor":20.0,"turns":6.0},{"damage":0.0,"enemies":"Book of Stabbing","floor":24.0,"turns":7.0},{"damage":0.0,"enemies":"Centurion and Healer","floor":27.0,"turns":8.0},{"damage":1.0,"enemies":"Slavers","floor":28.0,"turns":7.0},{"damage":0.0,"enemies":"Book of Stabbing","floor":30.0,"turns":5.0},{"damage":16.0,"enemies":"Automaton","floor":33.0,"turns":16.0},{"damage":0.0,"enemies":"Orb Walker","floor":35.0,"turns":3.0},{"damage":0.0,"enemies":"3 Shapes","floor":37.0,"turns":6.0},{"damage":23.0,"enemies":"Reptomancer","floor":44.0,"turns":7.0},{"damage":0.0,"enemies":"Sphere and 2 Shapes","floor":45.0,"turns":7.0},{"damage":1.0,"enemies":"Giant Head","floor":46.0,"turns":9.0},{"damage":0.0,"enemies":"Transient","floor":47.0,"turns":6.0},{"damage":6.0,"enemies":"Writhing Mass","floor":48.0,"turns":7.0},{"damage":8.0,"enemies":"Awakened One","floor":50.0,"turns":17.0},{"damage":26.0,"enemies":"Time Eater","floor":51.0,"turns":19.0},{"damage":37.0,"enemies":"Shield and Spear","floor":55.0,"turns":8.0},{"damage":20,"enemies":"The Heart","floor":56,"turns":15}],"seed_played":"5085794445022484191","potions_obtained":[{"floor":10.0,"key":"LiquidBronze"},{"floor":13.0,"key":"SkillPotion"},{"floor":16.0,"key":"SpeedPotion"},{"floor":18.0,"key":"Regen Potion"},{"floor":20.0,"key":"Explosive Potion"},{"floor":28.0,"key":"Poison Potion"},{"floor":33.0,"key":"Ancient Potion"},{"floor":37.0,"key":"GamblersBrew"},{"floor":48.0,"key":"Fruit Juice"},{"floor":55.0,"key":"SneckoOil"}],"is_trial":false,"path_per_floor":["M","$","?","M","M","R","?","$","T","E","?","M","E","M","R","B",null,"M","?","M","$","?","R","E","T","T","M","E","R","E","?","R","B",null,"M","?","M","?","T","$","?","R","T","E","M","E","M","M","R","B","B",null,"R","$","E","B"],"character_chosen":"DEFECT","items_purchased":["Coolheaded","Rip and Tear","Defragment","PreservedInsect","Capacitor","Biased Cognition"],"campfire_rested":0,"item_purchase_floors":[2,2,21,21,40,40],"current_hp_per_floor":[64,64,64,64,64,64,53,53,53,44,44,44,40,39,39,16,57,57,57,56,56,56,56,56,56,70,70,69,69,69,69,69,53,77,77,77,77,77,77,77,77,77,77,54,54,53,53,52,52,44,18,72,72,72,45,25],"gold":49,"neow_bonus":"THREE_ENEMY_KILL","is_prod":false,"is_daily":false,"chose_seed":false,"campfire_upgraded":7,"win_rate":0,"timestamp":1552129984,"path_taken":["M","$","?","M","?","R","?","?","T","E","?","M","E","M","R","BOSS","M","?","M","?","?","R","E","?","T","?","E","R","E","?","R","BOSS","M","?","M","?","?","$","?","R","T","E","M","E","?","M","R","BOSS","BOSS","R","$","E","BOSS"],"build_version":"2019-01-23","purchased_purges":4,"victory":false,"max_hp_per_floor":[71,71,71,71,71,71,71,71,71,71,71,71,71,71,71,71,71,71,71,71,71,71,71,71,71,85,85,85,85,85,85,85,85,85,85,85,85,85,85,85,85,85,85,85,85,85,85,90,90,90,90,90,90,87,97,97],"card_choices":[{"not_picked":["Gash","Rebound"],"picked":"Chill","floor":1.0},{"not_picked":["Lockon","Compile Driver"],"picked":"Gash","floor":4.0},{"not_picked":["Force Field","Go for the Eyes","Ball Lightning"],"picked":"SKIP","floor":5.0},{"not_picked":["Ball Lightning","Reprogram"],"picked":"Reinforced Body","floor":10.0},{"not_picked":["Doom and Gloom","Ball Lightning"],"picked":"Glacier","floor":12.0},{"not_picked":["Doom and Gloom","FTL"],"picked":"Defragment","floor":13.0},{"not_picked":["Turbo","Reinforced Body"],"picked":"Cold Snap","floor":14.0},{"not_picked":["Leap","Rebound","Steam"],"picked":"SKIP","floor":18.0},{"not_picked":["Turbo","Steam Power"],"picked":"Cold Snap","floor":20.0},{"not_picked":["Hologram","Meteor Strike"],"picked":"Undo","floor":24.0},{"not_picked":["Beam Cell","Steam+1","Go for the Eyes"],"picked":"SKIP","floor":27.0},{"not_picked":["Beam Cell","Streamline"],"picked":"Consume","floor":28.0},{"not_picked":["Barrage","Compile Driver+1","Turbo"],"picked":"SKIP","floor":30.0},{"not_picked":["Meteor Strike","Multi-Cast"],"picked":"Core Surge","floor":33.0},{"not_picked":["Steam","Conserve Battery","Go for the Eyes"],"picked":"SKIP","floor":35.0},{"not_picked":["Stack","Cold Snap"],"picked":"Gash+1","floor":37.0},{"not_picked":["Conserve Battery","Meteor Strike","Barrage"],"picked":"SKIP","floor":44.0},{"not_picked":["Hello World","Ball Lightning"],"picked":"Turbo+1","floor":45.0},{"not_picked":["Aggregate+1","Auto Shields","Genetic Algorithm+1"],"picked":"SKIP","floor":46.0},{"not_picked":["Compile Driver","Reinforced Body","Steam Power"],"picked":"SKIP","floor":47.0},{"not_picked":["Compile Driver+1","Steam+1"],"picked":"Consume","floor":48.0},{"not_picked":["Reprogram","Compile Driver","Stack"],"picked":"SKIP","floor":55.0}],"player_experience":2106732,"relics_obtained":[{"floor":9.0,"key":"Bag of Preparation"},{"floor":10.0,"key":"StoneCalendar"},{"floor":13.0,"key":"Tiny Chest"},{"floor":24.0,"key":"WingedGreaves"},{"floor":25.0,"key":"Dodecahedron"},{"floor":26.0,"key":"Mango"},{"floor":28.0,"key":"Boot"},{"floor":30.0,"key":"Pocketwatch"},{"floor":39.0,"key":"The Courier"},{"floor":44.0,"key":"Turnip"},{"floor":46.0,"key":"Lantern"},{"floor":55.0,"key":"Pear"}],"event_choices":[{"damage_healed":0.0,"max_hp_gain":0.0,"max_hp_loss":0.0,"gold_gain":0.0,"event_name":"Accursed Blacksmith","player_choice":"Rummage","floor":3.0,"gold_loss":0.0,"damage_taken":0.0,"relics_obtained":["WarpedTongs"],"cards_obtained":["Pain"]},{"damage_healed":0.0,"max_hp_gain":0.0,"max_hp_loss":0.0,"gold_gain":75.0,"event_name":"World of Goop","player_choice":"Gather Gold","floor":7.0,"gold_loss":0.0,"damage_taken":11.0},{"damage_healed":0.0,"max_hp_gain":0.0,"max_hp_loss":0.0,"gold_gain":0.0,"cards_transformed":["Strike_B"],"event_name":"Living Wall","player_choice":"Change","floor":11.0,"gold_loss":0.0,"damage_taken":0.0,"cards_obtained":["Cold Snap"]},{"damage_healed":0.0,"max_hp_gain":0.0,"max_hp_loss":0.0,"gold_gain":0.0,"event_name":"Upgrade Shrine","player_choice":"Upgraded","floor":19.0,"gold_loss":0.0,"damage_taken":0.0,"cards_upgraded":["Chill"]},{"damage_healed":0.0,"max_hp_gain":0.0,"max_hp_loss":0.0,"gold_gain":0.0,"event_name":"Vampires","player_choice":"Ignored","floor":22.0,"gold_loss":0.0,"damage_taken":0.0},{"damage_healed":0.0,"max_hp_gain":0.0,"max_hp_loss":0.0,"gold_gain":50.0,"event_name":"Nest","player_choice":"Stole From Cult","floor":31.0,"gold_loss":0.0,"damage_taken":0.0},{"damage_healed":0.0,"max_hp_gain":0.0,"max_hp_loss":0.0,"gold_gain":0.0,"event_name":"Mysterious Sphere","player_choice":"Ignored","floor":36.0,"gold_loss":0.0,"damage_taken":0.0},{"damage_healed":0.0,"max_hp_gain":0.0,"max_hp_loss":0.0,"gold_gain":0.0,"event_name":"Tomb of Lord Red Mask","player_choice":"Ignored","floor":38.0,"gold_loss":0.0,"damage_taken":0.0},{"damage_healed":0.0,"max_hp_gain":0.0,"max_hp_loss":0.0,"gold_gain":0.0,"event_name":"SecretPortal","player_choice":"Ignored","floor":41.0,"gold_loss":0.0,"damage_taken":0.0}],"is_beta":false,"boss_relics":[{"not_picked":["Sozu","Astrolabe"],"picked":"Runic Dome"},{"not_picked":["Fusion Hammer","Runic Pyramid"],"picked":"Pandora\u0027s Box"}],"items_purged_floors":[8,21,40,54],"is_endless":false,"potions_floor_spawned":[10,13,14,16,18,20,28,33,37,44,45,48,55],"killed_by":"The Heart","ascension_level":20}