{"gold_per_floor":[12,91,191,206,225,259,259,293,345,345,375,387,412,422,422,519,549,567,567,567,567,583,583,593,593,669,686,696,708,708],"floor_reached":30,"playtime":1401,"items_purged":[],"score":415,"play_id":"faf8e043-d0ac-4291-b79e-406b992db6b5","local_time":"20180707200618","is_ascension_mode":true,"campfire_choices":[{"floor":7,"key":"REST"},{"floor":10,"key":"REST"},{"floor":15,"key":"REST"},{"floor":23,"key":"REST"},{"floor":25,"key":"REST"}],"neow_cost":"NO_GOLD","seed_source_timestamp":170395271018890,"circlet_count":0,"master_deck":["Strike_R+1","Strike_R+1","Strike_R+1","Strike_R","Defend_R","Defend_R","Defend_R","Defend_R","Bash","Feed","Spot Weakness","Clash","Inflame","Anger"],"relics":["Burning Blood","Dodecahedron","Bag of Marbles","Whetstone","Bottled Flame","Tiny House","Pantograph"],"potions_floor_usage":[5,6,14,14,24,24,24,27,29,30],"damage_taken":[{"damage":6,"enemies":"2 Louse","floor":1,"turns":3},{"damage":1,"enemies":"Cultist","floor":4,"turns":3},{"damage":6,"enemies":"Jaw Worm","floor":5,"turns":4},{"damage":40,"enemies":"Gremlin Nob","floor":6,"turns":5},{"damage":41,"enemies":"3 Sentries","floor":8,"turns":12},{"damage":11,"enemies":"Looter","floor":12,"turns":2},{"damage":32,"enemies":"Gremlin Nob","floor":13,"turns":4},{"damage":17,"enemies":"Exordium Thugs","floor":14,"turns":4},{"damage":76,"enemies":"The Guardian","floor":16,"turns":12},{"damage":14,"enemies":"Chosen","floor":18,"turns":4},{"damage":45,"enemies":"Shell Parasite","floor":22,"turns":6},{"damage":19,"enemies":"Cultist and Chosen","floor":24,"turns":4},{"damage":44,"enemies":"3 Cultists","floor":27,"turns":6},{"damage":33,"enemies":"Snake Plant","floor":28,"turns":3},{"damage":41,"enemies":"Snecko","floor":29,"turns":6},{"damage":20,"enemies":"Centurion and Healer","floor":30,"turns":2}],"seed_played":"2407727461733457003","potions_obtained":[{"floor":1,"key":"SkillPotion"},{"floor":4,"key":"SteroidPotion"},{"floor":12,"key":"BloodPotion"},{"floor":13,"key":"Regen Potion"},{"floor":16,"key":"LiquidBronze"},{"floor":17,"key":"Fire Potion"},{"floor":22,"key":"AttackPotion"},{"floor":24,"key":"Energy Potion"},{"floor":27,"key":"BloodPotion"},{"floor":29,"key":"Block Potion"}],"is_trial":false,"path_per_floor":["M","?","?","M","M","E","R","E","T","R","?","M","E","M","R","B",null,"M","$","?","?","M","R","M","R","T","M","M","M"],"character_chosen":"IRONCLAD","items_purchased":[],"campfire_rested":5,"item_purchase_floors":[],"current_hp_per_floor":[75,75,75,83,86,55,82,50,50,78,78,76,50,60,89,19,83,75,75,75,75,39,70,60,92,92,57,33,9,0],"gold":708,"neow_bonus":"THREE_RARE_CARDS","is_prod":false,"is_daily":false,"chose_seed":false,"campfire_upgraded":0,"win_rate":0,"timestamp":1530983178,"path_taken":["M","?","?","M","M","E","R","E","T","R","?","M","E","M","R","BOSS","M","$","?","?","M","R","M","R","T","M","?","M","M"],"build_version":"2018-07-05","purchased_purges":0,"victory":false,"max_hp_per_floor":[83,83,83,86,89,92,92,95,95,95,95,98,98,98,98,98,103,103,103,103,103,106,106,109,109,109,112,115,115,115],"card_choices":[{"not_picked":["Demon Form","Offering"],"picked":"Feed","floor":0},{"not_picked":["Second Wind","Shrug It Off","Evolve"],"picked":"SKIP","floor":1},{"not_picked":["Heavy Blade","Pommel Strike","Thunderclap"],"picked":"SKIP","floor":4},{"not_picked":["Seeing Red","Rupture","Rampage"],"picked":"SKIP","floor":5},{"not_picked":["Rampage","Reckless Charge","Uppercut"],"picked":"SKIP","floor":6},{"not_picked":["Twin Strike","Rupture"],"picked":"Spot Weakness","floor":8},{"not_picked":["Reckless Charge","Hemokinesis","Anger"],"picked":"SKIP","floor":12},{"not_picked":["Iron Wave","Juggernaut"],"picked":"Clash","floor":13},{"not_picked":["Thunderclap","Heavy Blade","Dropkick"],"picked":"SKIP","floor":14},{"not_picked":["Sword Boomerang+1","Cleave","Dropkick"],"picked":"SKIP","floor":18},{"not_picked":["Hemokinesis","Wild Strike+1"],"picked":"Inflame","floor":22},{"not_picked":["Body Slam","Evolve","Reckless Charge"],"picked":"SKIP","floor":24},{"not_picked":["Spot Weakness","Pummel"],"picked":"Anger","floor":27},{"not_picked":["Second Wind+1","Fire Breathing","Clothesline"],"picked":"SKIP","floor":28},{"not_picked":["Pommel Strike","Uppercut","Ghostly Armor"],"picked":"SKIP","floor":29}],"player_experience":549676,"relics_obtained":[{"floor":6,"key":"Dodecahedron"},{"floor":8,"key":"Bag of Marbles"},{"floor":9,"key":"Whetstone"},{"floor":13,"key":"Bottled Flame"},{"floor":26,"key":"Pantograph"}],"event_choices":[{"event_name":"Golden Wing","player_choice":"Gained Gold","floor":2,"damage_taken":0},{"event_name":"Wheel of Change","player_choice":"Gold","floor":3,"damage_taken":0},{"event_name":"Dead Adventurer","player_choice":"Searched \u00272\u0027 times","floor":11,"damage_taken":0},{"event_name":"Purifier","player_choice":"One Purge","floor":20,"damage_taken":0},{"event_name":"Vampires","player_choice":"Ignored","floor":21,"damage_taken":0}],"boss_relics":[{"not_picked":["Black Blood","Runic Dome"],"picked":"Tiny House"}],"items_purged_floors":[],"is_endless":false,"potions_floor_spawned":[1,4,12,13,16,22,24,27,29],"killed_by":"Centurion and Healer","ascension_level":9}