{"gold_per_floor":[210,65,78,98,117,117,17,17,17,17,37,54,69,87,87,186,186,199,199,209,3,3,3],"floor_reached":23,"playtime":1445,"items_purged":["Defend_R","Defend_R","Defend_R"],"score":235,"play_id":"442f8bb0-2c54-4fd2-99dd-dfa998d5bd9c","local_time":"20190326201338","is_ascension_mode":false,"campfire_choices":[{"data":"Whirlwind","floor":6.0,"key":"SMITH"},{"data":"Perfected Strike","floor":8.0,"key":"SMITH"},{"data":"Dual Wield","floor":15.0,"key":"SMITH"}],"neow_cost":"NONE","seed_source_timestamp":0,"circlet_count":0,"master_deck":["Strike_R","Strike_R","Strike_R","Strike_R","Strike_R","Defend_R","Bash","Body Slam","Whirlwind+1","Perfected Strike+1","Burning Pact","Shrug It Off","Spot Weakness","Wild Strike","Wild Strike","Spot Weakness","Seeing Red","Dual Wield+1","Double Tap","Metallicize","Feel No Pain","Perfected Strike+1","Dual Wield","Inflame"],"special_seed":0,"relics":["Burning Blood","Prayer Wheel","Runic Pyramid"],"potions_floor_usage":[23,23],"damage_taken":[{"damage":6.0,"enemies":"Jaw Worm","floor":1.0,"turns":3.0},{"damage":6.0,"enemies":"Cultist","floor":3.0,"turns":3.0},{"damage":8.0,"enemies":"Small Slimes","floor":4.0,"turns":3.0},{"damage":1.0,"enemies":"Exordium Wildlife","floor":5.0,"turns":3.0},{"damage":0.0,"enemies":"Large Slime","floor":11.0,"turns":3.0},{"damage":18.0,"enemies":"Lots of Slimes","floor":12.0,"turns":3.0},{"damage":12.0,"enemies":"2 Fungi Beasts","floor":13.0,"turns":2.0},{"damage":23.0,"enemies":"Exordium Thugs","floor":14.0,"turns":3.0},{"damage":0.0,"enemies":"Slime Boss","floor":16.0,"turns":7.0},{"damage":17.0,"enemies":"Shell Parasite","floor":18.0,"turns":3.0},{"damage":34.0,"enemies":"2 Thieves","floor":20.0,"turns":4.0},{"damage":72,"enemies":"Slavers","floor":23,"turns":5}],"seed_played":"-8861125369397145621","potions_obtained":[{"floor":1.0,"key":"Regen Potion"},{"floor":3.0,"key":"BloodPotion"},{"floor":13.0,"key":"FearPotion"}],"is_trial":false,"path_per_floor":["M","$","M","M","M","R","$","R","T","$","M","M","M","M","R","B",null,"M","?","M","$","?","E"],"character_chosen":"IRONCLAD","items_purchased":["Whirlwind","Inflame"],"campfire_rested":0,"item_purchase_floors":[2,21],"current_hp_per_floor":[80,80,80,78,80,80,80,80,80,80,80,68,62,45,45,51,80,69,80,52,52,37,0],"gold":3,"neow_bonus":"HUNDRED_GOLD","is_prod":false,"is_daily":false,"chose_seed":false,"campfire_upgraded":3,"win_rate":0,"timestamp":1553598818,"path_taken":["M","$","M","M","M","R","$","R","T","$","M","M","M","M","R","BOSS","M","?","M","$","?","E"],"build_version":"2019-01-23","purchased_purges":3,"victory":false,"max_hp_per_floor":[80,80,80,80,80,80,80,80,80,80,80,80,80,80,80,80,80,80,80,80,80,85,85],"card_choices":[{"not_picked":["Iron Wave","Havoc"],"picked":"Body Slam","floor":1.0},{"not_picked":["Headbutt","Armaments"],"picked":"Perfected Strike","floor":3.0},{"not_picked":["Evolve","Armaments"],"picked":"Entrench","floor":4.0},{"not_picked":["Havoc","Flex","Body Slam"],"picked":"SKIP","floor":5.0},{"not_picked":["Infernal Blade","Body Slam"],"picked":"Burning Pact","floor":11.0},{"not_picked":["Entrench","True Grit"],"picked":"Shrug It Off","floor":11.0},{"not_picked":["Clash","Uppercut"],"picked":"Spot Weakness","floor":12.0},{"not_picked":["Second Wind","Reaper"],"picked":"Wild Strike","floor":12.0},{"not_picked":["Shrug It Off","Dropkick"],"picked":"Wild Strike","floor":13.0},{"not_picked":["Flame Barrier","Battle Trance"],"picked":"Spot Weakness","floor":13.0},{"not_picked":["Body Slam","Iron Wave"],"picked":"Seeing Red","floor":14.0},{"not_picked":["Clash","Iron Wave"],"picked":"Dual Wield","floor":14.0},{"not_picked":["Bludgeon","Immolate"],"picked":"Double Tap","floor":16.0},{"not_picked":["True Grit","Sentinel"],"picked":"Metallicize","floor":18.0},{"not_picked":["Clash","Anger+1"],"picked":"Feel No Pain","floor":18.0},{"not_picked":["Sword Boomerang","Twin Strike+1"],"picked":"Perfected Strike+1","floor":20},{"not_picked":["Hemokinesis+1","Flex"],"picked":"Dual Wield","floor":20}],"player_experience":217093,"relics_obtained":[{"floor":9.0,"key":"Prayer Wheel"}],"event_choices":[{"cards_removed":["Entrench"],"damage_healed":11.0,"max_hp_gain":0.0,"max_hp_loss":0.0,"gold_gain":0.0,"event_name":"Bonfire Elementals","player_choice":"Offered Uncommon","floor":19.0,"gold_loss":0.0,"damage_taken":0.0},{"damage_healed":0,"gold_gain":0,"player_choice":"Shed Blood","damage_taken":20,"max_hp_gain":5,"max_hp_loss":0,"event_name":"Forgotten Altar","floor":22,"gold_loss":0}],"is_beta":false,"boss_relics":[{"not_picked":["Mark of Pain","Calling Bell"],"picked":"Runic Pyramid"}],"items_purged_floors":[2,7,21],"is_endless":false,"potions_floor_spawned":[1,3,13],"killed_by":"Slavers","ascension_level":0}