{"gold_per_floor":[109,109,129,149,149,149,179,144,171,201,126,126,136,136,136,210,210,224,242,255,101,101,101,101],"floor_reached":24,"playtime":887,"items_purged":["Strike_B"],"score":408,"play_id":"8ef05afb-6d26-4e1c-89bf-e792b623a08d","local_time":"20190303201354","is_ascension_mode":true,"campfire_choices":[{"data":"Tempest","floor":6,"key":"SMITH"},{"data":"Barrage","floor":12,"key":"SMITH"},{"data":"Creative AI","floor":15,"key":"SMITH"},{"floor":23,"key":"REST"}],"neow_cost":"NONE","seed_source_timestamp":158415433877900,"circlet_count":0,"master_deck":["AscendersBane","Zap","Dualcast","Tempest+1","Coolheaded","Melter","Barrage+1","Undo","Hologram","Creative AI+1","Electrodynamics","Hologram","Rainbow","Cold Snap","Multi-Cast","Rebound","Lockon","Self Repair","Cold Snap","Undo","Undo+1","Defragment","Sunder"],"relics":["Philosopher\u0027s Stone","NlothsMask","Art of War","Lantern","Pandora\u0027s Box"],"potions_floor_usage":[7,13,20,24],"damage_taken":[{"damage":3,"enemies":"Jaw Worm","floor":1,"turns":5},{"damage":2,"enemies":"Cultist","floor":3,"turns":4},{"damage":8,"enemies":"Small Slimes","floor":4,"turns":3},{"damage":19,"enemies":"3 Sentries","floor":7,"turns":6},{"damage":17,"enemies":"Lagavulin","floor":10,"turns":6},{"damage":2,"enemies":"Gremlin Gang","floor":13,"turns":4},{"damage":21,"enemies":"Slime Boss","floor":16,"turns":6},{"damage":0,"enemies":"3 Byrds","floor":18,"turns":1},{"damage":17,"enemies":"Shell Parasite","floor":19,"turns":5},{"damage":8,"enemies":"3 Cultists","floor":20,"turns":4},{"damage":3,"enemies":"Gremlin Leader","floor":24,"turns":2}],"seed_played":"-6319402166492687978","potions_obtained":[{"floor":1,"key":"FearPotion"},{"floor":4,"key":"Fire Potion"},{"floor":10,"key":"SkillPotion"},{"floor":16,"key":"Dexterity Potion"},{"floor":18,"key":"AttackPotion"}],"is_trial":false,"path_per_floor":["M","?","M","M","?","R","E","?","T","E","$","R","M","?","R","B",null,"M","M","M","$","?","R","E"],"character_chosen":"DEFECT","items_purchased":["Defragment","Sunder"],"campfire_rested":1,"item_purchase_floors":[21,21],"current_hp_per_floor":[61,61,59,51,56,56,37,56,56,39,39,39,37,37,37,16,61,61,51,43,43,21,45,42],"gold":101,"neow_bonus":"BOSS_RELIC","is_prod":false,"is_daily":false,"chose_seed":false,"campfire_upgraded":3,"win_rate":0,"timestamp":1551611634,"path_taken":["M","?","?","M","?","R","E","?","T","E","$","R","M","?","R","BOSS","M","?","M","$","?","R","E"],"build_version":"2019-01-23","purchased_purges":1,"victory":false,"max_hp_per_floor":[71,71,71,71,76,76,76,76,76,76,76,76,76,76,76,76,76,76,76,76,76,81,81,81],"card_choices":[{"not_picked":["Blizzard","Conserve Battery"],"picked":"Tempest","floor":1},{"not_picked":["Ball Lightning","Recycle"],"picked":"Coolheaded","floor":3},{"not_picked":["Redo","Aggregate"],"picked":"Melter","floor":4},{"not_picked":["Turbo","Amplify"],"picked":"Barrage","floor":7},{"not_picked":["Fusion","Rebound","Steam"],"picked":"SKIP","floor":10},{"not_picked":["Sweeping Beam","Stack"],"picked":"Undo","floor":13},{"not_picked":["Fission","Rainbow"],"picked":"Electrodynamics","floor":16},{"not_picked":["Stack","Self Repair"],"picked":"Cold Snap","floor":18},{"not_picked":["Barrage","Hologram"],"picked":"Undo","floor":19},{"not_picked":["Genetic Algorithm","Coolheaded"],"picked":"Undo+1","floor":20}],"player_experience":1974502,"relics_obtained":[{"floor":7,"key":"Art of War"},{"floor":10,"key":"Lantern"}],"event_choices":[{"damage_healed":0,"gold_gain":0,"player_choice":"Trade","damage_taken":0,"relics_obtained":["NlothsMask"],"max_hp_gain":0,"max_hp_loss":0,"event_name":"FaceTrader","floor":2,"gold_loss":0},{"damage_healed":0,"gold_gain":0,"player_choice":"Donut","damage_taken":0,"max_hp_gain":5,"max_hp_loss":0,"event_name":"Big Fish","floor":5,"gold_loss":0},{"damage_healed":19,"gold_gain":0,"player_choice":"Healed","damage_taken":0,"max_hp_gain":0,"max_hp_loss":0,"event_name":"The Cleric","floor":8,"gold_loss":35},{"damage_healed":0,"gold_gain":0,"player_choice":"2 cards matched","damage_taken":0,"max_hp_gain":0,"max_hp_loss":0,"event_name":"Match and Keep!","floor":14,"gold_loss":0,"cards_obtained":["Hologram","Creative AI"]},{"damage_healed":0,"gold_gain":0,"player_choice":"Shed Blood","damage_taken":27,"max_hp_gain":5,"max_hp_loss":0,"event_name":"Forgotten Altar","floor":22,"gold_loss":0}],"is_beta":false,"boss_relics":[{"not_picked":["Runic Pyramid","Calling Bell"],"picked":"Pandora\u0027s Box"}],"items_purged_floors":[11],"is_endless":false,"potions_floor_spawned":[1,4,10,16,18],"killed_by":"Gremlin Leader","ascension_level":20}