{"gold_per_floor":[110,110,110,124,199,226,54,83,83,103,103,138,138,88,88,162,162,174,174,186,204,88,88,88],"floor_reached":24,"playtime":805,"items_purged":["Strike_B","Strike_B"],"score":474,"play_id":"5940d2e5-a3c5-4ff9-a717-eddd0be1bb3e","local_time":"20190323212415","is_ascension_mode":true,"campfire_choices":[{"floor":11,"key":"REST"},{"floor":13,"key":"REST"},{"data":"Loop","floor":15,"key":"SMITH"},{"data":"Zap","floor":23,"key":"SMITH"}],"neow_cost":"NONE","seed_source_timestamp":2456174126680393,"circlet_count":0,"master_deck":["AscendersBane","Strike_B","Defend_B","Defend_B","Defend_B","Defend_B","Zap+1","Dualcast","Compile Driver","Doom and Gloom","Undo","Loop+1","Core Surge","Ball Lightning","Ghostly","Ghostly","Ghostly","Hologram","Cold Snap"],"relics":["Cracked Core","NeowsBlessing","Blue Candle","Orichalcum","Bronze Scales","The Courier","Smiling Mask","Black Star"],"potions_floor_usage":[12,12,21,24,24],"damage_taken":[{"damage":0,"enemies":"Small Slimes","floor":1,"turns":1},{"damage":0,"enemies":"Jaw Worm","floor":4,"turns":1},{"damage":0,"enemies":"Lagavulin","floor":6,"turns":1},{"damage":38,"enemies":"Gremlin Nob","floor":8,"turns":5},{"damage":0,"enemies":"Cultist","floor":10,"turns":3},{"damage":18,"enemies":"Lagavulin","floor":12,"turns":5},{"damage":25,"enemies":"Slime Boss","floor":16,"turns":6},{"damage":9,"enemies":"Spheric Guardian","floor":18,"turns":4},{"damage":12,"enemies":"Shell Parasite","floor":20,"turns":6},{"damage":7,"enemies":"Centurion and Healer","floor":21,"turns":7},{"damage":35,"enemies":"Book of Stabbing","floor":24,"turns":4}],"seed_played":"7856374139107029028","potions_obtained":[{"floor":4,"key":"SneckoOil"},{"floor":6,"key":"SpeedPotion"},{"floor":8,"key":"PowerPotion"},{"floor":18,"key":"FearPotion"},{"floor":20,"key":"Poison Potion"}],"is_trial":false,"path_per_floor":["M","?","?","M","?","E","$","E","T","M","R","E","R","$","R","B",null,"M","?","M","M","$","R","E"],"character_chosen":"DEFECT","items_purchased":["Orichalcum","Regen Potion"],"campfire_rested":2,"item_purchase_floors":[7,22],"current_hp_per_floor":[64,64,64,64,53,53,53,15,15,15,36,18,39,39,39,14,57,48,35,23,16,16,16,0],"gold":88,"neow_bonus":"THREE_ENEMY_KILL","is_prod":false,"is_daily":false,"chose_seed":false,"campfire_upgraded":2,"win_rate":0,"timestamp":1553347455,"path_taken":["M","?","?","?","?","E","?","E","T","M","R","E","R","$","R","BOSS","M","?","M","M","$","R","E"],"build_version":"2019-03-15","purchased_purges":2,"victory":false,"max_hp_per_floor":[71,71,71,71,71,71,71,71,71,71,71,71,71,71,71,71,71,71,35,35,35,35,35,35],"card_choices":[{"not_picked":["Redo","Double Energy"],"picked":"Compile Driver","floor":1},{"not_picked":["Go for the Eyes","Sunder"],"picked":"Doom and Gloom","floor":4},{"not_picked":["Rip and Tear","Heatsinks","Leap"],"picked":"SKIP","floor":6},{"not_picked":["Fusion","Chill"],"picked":"Undo","floor":8},{"not_picked":["Undo","Double Energy","Compile Driver"],"picked":"SKIP","floor":10},{"not_picked":["Lockon","Blizzard"],"picked":"Loop","floor":12},{"not_picked":["Machine Learning","Buffer"],"picked":"Core Surge","floor":16},{"not_picked":["Conserve Battery","Tempest"],"picked":"Ball Lightning","floor":18},{"not_picked":["Stack","Sweeping Beam"],"picked":"Hologram","floor":20},{"not_picked":["Leap","Streamline"],"picked":"Cold Snap","floor":21}],"player_experience":756896,"relics_obtained":[{"floor":6,"key":"Blue Candle"},{"floor":8,"key":"Bronze Scales"},{"floor":9,"key":"The Courier"},{"floor":12,"key":"Smiling Mask"}],"event_choices":[{"damage_healed":0,"gold_gain":0,"player_choice":"Ignored","damage_taken":0,"max_hp_gain":0,"max_hp_loss":0,"event_name":"Liars Game","floor":2,"gold_loss":0},{"cards_removed":["Strike_B"],"damage_healed":0,"gold_gain":0,"player_choice":"Purged","damage_taken":0,"max_hp_gain":0,"max_hp_loss":0,"event_name":"Purifier","floor":3,"gold_loss":0},{"damage_healed":0,"gold_gain":75,"player_choice":"Gather Gold","damage_taken":11,"max_hp_gain":0,"max_hp_loss":0,"event_name":"World of Goop","floor":5,"gold_loss":0},{"damage_healed":0,"gold_gain":0,"player_choice":"Became a Ghost","damage_taken":0,"max_hp_gain":0,"max_hp_loss":36,"event_name":"Ghosts","floor":19,"gold_loss":0,"cards_obtained":["Ghostly","Ghostly","Ghostly"]}],"is_beta":true,"boss_relics":[{"not_picked":["Empty Cage","Runic Dome"],"picked":"Black Star"}],"items_purged_floors":[14,22],"is_endless":false,"potions_floor_spawned":[4,6,8,18,20],"killed_by":"Book of Stabbing","ascension_level":20}