{"gold_per_floor":[117,130,130,149,169,169,48,79,105,105,118,136,78,78,78,155,155,166,184,201,116,116,151,151,151,151,70,83,83],"floor_reached":29,"playtime":1527,"items_purged":[],"score":486,"play_id":"0aa93a46-736f-4da3-aff9-a2e011de0051","local_time":"20181201171228","is_ascension_mode":true,"campfire_choices":[{"floor":6,"key":"REST"},{"floor":15,"key":"REST"},{"floor":25,"key":"REST"}],"neow_cost":"NONE","seed_source_timestamp":620546276216066,"circlet_count":0,"master_deck":["AscendersBane","Strike_B","Strike_B","Strike_B","Strike_B","Defend_B","Defend_B","Defend_B","Defend_B","Zap","Dualcast","Chill","Buffer","Hello World","Hello World","White Noise+1","White Noise","Redo","Rainbow","Electrodynamics","Capacitor","Cold Snap+1","Barrage+1","Fusion+1","Electrodynamics","Heatsinks","Conserve Battery"],"relics":["Cracked Core","Smiling Mask","Dream Catcher","Sozu","Centennial Puzzle","MutagenicStrength","Orichalcum","Blood Vial"],"potions_floor_usage":[8,8,11,18,23],"damage_taken":[{"damage":10,"enemies":"Small Slimes","floor":1,"turns":3},{"damage":2,"enemies":"Jaw Worm","floor":2,"turns":3},{"damage":0,"enemies":"2 Louse","floor":4,"turns":2},{"damage":16,"enemies":"Looter","floor":5,"turns":4},{"damage":0,"enemies":"Lagavulin","floor":8,"turns":7},{"damage":3,"enemies":"3 Louse","floor":11,"turns":3},{"damage":0,"enemies":"Large Slime","floor":12,"turns":4},{"damage":30,"enemies":"The Guardian","floor":16,"turns":13},{"damage":6,"enemies":"Chosen","floor":18,"turns":5},{"damage":19,"enemies":"Shell Parasite","floor":19,"turns":5},{"damage":3,"enemies":"Snecko","floor":20,"turns":5},{"damage":38,"enemies":"Slavers","floor":23,"turns":5},{"damage":15,"enemies":"Cultist and Chosen","floor":28,"turns":6},{"damage":31,"enemies":"Gremlin Leader","floor":29,"turns":2}],"seed_played":"3511551431555242077","potions_obtained":[{"floor":2,"key":"FocusPotion"},{"floor":8,"key":"Weak Potion"},{"floor":11,"key":"SpeedPotion"},{"floor":12,"key":"SteroidPotion"},{"floor":16,"key":"Fire Potion"}],"is_trial":false,"path_per_floor":["M","M","?","M","M","R","$","E","T","?","M","M","?","?","R","B",null,"M","M","M","?","?","E","?","R","T","$","M","E"],"character_chosen":"DEFECT","items_purchased":["Hello World","EssenceOfSteel","Heatsinks"],"campfire_rested":3,"item_purchase_floors":[7,7,27],"current_hp_per_floor":[61,59,41,41,25,48,48,48,48,48,45,45,45,45,68,38,68,62,43,40,40,40,2,18,41,41,41,28,0],"gold":83,"neow_bonus":"TEN_PERCENT_HP_BONUS","is_prod":false,"is_daily":false,"chose_seed":false,"campfire_upgraded":0,"win_rate":0,"timestamp":1543677148,"path_taken":["M","M","?","M","M","R","$","E","T","?","?","M","?","?","R","BOSS","M","M","M","?","?","E","?","R","T","$","M","E"],"build_version":"2018-11-15","purchased_purges":0,"victory":false,"max_hp_per_floor":[78,78,78,78,78,78,78,78,78,78,78,78,78,78,78,78,78,78,78,78,78,78,78,78,78,78,78,78,78],"card_choices":[{"not_picked":["Barrage","Compile Driver","Hologram"],"picked":"SKIP","floor":1},{"not_picked":["Redo","Leap"],"picked":"Chill","floor":2},{"not_picked":["Sweeping Beam","Doom and Gloom"],"picked":"Buffer","floor":4},{"not_picked":["Cold Snap","Scrape"],"picked":"Hello World","floor":5},{"not_picked":["Glacier","Streamline"],"picked":"White Noise","floor":8},{"not_picked":["Turbo","Steam"],"picked":"White Noise","floor":11},{"not_picked":["Stack","Conserve Battery"],"picked":"Redo","floor":12},{"not_picked":["Turbo","Hello World"],"picked":"Rainbow","floor":15},{"not_picked":["Multi-Cast","Hyperbeam"],"picked":"Electrodynamics","floor":16},{"not_picked":["Cold Snap+1","Leap"],"picked":"Capacitor","floor":18},{"not_picked":["Go for the Eyes","Sweeping Beam"],"picked":"Cold Snap+1","floor":19},{"not_picked":["Sweeping Beam","Hologram"],"picked":"Barrage+1","floor":20},{"not_picked":["Gash","Tempest"],"picked":"Fusion+1","floor":23},{"not_picked":["Lockon","Scrape"],"picked":"Electrodynamics","floor":25},{"not_picked":["Steam","Leap"],"picked":"Conserve Battery","floor":28}],"player_experience":813325,"relics_obtained":[{"floor":8,"key":"Smiling Mask"},{"floor":9,"key":"Dream Catcher"},{"floor":23,"key":"Orichalcum"},{"floor":26,"key":"Blood Vial"}],"event_choices":[{"damage_healed":0,"gold_gain":0,"player_choice":"Fled","damage_taken":18,"max_hp_gain":0,"max_hp_loss":0,"event_name":"Scrap Ooze","floor":3,"gold_loss":0},{"damage_healed":0,"gold_gain":0,"player_choice":"Grow","damage_taken":0,"max_hp_gain":0,"max_hp_loss":0,"event_name":"Living Wall","floor":10,"gold_loss":0,"cards_upgraded":["White Noise"]},{"damage_healed":0,"gold_gain":0,"player_choice":"Left Gold","damage_taken":0,"max_hp_gain":0,"max_hp_loss":0,"event_name":"World of Goop","floor":13,"gold_loss":58},{"damage_healed":0,"gold_gain":0,"player_choice":"Ignored","damage_taken":0,"max_hp_gain":0,"max_hp_loss":0,"event_name":"Shining Light","floor":14,"gold_loss":0},{"damage_healed":0,"gold_gain":0,"player_choice":"Obtained Relic","damage_taken":0,"relics_obtained":["Centennial Puzzle"],"max_hp_gain":0,"max_hp_loss":0,"event_name":"Addict","floor":21,"gold_loss":85},{"damage_healed":0,"gold_gain":0,"player_choice":"Inject Mutagens","damage_taken":0,"relics_obtained":["MutagenicStrength"],"max_hp_gain":0,"max_hp_loss":0,"event_name":"Drug Dealer","floor":22,"gold_loss":0},{"damage_healed":16,"gold_gain":0,"player_choice":"Heal","damage_taken":0,"max_hp_gain":0,"max_hp_loss":0,"event_name":"The Library","floor":24,"gold_loss":0}],"is_beta":false,"boss_relics":[{"not_picked":["White Beast Statue","Fusion Hammer"],"picked":"Sozu"}],"items_purged_floors":[],"is_endless":false,"potions_floor_spawned":[2,8,11,12,16,18,20],"killed_by":"Gremlin Leader","ascension_level":16}