{"gold_per_floor":[118,128,128,139,139,139,153,185,185,185,200,200,217,244,244,323,323,339,358,42,59,76,76,76],"floor_reached":24,"playtime":846,"items_purged":[],"score":420,"play_id":"48d97c71-2dde-49d2-8f4f-fb7f089d527d","local_time":"20190410121748","is_ascension_mode":true,"campfire_choices":[{"data":"Bash","floor":6,"key":"SMITH"},{"data":"Demon Form","floor":10,"key":"SMITH"},{"data":"True Grit","floor":12,"key":"SMITH"},{"floor":15,"key":"REST"},{"data":"1","floor":23,"key":"LIFT"}],"neow_cost":"NONE","seed_source_timestamp":295952448260800,"circlet_count":0,"master_deck":["AscendersBane","Strike_R","Strike_R","Strike_R","Strike_R+1","Strike_R","Defend_R","Defend_R","Defend_R+1","Defend_R","Bash+1","True Grit","Demon Form+1","True Grit+1","Shrug It Off","Cleave+1","Offering","Carnage+1","Flame Barrier","Dropkick+1","Dropkick+1"],"relics":["Burning Blood","NeowsBlessing","Self Forming Clay","Matryoshka","Dream Catcher","Molten Egg 2","Coffee Dripper","Girya"],"potions_floor_usage":[7,18,24,24],"damage_taken":[{"damage":0,"enemies":"Cultist","floor":1,"turns":1},{"damage":0,"enemies":"Jaw Worm","floor":2,"turns":1},{"damage":0,"enemies":"2 Louse","floor":4,"turns":1},{"damage":2,"enemies":"Exordium Wildlife","floor":7,"turns":4},{"damage":13,"enemies":"Lagavulin","floor":8,"turns":7},{"damage":3,"enemies":"2 Fungi Beasts","floor":11,"turns":4},{"damage":16,"enemies":"Lots of Slimes","floor":13,"turns":7},{"damage":18,"enemies":"3 Sentries","floor":14,"turns":8},{"damage":18,"enemies":"Slime Boss","floor":16,"turns":7},{"damage":18,"enemies":"2 Thieves","floor":18,"turns":5},{"damage":17,"enemies":"3 Byrds","floor":19,"turns":7},{"damage":20,"enemies":"3 Cultists","floor":21,"turns":5},{"damage":10,"enemies":"Snecko","floor":22,"turns":3},{"damage":6,"enemies":"Gremlin Leader","floor":24,"turns":3}],"seed_played":"-5050148980684827190","potions_obtained":[{"floor":1,"key":"Explosive Potion"},{"floor":14,"key":"SneckoOil"},{"floor":16,"key":"Block Potion"},{"floor":19,"key":"LiquidBronze"}],"is_trial":false,"path_per_floor":["M","M","?","M","?","R","M","E","T","R","M","R","M","E","R","B",null,"M","M","$","M","M","R","E"],"character_chosen":"IRONCLAD","items_purchased":["Girya"],"campfire_rested":1,"item_purchase_floors":[20],"current_hp_per_floor":[74,75,52,58,47,47,51,44,44,44,47,47,37,25,47,35,65,53,42,42,28,24,24,18],"gold":76,"neow_bonus":"THREE_ENEMY_KILL","is_prod":false,"is_daily":false,"chose_seed":false,"campfire_upgraded":3,"win_rate":0,"timestamp":1554866268,"path_taken":["M","?","?","M","?","R","M","E","T","R","M","R","M","E","R","BOSS","M","M","$","M","M","R","E"],"build_version":"2019-01-23","purchased_purges":0,"victory":false,"max_hp_per_floor":[75,75,75,75,75,75,75,75,75,75,75,75,75,75,75,75,75,75,75,75,75,75,75,75],"card_choices":[{"not_picked":["Burning Pact","Warcry","Sword Boomerang"],"picked":"SKIP","floor":1},{"not_picked":["Iron Wave","Havoc"],"picked":"True Grit","floor":2},{"not_picked":["Clothesline","Rupture","Havoc"],"picked":"SKIP","floor":4},{"not_picked":["Wild Strike","Fire Breathing"],"picked":"Demon Form","floor":7},{"not_picked":["Blood for Blood","Dropkick"],"picked":"True Grit","floor":8},{"not_picked":["Warcry","Iron Wave","Rupture"],"picked":"SKIP","floor":11},{"not_picked":["Rupture","Bloodletting"],"picked":"Shrug It Off","floor":13},{"not_picked":["Intimidate","Wild Strike"],"picked":"Cleave","floor":14},{"not_picked":["Double Tap","Berserk"],"picked":"Offering","floor":16},{"not_picked":["Power Through","Clothesline+1"],"picked":"Carnage+1","floor":18},{"not_picked":["Spot Weakness","Combust"],"picked":"Flame Barrier","floor":19},{"not_picked":["Uppercut+1","Clash+1"],"picked":"Dropkick+1","floor":21},{"not_picked":["Heavy Blade+1","Inflame"],"picked":"Dropkick+1","floor":22}],"player_experience":3025253,"relics_obtained":[{"floor":8,"key":"Matryoshka"},{"floor":9,"key":"Dream Catcher"},{"floor":14,"key":"Molten Egg 2"}],"event_choices":[{"damage_healed":0,"gold_gain":0,"player_choice":"Entered Light","damage_taken":23,"max_hp_gain":0,"max_hp_loss":0,"event_name":"Shining Light","floor":3,"gold_loss":0,"cards_upgraded":["Strike_R","Defend_R"]},{"damage_healed":0,"gold_gain":0,"player_choice":"Success","damage_taken":11,"relics_obtained":["Self Forming Clay"],"max_hp_gain":0,"max_hp_loss":0,"event_name":"Scrap Ooze","floor":5,"gold_loss":0}],"is_beta":false,"boss_relics":[{"not_picked":["White Beast Statue","Tiny House"],"picked":"Coffee Dripper"}],"items_purged_floors":[],"is_endless":false,"potions_floor_spawned":[1,14,16,19,21],"killed_by":"Gremlin Leader","ascension_level":20}