{"gold_per_floor":[216,10,29,29,40,40,69,69,95,126,144,23,23,37,37,115,115,125,138,138,156,156,156],"floor_reached":23,"playtime":1307,"items_purged":[],"score":362,"play_id":"ad45653f-9ef6-4372-aeab-8b0efa0d439f","local_time":"20181215184621","is_ascension_mode":true,"campfire_choices":[{"data":"Echo Form","floor":6.0,"key":"SMITH"},{"floor":13.0,"key":"REST"},{"floor":15,"key":"REST"}],"neow_cost":"NONE","seed_source_timestamp":537689060036280,"circlet_count":0,"master_deck":["AscendersBane","Strike_B+1","Strike_B","Strike_B","Strike_B","Defend_B","Defend_B","Defend_B","Defend_B","Zap","Dualcast","Glacier","Chaos+1","Capacitor","Self Repair","Echo Form+1","Ball Lightning+1","Ball Lightning","Static Discharge","Melter","Conserve Battery","Creative AI+1","Streamline","Ball Lightning","Redo"],"special_seed":0,"relics":["Cracked Core","Happy Flower","Oddly Smooth Stone","Whetstone","Black Star"],"potions_floor_usage":[14,14,16],"damage_taken":[{"damage":2.0,"enemies":"Jaw Worm","floor":1.0,"turns":3.0},{"damage":0.0,"enemies":"Cultist","floor":3.0,"turns":4.0},{"damage":3.0,"enemies":"2 Louse","floor":5.0,"turns":3.0},{"damage":16.0,"enemies":"3 Sentries","floor":7.0,"turns":9.0},{"damage":36.0,"enemies":"Gremlin Nob","floor":10.0,"turns":4.0},{"damage":0.0,"enemies":"Large Slime","floor":11.0,"turns":5.0},{"damage":16,"enemies":"Gremlin Gang","floor":14,"turns":5},{"damage":18,"enemies":"Slime Boss","floor":16,"turns":7},{"damage":10,"enemies":"Shell Parasite","floor":18,"turns":6},{"damage":38,"enemies":"Chosen","floor":19,"turns":6},{"damage":26,"enemies":"Centurion and Healer","floor":21,"turns":11},{"damage":22,"enemies":"Gremlin Leader","floor":23,"turns":2}],"seed_played":"-3094832696480762144","potions_obtained":[{"floor":5.0,"key":"GamblersBrew"},{"floor":10.0,"key":"Poison Potion"},{"floor":11.0,"key":"SpeedPotion"},{"floor":14,"key":"PowerPotion"}],"is_trial":false,"path_per_floor":["M","$","M","?","M","R","E","?","T","E","M","$","R","M","R","B",null,"M","M","?","M","?","E"],"character_chosen":"DEFECT","items_purchased":["Chaos","Capacitor","AttackPotion","Static Discharge","Melter"],"campfire_rested":2,"item_purchase_floors":[2,2,2,12,12],"current_hp_per_floor":[62,62,62,67,71,71,62,62,62,33,47,47,69,60,76,65,73,70,39,39,20,20,0],"gold":156,"neow_bonus":"HUNDRED_GOLD","is_prod":false,"is_daily":false,"chose_seed":false,"campfire_upgraded":1,"win_rate":0,"timestamp":1544892381,"path_taken":["M","$","M","?","M","R","E","?","T","E","M","$","R","?","R","BOSS","M","M","?","?","?","E"],"build_version":"2018-12-13","purchased_purges":0,"victory":false,"max_hp_per_floor":[71,71,71,76,76,76,76,76,76,76,76,76,76,76,76,76,76,76,76,76,76,76,76],"card_choices":[{"not_picked":["Coolheaded","Lockon"],"picked":"Glacier","floor":1.0},{"not_picked":["Coolheaded","Barrage"],"picked":"Self Repair","floor":3.0},{"not_picked":["Steam","White Noise"],"picked":"Echo Form","floor":5.0},{"not_picked":["Coolheaded","Stack"],"picked":"Ball Lightning","floor":7.0},{"not_picked":["Undo","Sweeping Beam","Lockon"],"picked":"SKIP","floor":10.0},{"not_picked":["Turbo","Sunder"],"picked":"Ball Lightning","floor":11.0},{"not_picked":["Sweeping Beam","Undo"],"picked":"Conserve Battery","floor":14},{"not_picked":["Biased Cognition","Hyperbeam"],"picked":"Creative AI","floor":16},{"not_picked":["Rebound","Gash"],"picked":"Streamline","floor":18},{"not_picked":["Consume","Rebound"],"picked":"Ball Lightning","floor":19},{"not_picked":["Barrage+1","Hologram"],"picked":"Redo","floor":21}],"player_experience":827984,"relics_obtained":[{"floor":7.0,"key":"Happy Flower"},{"floor":9.0,"key":"Oddly Smooth Stone"},{"floor":10.0,"key":"Whetstone"}],"event_choices":[{"damage_healed":0.0,"max_hp_gain":5.0,"max_hp_loss":0.0,"gold_gain":0.0,"event_name":"Big Fish","player_choice":"Donut","floor":4.0,"gold_loss":0.0,"damage_taken":0.0},{"damage_healed":0.0,"max_hp_gain":0.0,"max_hp_loss":0.0,"gold_gain":0.0,"event_name":"Upgrade Shrine","player_choice":"Upgraded","floor":8.0,"gold_loss":0.0,"damage_taken":0.0,"cards_upgraded":["Chaos"]},{"damage_healed":0,"gold_gain":0,"player_choice":"Upgraded","damage_taken":0,"max_hp_gain":0,"max_hp_loss":0,"event_name":"Upgrade Shrine","floor":20,"gold_loss":0,"cards_upgraded":["Creative AI"]},{"damage_healed":0,"gold_gain":0,"player_choice":"Ignored","damage_taken":0,"max_hp_gain":0,"max_hp_loss":0,"event_name":"Vampires","floor":22,"gold_loss":0}],"is_beta":false,"boss_relics":[{"not_picked":["Empty Cage","Runic Pyramid"],"picked":"Black Star"}],"items_purged_floors":[],"is_endless":false,"potions_floor_spawned":[5,10,11,14],"killed_by":"Gremlin Leader","ascension_level":16}