{"gold_per_floor":[112,28,103,116,116,116,145,160,187,167,197,197,197,217,217,293,293,304,219,144,144,30,30,58,58,58,58,77,127,139,156,156,156],"floor_reached":33,"playtime":814,"items_purged":[],"score":642,"play_id":"07510364-a0ed-4506-9e9b-22f15f46ebdc","local_time":"20190414221422","is_ascension_mode":true,"campfire_choices":[{"data":"Zap","floor":6,"key":"SMITH"},{"data":"White Noise","floor":12,"key":"SMITH"},{"data":"Dualcast","floor":15,"key":"SMITH"},{"data":"Consume","floor":23,"key":"SMITH"},{"data":"Coolheaded","floor":25,"key":"SMITH"},{"floor":32,"key":"REST"}],"neow_cost":"NONE","seed_source_timestamp":210736769040400,"circlet_count":0,"master_deck":["AscendersBane","Strike_B","Strike_B","Defend_B","Defend_B","Defend_B","Zap+1","Dualcast+1","Cold Snap","FTL","Undo","White Noise+1","Gash","Rainbow","Turbo","Ghostly","Ghostly","Ghostly","Coolheaded+1","Consume+1","Gash"],"relics":["Cracked Core","NeowsBlessing","Bronze Scales","Anchor","Art of War","Empty Cage","PreservedInsect","Darkstone Periapt"],"potions_floor_usage":[11,11],"damage_taken":[{"damage":0,"enemies":"2 Louse","floor":1,"turns":1},{"damage":0,"enemies":"Small Slimes","floor":4,"turns":1},{"damage":0,"enemies":"Lagavulin","floor":7,"turns":1},{"damage":0,"enemies":"Cultist","floor":8,"turns":3},{"damage":3,"enemies":"3 Sentries","floor":11,"turns":5},{"damage":4,"enemies":"Looter","floor":14,"turns":3},{"damage":10,"enemies":"The Guardian","floor":16,"turns":11},{"damage":3,"enemies":"Spheric Guardian","floor":18,"turns":3},{"damage":0,"enemies":"Book of Stabbing","floor":24,"turns":5},{"damage":1,"enemies":"3 Byrds","floor":28,"turns":3},{"damage":2,"enemies":"Centurion and Healer","floor":30,"turns":7},{"damage":3,"enemies":"Sentry and Sphere","floor":31,"turns":7},{"damage":43,"enemies":"Champ","floor":33,"turns":12}],"seed_played":"-4942714665067233135","potions_obtained":[{"floor":4,"key":"Explosive Potion"},{"floor":7,"key":"Poison Potion"},{"floor":10,"key":"Explosive Potion"},{"floor":16,"key":"FearPotion"},{"floor":18,"key":"SteroidPotion"}],"is_trial":false,"path_per_floor":["M","$","?","M","?","R","E","M","T","?","E","R","$","M","R","B",null,"M","?","?","?","$","R","E","R","T","$","M","?","M","M","R","B"],"character_chosen":"DEFECT","items_purchased":["FTL","Coolheaded","Consume"],"campfire_rested":1,"item_purchase_floors":[2,22,22],"current_hp_per_floor":[64,64,53,53,53,53,53,53,53,53,50,50,50,46,46,36,62,59,59,59,35,35,35,35,35,35,35,34,34,32,29,35,0],"gold":156,"neow_bonus":"THREE_ENEMY_KILL","is_prod":false,"is_daily":false,"chose_seed":false,"campfire_upgraded":5,"win_rate":0,"timestamp":1555247662,"path_taken":["M","$","?","M","?","R","E","M","T","?","E","R","$","M","R","BOSS","M","?","?","?","$","R","E","R","T","$","M","?","M","M","R","BOSS"],"build_version":"2019-01-23","purchased_purges":0,"victory":false,"max_hp_per_floor":[71,71,71,71,71,71,71,71,71,71,71,71,71,71,71,71,71,71,71,71,35,35,35,35,35,35,35,35,35,35,35,35,35],"card_choices":[{"not_picked":["Compile Driver","Darkness"],"picked":"Cold Snap","floor":1},{"not_picked":["Streamline","Steam"],"picked":"Undo","floor":4},{"not_picked":["All For One","Barrage"],"picked":"White Noise","floor":7},{"not_picked":["Streamline","Barrage"],"picked":"Gash","floor":8},{"not_picked":["Go for the Eyes","Steam","Rip and Tear"],"picked":"SKIP","floor":11},{"not_picked":["Barrage","Go for the Eyes","Sweeping Beam"],"picked":"SKIP","floor":14},{"not_picked":["Creative AI","Thunder Strike"],"picked":"Rainbow","floor":16},{"not_picked":["Beam Cell","Streamline"],"picked":"Turbo","floor":18},{"not_picked":["Compile Driver","Go for the Eyes","Force Field"],"picked":"SKIP","floor":24},{"not_picked":["BootSequence","Barrage+1","Beam Cell"],"picked":"SKIP","floor":28},{"not_picked":["Lockon+1","Rebound","Redo"],"picked":"SKIP","floor":30},{"not_picked":["Lockon+1","Rebound","Redo"],"picked":"SKIP","floor":30},{"not_picked":["Heatsinks","Ball Lightning"],"picked":"Gash","floor":31}],"player_experience":3140792,"relics_obtained":[{"floor":7,"key":"Bronze Scales"},{"floor":9,"key":"Anchor"},{"floor":11,"key":"Art of War"},{"floor":24,"key":"Darkstone Periapt"}],"event_choices":[{"damage_healed":0,"gold_gain":75,"player_choice":"Gather Gold","damage_taken":11,"max_hp_gain":0,"max_hp_loss":0,"event_name":"World of Goop","floor":3,"gold_loss":0},{"damage_healed":0,"gold_gain":0,"player_choice":"Ignored","damage_taken":0,"max_hp_gain":0,"max_hp_loss":0,"event_name":"Liars Game","floor":5,"gold_loss":0},{"damage_healed":0,"gold_gain":0,"player_choice":"Bought 1 Potion","damage_taken":0,"max_hp_gain":0,"max_hp_loss":0,"event_name":"The Woman in Blue","floor":10,"gold_loss":0},{"damage_healed":0,"gold_gain":0,"player_choice":"Obtained Relic","damage_taken":0,"relics_obtained":["PreservedInsect"],"max_hp_gain":0,"max_hp_loss":0,"event_name":"Addict","floor":19,"gold_loss":85},{"cards_removed":["Strike_B"],"damage_healed":0,"gold_gain":0,"player_choice":"Gave Gold","damage_taken":0,"max_hp_gain":0,"max_hp_loss":0,"event_name":"Beggar","floor":20,"gold_loss":75},{"damage_healed":0,"gold_gain":0,"player_choice":"Became a Ghost","damage_taken":0,"max_hp_gain":0,"max_hp_loss":36,"event_name":"Ghosts","floor":21,"gold_loss":0,"cards_obtained":["Ghostly","Ghostly","Ghostly"]},{"damage_healed":0,"gold_gain":50,"player_choice":"Stole From Cult","damage_taken":0,"max_hp_gain":0,"max_hp_loss":0,"event_name":"Nest","floor":29,"gold_loss":0}],"is_beta":false,"boss_relics":[{"not_picked":["Lizard Tail","Eternal Feather"],"picked":"Empty Cage"}],"items_purged_floors":[],"is_endless":false,"potions_floor_spawned":[4,7,16,18,30],"killed_by":"Champ","ascension_level":20}