{"gold_per_floor":[111,130,130,40,40,40,66,66,93,111,111,139,155,187,187,258,258,272,272,272,291,16,16,216,246,246,263,283,283,133,150,150,224,274,290,290,290,3,14,14,48,48,72,72,88,88,108,120,120,120,120,120,120,77,112,112],"floor_reached":57,"playtime":2566,"items_purged":["Strike_B","Strike_B","Defend_B"],"score":2686,"play_id":"c4534bf4-e987-4c71-8f5c-7786a786b24a","local_time":"20190405203010","is_ascension_mode":true,"campfire_choices":[{"data":"Biased Cognition","floor":6.0,"key":"SMITH"},{"data":"Recycle","floor":8.0,"key":"SMITH"},{"data":"Doom and Gloom","floor":11.0,"key":"SMITH"},{"data":"Consume","floor":15.0,"key":"SMITH"},{"data":"Chill","floor":23.0,"key":"SMITH"},{"data":"Coolheaded","floor":29.0,"key":"SMITH"},{"data":"Defragment","floor":32.0,"key":"SMITH"},{"data":"Loop","floor":40,"key":"SMITH"},{"data":"Hologram","floor":42,"key":"SMITH"},{"data":"Echo Form","floor":44,"key":"SMITH"},{"data":"Dualcast","floor":46,"key":"SMITH"},{"floor":49,"key":"RECALL"},{"data":"Echo Form","floor":53,"key":"SMITH"}],"neow_cost":"TEN_PERCENT_HP_LOSS","seed_source_timestamp":636387365673100,"circlet_count":0,"master_deck":["AscendersBane","Strike_B+1","Defend_B","Defend_B","Zap","Dualcast+1","White Noise","Doom and Gloom+1","Chill+1","Biased Cognition+1","Recycle+1","Chill","Consume+1","Echo Form+1","Ball Lightning+1","Cold Snap","Coolheaded+1","Self Repair","Coolheaded+1","Hologram+1","Hologram+1","Conserve Battery","Defragment+1","Core Surge","Loop+1","Glacier","Echo Form+1","Tempest+1","Glacier","Cold Snap","Double Energy","All For One"],"special_seed":0,"relics":["Cracked Core","Nunchaku","Orichalcum","Bronze Scales","Potion Belt","Runic Pyramid","Enchiridion","Centennial Puzzle","Bag of Preparation","Tiny House","Art of War","Omamori","Pear"],"potions_floor_usage":[33,50,56,56,56,56,56,56],"damage_taken":[{"damage":1.0,"enemies":"2 Louse","floor":1.0,"turns":3.0},{"damage":1.0,"enemies":"Cultist","floor":2.0,"turns":3.0},{"damage":9.0,"enemies":"Lagavulin","floor":7.0,"turns":5.0},{"damage":5.0,"enemies":"Small Slimes","floor":10.0,"turns":3.0},{"damage":15.0,"enemies":"Gremlin Nob","floor":12.0,"turns":4.0},{"damage":0.0,"enemies":"3 Louse","floor":13.0,"turns":2.0},{"damage":0.0,"enemies":"3 Sentries","floor":14.0,"turns":5.0},{"damage":22.0,"enemies":"Slime Boss","floor":16.0,"turns":7.0},{"damage":1.0,"enemies":"Chosen","floor":18.0,"turns":6.0},{"damage":0.0,"enemies":"Spheric Guardian","floor":21.0,"turns":3.0},{"damage":15.0,"enemies":"Gremlin Leader","floor":25.0,"turns":7.0},{"damage":11.0,"enemies":"Snake Plant","floor":27.0,"turns":3.0},{"damage":0.0,"enemies":"Chosen and Byrds","floor":28.0,"turns":5.0},{"damage":1.0,"enemies":"Shelled Parasite and Fungi","floor":31.0,"turns":6.0},{"damage":27,"enemies":"Collector","floor":33,"turns":12},{"damage":0,"enemies":"Orb Walker","floor":35,"turns":4},{"damage":0,"enemies":"3 Shapes","floor":39,"turns":1},{"damage":12,"enemies":"Giant Head","floor":41,"turns":8},{"damage":0,"enemies":"3 Darklings","floor":45,"turns":4},{"damage":12,"enemies":"Jaw Worm Horde","floor":47,"turns":6},{"damage":0,"enemies":"Sphere and 2 Shapes","floor":48,"turns":6},{"damage":20,"enemies":"Awakened One","floor":50,"turns":16},{"damage":27,"enemies":"Time Eater","floor":51,"turns":17},{"damage":49,"enemies":"Shield and Spear","floor":55,"turns":7},{"damage":25,"enemies":"The Heart","floor":56,"turns":8}],"seed_played":"3026216193831007459","potions_obtained":[{"floor":10.0,"key":"SneckoOil"},{"floor":12.0,"key":"AttackPotion"},{"floor":13.0,"key":"Energy Potion"},{"floor":14.0,"key":"Energy Potion"},{"floor":16.0,"key":"SpeedPotion"},{"floor":18.0,"key":"Block Potion"},{"floor":25.0,"key":"SteroidPotion"},{"floor":34,"key":"Ancient Potion"},{"floor":39,"key":"LiquidBronze"},{"floor":47,"key":"FocusPotion"},{"floor":55,"key":"FocusPotion"}],"is_trial":false,"path_per_floor":["M","M","?","$","?","R","E","R","T","M","R","E","M","E","R","B",null,"M","?","?","M","$","R","?","E","T","M","M","R","$","M","R","B",null,"M","?","?","$","M","R","E","R","T","R","M","R","M","M","R","B","B",null,"R","$","E","B",null],"character_chosen":"DEFECT","items_purchased":["Chill","Self Repair","EntropicBrew","Conserve Battery","Art of War","Double Energy"],"campfire_rested":0,"item_purchase_floors":[4,22,22,30,38,54],"current_hp_per_floor":[63,62,62,62,62,62,53,53,53,48,48,33,33,33,33,11,51,50,50,29,29,29,29,29,28,28,31,38,38,38,44,44,31,61,69,69,69,69,69,69,69,69,69,69,69,69,69,69,69,63,50,64,64,64,39,29],"gold":112,"neow_bonus":"TRANSFORM_TWO_CARDS","is_prod":false,"is_daily":false,"chose_seed":false,"campfire_upgraded":12,"win_rate":0,"timestamp":1554463810,"path_taken":["M","M","?","?","?","R","E","R","T","M","R","E","?","E","R","BOSS","M","?","?","M","?","R","?","E","T","?","M","R","?","M","R","BOSS","M","?","?","$","M","R","E","R","T","R","M","R","?","M","R","BOSS","BOSS","R","$","E","BOSS"],"build_version":"2019-01-23","purchased_purges":3,"victory":true,"max_hp_per_floor":[64,64,64,64,64,64,64,64,64,64,64,64,64,64,64,64,64,64,64,64,64,64,64,64,64,64,64,64,64,64,64,64,64,69,69,69,69,69,69,69,69,69,69,69,69,69,69,69,69,69,69,69,69,69,79,79],"card_choices":[{"not_picked":["Stack","Melter"],"picked":"Doom and Gloom","floor":1.0},{"not_picked":["Chaos","Conserve Battery","Tempest"],"picked":"SKIP","floor":2.0},{"not_picked":["Barrage","Rebound"],"picked":"Recycle","floor":7.0},{"not_picked":["Beam Cell","Compile Driver","Rebound"],"picked":"SKIP","floor":10.0},{"not_picked":["Rebound","Beam Cell"],"picked":"Chill","floor":12.0},{"not_picked":["Stack","Blizzard"],"picked":"Consume","floor":13.0},{"not_picked":["Chaos","Barrage","Conserve Battery"],"picked":"SKIP","floor":14.0},{"not_picked":["Amplify","Reboot"],"picked":"Echo Form","floor":16.0},{"not_picked":["Leap","Compile Driver+1"],"picked":"Ball Lightning+1","floor":18.0},{"not_picked":["Conserve Battery","Gash"],"picked":"Coolheaded","floor":21.0},{"not_picked":["White Noise","Rip and Tear"],"picked":"Coolheaded+1","floor":25.0},{"not_picked":["Redo","Ball Lightning"],"picked":"Hologram","floor":27.0},{"not_picked":["Barrage","Skim"],"picked":"Hologram","floor":28.0},{"not_picked":["Cold Snap","Self Repair"],"picked":"Defragment","floor":31.0},{"not_picked":["Hyperbeam","Machine Learning"],"picked":"Core Surge","floor":33},{"not_picked":["Rebound","Cold Snap"],"picked":"Loop","floor":34},{"not_picked":["Aggregate","Turbo"],"picked":"Glacier","floor":35},{"not_picked":["Hello World","Compile Driver+1"],"picked":"Tempest+1","floor":39},{"not_picked":["Leap","Rebound+1"],"picked":"Glacier","floor":41},{"not_picked":["Self Repair","Sweeping Beam+1","Compile Driver"],"picked":"SKIP","floor":45},{"not_picked":["Storm","Gash"],"picked":"Cold Snap","floor":47},{"not_picked":["Coolheaded","Stack","Gash"],"picked":"SKIP","floor":48},{"not_picked":["Go for the Eyes","Steam Power"],"picked":"All For One","floor":55}],"player_experience":2895437,"relics_obtained":[{"floor":7.0,"key":"Nunchaku"},{"floor":9.0,"key":"Orichalcum"},{"floor":12.0,"key":"Bronze Scales"},{"floor":14.0,"key":"Potion Belt"},{"floor":20.0,"key":"Enchiridion"},{"floor":25.0,"key":"Centennial Puzzle"},{"floor":26.0,"key":"Bag of Preparation"},{"floor":41,"key":"Omamori"},{"floor":55,"key":"Pear"}],"event_choices":[{"damage_healed":0.0,"max_hp_gain":0.0,"max_hp_loss":0.0,"gold_gain":0.0,"event_name":"Upgrade Shrine","player_choice":"Upgraded","floor":3.0,"gold_loss":0.0,"damage_taken":0.0,"cards_upgraded":["Strike_B"]},{"damage_healed":0.0,"max_hp_gain":0.0,"max_hp_loss":0.0,"gold_gain":0.0,"event_name":"Match and Keep!","player_choice":"1 cards matched","floor":5.0,"gold_loss":0.0,"damage_taken":0.0,"cards_obtained":["Biased Cognition"]},{"damage_healed":0.0,"max_hp_gain":0.0,"max_hp_loss":0.0,"gold_gain":0.0,"event_name":"The Library","player_choice":"Read","floor":19.0,"gold_loss":0.0,"damage_taken":0.0,"cards_obtained":["Cold Snap"]},{"damage_healed":0.0,"max_hp_gain":0.0,"max_hp_loss":0.0,"gold_gain":0.0,"event_name":"Cursed Tome","player_choice":"Obtained Book","floor":20.0,"gold_loss":0.0,"damage_taken":21.0},{"damage_healed":0.0,"max_hp_gain":0.0,"max_hp_loss":0.0,"gold_gain":200.0,"event_name":"Wheel of Change","player_choice":"Gold","floor":24.0,"gold_loss":0.0,"damage_taken":0.0},{"cards_removed":["Sweeping Beam"],"damage_healed":0,"gold_gain":0,"player_choice":"Removed Attack","damage_taken":0,"max_hp_gain":0,"max_hp_loss":0,"event_name":"Falling","floor":36,"gold_loss":0},{"damage_healed":0,"gold_gain":0,"player_choice":"Copied","damage_taken":0,"max_hp_gain":0,"max_hp_loss":0,"event_name":"Duplicator","floor":37,"gold_loss":0,"cards_obtained":["Echo Form"]}],"is_beta":false,"boss_relics":[{"not_picked":["Coffee Dripper","Cursed Key"],"picked":"Runic Pyramid"},{"not_picked":["Sozu","Snecko Eye"],"picked":"Tiny House"}],"items_purged_floors":[22,30,38],"is_endless":false,"potions_floor_spawned":[10,12,13,14,16,18,25,28,39,47,55],"ascension_level":20}