{"gold_per_floor":[118,43,43,62,62,62,74,99,99,115,27,27,54,71,71,148,148,164,36,36,86,98,127,127,160,212,40,56,56,67,78,78,154,154,171,71,82,42,54,87,105,134,134,134,134,148,176,192,192,192,192,192,192,1,28,28],"floor_reached":57,"playtime":4170,"items_purged":["Strike_G","Infinite Blades+1"],"score":2934,"play_id":"f906b961-3d26-4d4a-9ed5-d6e03663774a","local_time":"20190128234658","is_ascension_mode":true,"campfire_choices":[{"floor":6.0,"key":"REST"},{"data":"Crippling Poison","floor":12.0,"key":"SMITH"},{"data":"Catalyst","floor":15.0,"key":"SMITH"},{"floor":24.0,"key":"REST"},{"data":"Burst","floor":29.0,"key":"SMITH"},{"data":"Calculated Gamble","floor":32.0,"key":"SMITH"},{"data":"Footwork","floor":44.0,"key":"SMITH"},{"floor":49.0,"key":"RECALL"},{"floor":53.0,"key":"DIG"}],"neow_cost":"NONE","seed_source_timestamp":293693036486292,"circlet_count":0,"master_deck":["AscendersBane","Defend_G","Defend_G","Defend_G+1","Defend_G","Defend_G","Survivor","Neutralize+1","Crippling Poison+1","Escape Plan","Footwork","Catalyst","Catalyst+1","Crippling Poison+1","Footwork+1","Burst+1","Calculated Gamble+1","Deadly Poison","Catalyst","Deflect","PiercingWail","Outmaneuver","Bullet Time","Sucker Punch+1","Expertise+1","Prepared","Blur","PiercingWail","Bouncing Flask+1","Deflect+1","Acrobatics","After Image"],"special_seed":0,"relics":["Ring of the Snake","Art of War","Incense Burner","Mango","Snake Skull","Runic Pyramid","Meat on the Bone","Tingsha","Vajra","Bag of Preparation","Astrolabe","Potion Belt","Dream Catcher","Shovel","Bag of Marbles","Ornamental Fan","Paper Crane"],"potions_floor_usage":[56,56,56,56],"damage_taken":[{"damage":4.0,"enemies":"Jaw Worm","floor":1.0,"turns":6.0},{"damage":3.0,"enemies":"2 Louse","floor":4.0,"turns":2.0},{"damage":2.0,"enemies":"Small Slimes","floor":7.0,"turns":4.0},{"damage":31.0,"enemies":"Gremlin Nob","floor":8.0,"turns":5.0},{"damage":5.0,"enemies":"Gremlin Gang","floor":10.0,"turns":4.0},{"damage":0.0,"enemies":"Lagavulin","floor":13.0,"turns":5.0},{"damage":0.0,"enemies":"Blue Slaver","floor":14.0,"turns":4.0},{"damage":4.0,"enemies":"Hexaghost","floor":16.0,"turns":7.0},{"damage":16.0,"enemies":"2 Thieves","floor":18.0,"turns":3.0},{"damage":1.0,"enemies":"Chosen","floor":22.0,"turns":5.0},{"damage":30.0,"enemies":"Slavers","floor":23.0,"turns":5.0},{"damage":25.0,"enemies":"Book of Stabbing","floor":25.0,"turns":3.0},{"damage":0.0,"enemies":"Snecko","floor":28.0,"turns":3.0},{"damage":0.0,"enemies":"Snake Plant","floor":30.0,"turns":2.0},{"damage":0.0,"enemies":"3 Cultists","floor":31.0,"turns":4.0},{"damage":0.0,"enemies":"Champ","floor":33.0,"turns":4.0},{"damage":5.0,"enemies":"3 Darklings","floor":35.0,"turns":5.0},{"damage":0.0,"enemies":"Orb Walker","floor":37.0,"turns":2.0},{"damage":11.0,"enemies":"3 Darklings","floor":39.0,"turns":12.0},{"damage":3.0,"enemies":"Nemesis","floor":40.0,"turns":7.0},{"damage":0.0,"enemies":"Maw","floor":41.0,"turns":4.0},{"damage":10.0,"enemies":"Reptomancer","floor":42.0,"turns":4.0},{"damage":0.0,"enemies":"Writhing Mass","floor":46.0,"turns":3.0},{"damage":0.0,"enemies":"Nemesis","floor":47.0,"turns":5.0},{"damage":12.0,"enemies":"Spire Growth","floor":48.0,"turns":2.0},{"damage":17.0,"enemies":"Donu and Deca","floor":50.0,"turns":7.0},{"damage":2.0,"enemies":"Awakened One","floor":51.0,"turns":10.0},{"damage":23.0,"enemies":"Shield and Spear","floor":55.0,"turns":5.0},{"damage":30,"enemies":"The Heart","floor":56,"turns":6}],"seed_played":"-9004986291509506277","potions_obtained":[{"floor":7.0,"key":"FearPotion"},{"floor":10.0,"key":"GamblersBrew"},{"floor":18.0,"key":"Ancient Potion"},{"floor":23.0,"key":"SkillPotion"},{"floor":30.0,"key":"Weak Potion"},{"floor":33.0,"key":"SmokeBomb"},{"floor":39.0,"key":"Block Potion"},{"floor":41.0,"key":"Regen Potion"},{"floor":42.0,"key":"EssenceOfSteel"},{"floor":47.0,"key":"Poison Potion"},{"floor":55.0,"key":"Poison Potion"}],"is_trial":false,"path_per_floor":["M","?","?","M","?","R","M","E","T","M","$","R","E","M","R","B",null,"M","$","?","?","M","E","R","E","T","$","M","R","M","M","R","B",null,"M","$","M","$","M","E","M","E","T","R","T","M","E","M","R","B","B",null,"R","$","E","B",null],"character_chosen":"THE_SILENT","items_purchased":["Crippling Poison","Deadly Poison","Bag of Preparation","Blur","Ancient Potion","SpeedPotion","Fire Potion"],"campfire_rested":2,"item_purchase_floors":[11,19,27,38,54,54,54],"current_hp_per_floor":[55,55,35,32,32,51,49,18,32,27,27,27,27,27,27,23,66,50,50,50,42,41,11,35,22,22,22,34,34,46,46,46,46,72,67,67,67,67,56,53,53,57,57,57,57,57,57,45,45,40,50,73,73,73,50,32],"gold":28,"neow_bonus":"RANDOM_COMMON_RELIC","is_prod":false,"is_daily":false,"chose_seed":false,"campfire_upgraded":5,"win_rate":0,"timestamp":1548690418,"path_taken":["M","?","?","M","?","R","?","E","T","M","?","R","E","M","R","BOSS","M","$","?","?","M","E","R","E","T","$","M","R","M","M","R","BOSS","M","$","M","$","M","E","M","E","T","R","?","M","E","M","R","BOSS","BOSS","R","$","E","BOSS"],"build_version":"2019-01-23","purchased_purges":2,"victory":true,"max_hp_per_floor":[66,66,66,66,66,66,66,66,80,80,80,80,80,80,80,80,80,80,80,80,80,80,80,80,80,80,80,80,80,80,80,80,80,80,80,80,80,80,80,80,80,80,80,80,80,80,80,80,80,80,80,80,80,80,80,80],"card_choices":[{"not_picked":["Prepared","Flying Knee"],"picked":"Crippling Poison","floor":1.0},{"not_picked":["Setup","Slice"],"picked":"Escape Plan","floor":4.0},{"not_picked":["Sucker Punch","Slice"],"picked":"Footwork","floor":7.0},{"not_picked":["Blade Dance","Outmaneuver"],"picked":"Catalyst","floor":8.0},{"not_picked":["Choke","Blade Dance"],"picked":"Catalyst","floor":10.0},{"not_picked":["Prepared","Predator","Dagger Throw"],"picked":"SKIP","floor":13.0},{"not_picked":["Eviscerate","Heel Hook"],"picked":"Footwork","floor":14.0},{"not_picked":["After Image","Bullet Time"],"picked":"Burst","floor":16.0},{"not_picked":["Terror","Dagger Throw"],"picked":"Calculated Gamble","floor":18.0},{"not_picked":["Bane","Cloak And Dagger"],"picked":"Catalyst","floor":22.0},{"not_picked":["Dagger Spray+1","Flechettes+1"],"picked":"Deflect","floor":23.0},{"not_picked":["Bouncing Flask+1","Blade Dance","Poisoned Stab"],"picked":"SKIP","floor":25.0},{"not_picked":["Escape Plan","Setup"],"picked":"PiercingWail","floor":28.0},{"not_picked":["Flying Knee","Dagger Spray","Poisoned Stab"],"picked":"SKIP","floor":30.0},{"not_picked":["Terror","Poisoned Stab"],"picked":"Outmaneuver","floor":31.0},{"not_picked":["Burst","Phantasmal Killer"],"picked":"Bullet Time","floor":33.0},{"not_picked":["Choke","Dagger Throw"],"picked":"Prepared","floor":35.0},{"not_picked":["Sucker Punch","Dagger Spray","Grand Finale"],"picked":"SKIP","floor":37.0},{"not_picked":["Predator","Blade Dance"],"picked":"PiercingWail","floor":39.0},{"not_picked":["Distraction","Deflect"],"picked":"Bouncing Flask+1","floor":40.0},{"not_picked":["Poisoned Stab","Distraction","Prepared"],"picked":"SKIP","floor":41.0},{"not_picked":["Quick Slash+1","Expertise","Setup"],"picked":"SKIP","floor":42.0},{"not_picked":["Terror","Cloak And Dagger+1"],"picked":"Deflect+1","floor":46.0},{"not_picked":["Poisoned Stab","Cloak And Dagger"],"picked":"Acrobatics","floor":47.0},{"not_picked":["PiercingWail+1","Dagger Throw","Dash+1"],"picked":"SKIP","floor":48.0},{"not_picked":["Footwork","Concentrate"],"picked":"After Image","floor":55.0}],"player_experience":731127,"relics_obtained":[{"floor":8.0,"key":"Incense Burner"},{"floor":9.0,"key":"Mango"},{"floor":13.0,"key":"Snake Skull"},{"floor":23.0,"key":"Meat on the Bone"},{"floor":25.0,"key":"Tingsha"},{"floor":26.0,"key":"Vajra"},{"floor":40.0,"key":"Potion Belt"},{"floor":42.0,"key":"Dream Catcher"},{"floor":45.0,"key":"Shovel"},{"floor":47.0,"key":"Bag of Marbles"},{"floor":53.0,"key":"Ornamental Fan"},{"floor":55.0,"key":"Paper Crane"}],"event_choices":[{"cards_removed":["Strike_G"],"damage_healed":0.0,"max_hp_gain":0.0,"max_hp_loss":0.0,"gold_gain":0.0,"event_name":"The Cleric","player_choice":"Card Removal","floor":2.0,"gold_loss":75.0,"damage_taken":0.0},{"damage_healed":0.0,"max_hp_gain":0.0,"max_hp_loss":0.0,"gold_gain":0.0,"event_name":"Shining Light","player_choice":"Entered Light","floor":3.0,"gold_loss":0.0,"damage_taken":20.0,"cards_upgraded":["Crippling Poison","Defend_G"]},{"damage_healed":0.0,"max_hp_gain":0.0,"max_hp_loss":0.0,"gold_gain":0.0,"event_name":"Accursed Blacksmith","player_choice":"Forge","floor":5.0,"gold_loss":0.0,"damage_taken":0.0,"cards_upgraded":["Neutralize"]},{"damage_healed":0.0,"max_hp_gain":0.0,"max_hp_loss":0.0,"gold_gain":0.0,"event_name":"Beggar","player_choice":"Ignored","floor":20.0,"gold_loss":0.0,"damage_taken":0.0},{"damage_healed":0.0,"max_hp_gain":0.0,"max_hp_loss":0.0,"gold_gain":50.0,"event_name":"FaceTrader","player_choice":"Touch","floor":21.0,"gold_loss":0.0,"damage_taken":8.0}],"is_beta":true,"boss_relics":[{"not_picked":["Cursed Key","Orrery"],"picked":"Runic Pyramid"},{"not_picked":["Snecko Eye","Runic Dome"],"picked":"Astrolabe"}],"items_purged_floors":[19,36],"is_endless":false,"potions_floor_spawned":[7,10,18,23,30,33,39,41,42,47,55],"ascension_level":20}