{"gold_per_floor":[109,109,129,144,144,144,170,189,242,277,290,290,290,315,315,315],"floor_reached":16,"playtime":436,"items_purged":[],"score":220,"play_id":"12dfb0c1-1e91-47ef-8fc3-32e82f7ad013","local_time":"20190404132546","is_ascension_mode":true,"campfire_choices":[{"data":"Recycle","floor":6,"key":"SMITH"},{"floor":13,"key":"REST"},{"data":"1","floor":15,"key":"LIFT"}],"neow_cost":"NONE","seed_source_timestamp":526762542463200,"circlet_count":0,"master_deck":["AscendersBane","Strike_B","Strike_B","Strike_B","Strike_B","Defend_B","Defend_B","Defend_B","Defend_B","Zap","Dualcast","Cold Snap","Recycle+1","White Noise","Coolheaded","Capacitor","White Noise"],"special_seed":0,"relics":["Philosopher\u0027s Stone","Mercury Hourglass","Omamori","PreservedInsect","Regal Pillow","Girya","Odd Mushroom"],"potions_floor_usage":[10,16],"damage_taken":[{"damage":6.0,"enemies":"2 Louse","floor":1.0,"turns":2.0},{"damage":0.0,"enemies":"Small Slimes","floor":3.0,"turns":3.0},{"damage":0,"enemies":"Cultist","floor":4,"turns":3},{"damage":34,"enemies":"3 Sentries","floor":7,"turns":9},{"damage":3,"enemies":"2 Fungi Beasts","floor":8,"turns":4},{"damage":11,"enemies":"Gremlin Nob","floor":10,"turns":3},{"damage":4,"enemies":"Blue Slaver","floor":11,"turns":5},{"damage":9,"enemies":"The Mushroom Lair","floor":14,"turns":4},{"damage":35,"enemies":"The Guardian","floor":16,"turns":13}],"seed_played":"7829178281539416684","potions_obtained":[{"floor":8,"key":"EssenceOfSteel"},{"floor":10,"key":"GamblersBrew"}],"is_trial":false,"path_per_floor":["M","?","M","M","?","R","E","M","T","E","M","?","R","?","R","B"],"character_chosen":"DEFECT","items_purchased":[],"campfire_rested":1,"item_purchase_floors":[],"current_hp_per_floor":[58,63,63,63,63,63,29,26,26,15,11,6,43,34,34,0],"gold":315,"neow_bonus":"BOSS_RELIC","is_prod":false,"is_daily":false,"chose_seed":false,"campfire_upgraded":1,"win_rate":0,"timestamp":1554351946,"path_taken":["M","?","M","M","?","R","E","M","T","E","?","?","R","?","R","BOSS"],"build_version":"2019-01-23","purchased_purges":0,"victory":false,"max_hp_per_floor":[71,76,76,76,76,76,76,76,76,76,76,76,76,76,76,76],"card_choices":[{"not_picked":["Coolheaded","Steam Power"],"picked":"Cold Snap","floor":1.0},{"not_picked":["Ball Lightning","Beam Cell"],"picked":"Cold Snap","floor":3},{"not_picked":["Steam","Turbo"],"picked":"Recycle","floor":4},{"not_picked":["Storm","Seek"],"picked":"White Noise","floor":7},{"not_picked":["Cold Snap","Redo"],"picked":"Coolheaded","floor":8},{"not_picked":["Compile Driver","Stack"],"picked":"Capacitor","floor":10},{"not_picked":["Auto Shields","Beam Cell","Barrage"],"picked":"SKIP","floor":11},{"not_picked":["Cold Snap","Stack"],"picked":"White Noise","floor":14}],"player_experience":2859222,"relics_obtained":[{"floor":7,"key":"Omamori"},{"floor":9,"key":"PreservedInsect"},{"floor":10,"key":"Regal Pillow"},{"floor":14,"key":"Odd Mushroom"}],"event_choices":[{"damage_healed":0.0,"max_hp_gain":5.0,"max_hp_loss":0.0,"gold_gain":0.0,"event_name":"Big Fish","player_choice":"Donut","floor":2.0,"gold_loss":0.0,"damage_taken":0.0},{"cards_removed":["Cold Snap"],"damage_healed":0,"gold_gain":0,"player_choice":"Gave Card","damage_taken":0,"relics_obtained":["Mercury Hourglass"],"max_hp_gain":0,"max_hp_loss":0,"event_name":"WeMeetAgain","floor":5,"gold_loss":0},{"damage_healed":0,"gold_gain":0,"player_choice":"Success","damage_taken":5,"relics_obtained":["Girya"],"max_hp_gain":0,"max_hp_loss":0,"event_name":"Scrap Ooze","floor":12,"gold_loss":0},{"damage_healed":0,"gold_gain":0,"player_choice":"Fought Mushrooms","damage_taken":0,"max_hp_gain":0,"max_hp_loss":0,"event_name":"Mushrooms","floor":14,"gold_loss":0}],"is_beta":false,"boss_relics":[],"items_purged_floors":[],"is_endless":false,"potions_floor_spawned":[8,10],"killed_by":"The Guardian","ascension_level":20}