{"gold_per_floor":[113,28,28,178,189,189,214,214,214,214,231,241,256,268,268,346,346,365,377,377,377],"floor_reached":21,"playtime":857,"items_purged":[],"score":344,"play_id":"e1d587cd-e7e2-4052-a1ff-e97dd2d3e549","local_time":"20190402200433","is_ascension_mode":true,"campfire_choices":[{"floor":6,"key":"REST"},{"data":"White Noise","floor":8,"key":"SMITH"},{"floor":10,"key":"REST"},{"floor":15,"key":"REST"}],"neow_cost":"NONE","seed_source_timestamp":1659116155987438,"circlet_count":0,"master_deck":["AscendersBane","Strike_B","Strike_B","Strike_B","Strike_B","Defend_B","Defend_B","Defend_B","Defend_B","Zap","Dualcast","Static Discharge","Defragment","Doubt","White Noise+1","Ball Lightning","Heatsinks","Echo Form","Hello World","Electrodynamics","White Noise+1","Conserve Battery+1","Decay"],"relics":["Cracked Core","Ancient Tea Set","Toxic Egg 2","Eternal Feather"],"potions_floor_usage":[7,14,16,16,19],"damage_taken":[{"damage":7,"enemies":"2 Louse","floor":1,"turns":3},{"damage":12,"enemies":"Jaw Worm","floor":5,"turns":3},{"damage":11,"enemies":"Gremlin Nob","floor":7,"turns":3},{"damage":13,"enemies":"Small Slimes","floor":11,"turns":2},{"damage":6,"enemies":"3 Louse","floor":12,"turns":3},{"damage":16,"enemies":"Large Slime","floor":13,"turns":5},{"damage":12,"enemies":"Looter","floor":14,"turns":3},{"damage":27,"enemies":"The Guardian","floor":16,"turns":9},{"damage":39,"enemies":"2 Thieves","floor":18,"turns":3},{"damage":13,"enemies":"Chosen","floor":19,"turns":5},{"damage":26,"enemies":"Snecko","floor":21,"turns":3}],"seed_played":"-2033876962902069686","potions_obtained":[{"floor":5,"key":"PowerPotion"},{"floor":7,"key":"PowerPotion"},{"floor":12,"key":"FearPotion"},{"floor":14,"key":"Weak Potion"},{"floor":18,"key":"Swift Potion"}],"is_trial":false,"path_per_floor":["M","$","?","?","M","R","E","R","T","R","M","M","M","M","R","B",null,"M","M","?","M"],"character_chosen":"DEFECT","items_purchased":["Defragment"],"campfire_rested":3,"item_purchase_floors":[2],"current_hp_per_floor":[64,64,69,69,57,81,70,70,70,83,70,64,48,36,60,33,71,32,19,19,0],"gold":377,"neow_bonus":"TEN_PERCENT_HP_BONUS","is_prod":false,"is_daily":false,"chose_seed":false,"campfire_upgraded":1,"win_rate":0,"timestamp":1554224673,"path_taken":["M","$","?","?","M","R","E","R","T","R","M","M","M","M","R","BOSS","M","M","?","M"],"build_version":"2019-01-23","purchased_purges":0,"victory":false,"max_hp_per_floor":[78,78,83,83,83,83,83,83,83,83,83,83,83,83,83,83,83,83,83,83,83],"card_choices":[{"not_picked":["Barrage","Gash"],"picked":"Static Discharge","floor":1},{"not_picked":["Streamline","Gash"],"picked":"White Noise","floor":5},{"not_picked":["All For One","Tempest","Steam Power"],"picked":"SKIP","floor":7},{"not_picked":["Go for the Eyes","Double Energy+1"],"picked":"Ball Lightning","floor":11},{"not_picked":["Consume+1","Turbo+1"],"picked":"Heatsinks","floor":12},{"not_picked":["Conserve Battery+1","Sweeping Beam"],"picked":"Echo Form","floor":13},{"not_picked":["Leap+1","Conserve Battery+1"],"picked":"Hello World","floor":14},{"not_picked":["Reboot+1","Rainbow+1"],"picked":"Electrodynamics","floor":16},{"not_picked":["Double Energy+1","Gash"],"picked":"White Noise+1","floor":18},{"not_picked":["Compile Driver","Steam Power+1"],"picked":"Conserve Battery+1","floor":19}],"player_experience":1153085,"relics_obtained":[{"floor":7,"key":"Ancient Tea Set"},{"floor":9,"key":"Toxic Egg 2"}],"event_choices":[{"damage_healed":0,"gold_gain":0,"player_choice":"Donut","damage_taken":0,"max_hp_gain":5,"max_hp_loss":0,"event_name":"Big Fish","floor":3,"gold_loss":0},{"damage_healed":0,"gold_gain":150,"player_choice":"AGREE","damage_taken":0,"max_hp_gain":0,"max_hp_loss":0,"event_name":"Liars Game","floor":4,"gold_loss":0,"cards_obtained":["Doubt"]},{"damage_healed":0,"gold_gain":0,"player_choice":"Smashed Altar","damage_taken":0,"max_hp_gain":0,"max_hp_loss":0,"event_name":"Forgotten Altar","floor":20,"gold_loss":0,"cards_obtained":["Decay"]}],"is_beta":false,"boss_relics":[{"not_picked":["Ectoplasm","FrozenCore"],"picked":"Eternal Feather"}],"items_purged_floors":[],"is_endless":false,"potions_floor_spawned":[5,7,12,14,18],"killed_by":"Snecko","ascension_level":18}