{"gold_per_floor":[111,111,111,125,44,44,69,69,69,69,89,89,116,129,129,202,202,222,253,264,264,264,264,264],"floor_reached":24,"playtime":535,"items_purged":[],"score":454,"play_id":"e7e6fcd3-ac7f-47f7-9100-1644d1af88ac","local_time":"20190401122624","is_ascension_mode":true,"campfire_choices":[{"data":"Rampage","floor":6,"key":"SMITH"},{"data":"Defend_R","floor":10,"key":"SMITH"},{"data":"Ghostly Armor","floor":12,"key":"SMITH"},{"data":"Pommel Strike","floor":15,"key":"SMITH"},{"floor":23,"key":"REST"}],"neow_cost":"NONE","seed_source_timestamp":263922433949499,"circlet_count":0,"master_deck":["AscendersBane","Strike_R","Strike_R","Strike_R","Strike_R","Defend_R+1","Defend_R+1","Defend_R+1","Defend_R+1","Bash+1","Pommel Strike+1","Rampage+1","Ghostly Armor+1","Barricade","Evolve+1"],"relics":["Burning Blood","NeowsBlessing","War Paint","Incense Burner","Strawberry","Runic Dome","Red Mask"],"potions_floor_usage":[19,22],"damage_taken":[{"damage":0,"enemies":"Jaw Worm","floor":1,"turns":1},{"damage":0,"enemies":"2 Louse","floor":4,"turns":1},{"damage":0,"enemies":"Lagavulin","floor":7,"turns":1},{"damage":2,"enemies":"Small Slimes","floor":11,"turns":3},{"damage":9,"enemies":"Gremlin Nob","floor":13,"turns":4},{"damage":15,"enemies":"Exordium Wildlife","floor":14,"turns":3},{"damage":18,"enemies":"The Guardian","floor":16,"turns":12},{"damage":18,"enemies":"3 Byrds","floor":18,"turns":7},{"damage":41,"enemies":"Masked Bandits","floor":19,"turns":5},{"damage":0,"enemies":"Chosen","floor":20,"turns":6},{"damage":15,"enemies":"Colosseum Slavers","floor":22,"turns":7},{"damage":49,"enemies":"Book of Stabbing","floor":24,"turns":4}],"seed_played":"-6921599463727567921","potions_obtained":[{"floor":1,"key":"Block Potion"},{"floor":7,"key":"EssenceOfSteel"},{"floor":11,"key":"PowerPotion"},{"floor":20,"key":"Ancient Potion"}],"is_trial":false,"path_per_floor":["M","?","?","M","$","R","E","$","T","R","M","R","E","M","R","B",null,"M","?","M","?","?","R","E"],"character_chosen":"IRONCLAD","items_purchased":["Rampage"],"campfire_rested":1,"item_purchase_floors":[5],"current_hp_per_floor":[74,74,51,57,57,57,63,63,63,63,67,67,71,62,62,50,74,62,27,33,33,24,48,0],"gold":264,"neow_bonus":"THREE_ENEMY_KILL","is_prod":false,"is_daily":false,"chose_seed":false,"campfire_upgraded":4,"win_rate":0,"timestamp":1554089184,"path_taken":["M","?","?","M","?","R","E","$","T","R","M","R","E","M","R","BOSS","M","?","M","?","?","R","E"],"build_version":"2019-01-23","purchased_purges":0,"victory":false,"max_hp_per_floor":[75,75,75,75,75,75,75,75,75,75,75,75,82,82,82,82,82,82,82,82,82,82,82,82],"card_choices":[{"not_picked":["Combust","Intimidate","Sword Boomerang"],"picked":"SKIP","floor":1},{"not_picked":["Havoc","Pommel Strike","Rage"],"picked":"SKIP","floor":4},{"not_picked":["Pummel","Infernal Blade","Twin Strike"],"picked":"SKIP","floor":7},{"not_picked":["Pommel Strike","Combust"],"picked":"Ghostly Armor","floor":11},{"not_picked":["Dual Wield","Flex","Wild Strike"],"picked":"SKIP","floor":13},{"not_picked":["Infernal Blade","Cleave","Body Slam"],"picked":"SKIP","floor":14},{"not_picked":["Immolate","Bludgeon"],"picked":"Barricade","floor":16},{"not_picked":["Headbutt","Cleave","Reckless Charge"],"picked":"SKIP","floor":18},{"not_picked":["Searing Blow","Disarm"],"picked":"Evolve+1","floor":19},{"not_picked":["Sword Boomerang","Havoc","Metallicize"],"picked":"SKIP","floor":20}],"player_experience":2794567,"relics_obtained":[{"floor":7,"key":"War Paint"},{"floor":9,"key":"Incense Burner"},{"floor":13,"key":"Strawberry"},{"floor":19,"key":"Red Mask"}],"event_choices":[{"damage_healed":0,"gold_gain":0,"cards_transformed":["Strike_R"],"player_choice":"Change","damage_taken":0,"max_hp_gain":0,"max_hp_loss":0,"event_name":"Living Wall","floor":2,"gold_loss":0,"cards_obtained":["Pommel Strike"]},{"damage_healed":0,"gold_gain":0,"player_choice":"Entered Light","damage_taken":23,"max_hp_gain":0,"max_hp_loss":0,"event_name":"Shining Light","floor":3,"gold_loss":0,"cards_upgraded":["Defend_R","Bash"]},{"damage_healed":0,"gold_gain":0,"player_choice":"Fought Bandits","damage_taken":0,"max_hp_gain":0,"max_hp_loss":0,"event_name":"Masked Bandits","floor":19,"gold_loss":0},{"damage_healed":0,"gold_gain":0,"player_choice":"Ignored","damage_taken":0,"max_hp_gain":0,"max_hp_loss":0,"event_name":"The Mausoleum","floor":21,"gold_loss":0},{"damage_healed":0,"gold_gain":0,"player_choice":"Fight","damage_taken":0,"max_hp_gain":0,"max_hp_loss":0,"event_name":"Colosseum","floor":22,"gold_loss":0},{"damage_healed":0,"gold_gain":0,"player_choice":"Fled From Nobs","damage_taken":0,"max_hp_gain":0,"max_hp_loss":0,"event_name":"Colosseum","floor":22,"gold_loss":0}],"is_beta":false,"boss_relics":[{"not_picked":["Velvet Choker","Runic Pyramid"],"picked":"Runic Dome"}],"items_purged_floors":[],"is_endless":false,"potions_floor_spawned":[1,7,11,20],"killed_by":"Book of Stabbing","ascension_level":20}