{"gold_per_floor":[115,115,134,151,60,60,91,91,91,91,125,148,59,72,72,167,167,188,108,158,118,139,139,139],"floor_reached":24,"playtime":1071,"items_purged":[],"score":508,"play_id":"062c1f93-3f88-4994-99aa-871ac1ae36dd","local_time":"20190307205812","is_ascension_mode":true,"campfire_choices":[{"data":"Discovery","floor":6,"key":"SMITH"},{"data":"Feel No Pain","floor":15,"key":"SMITH"},{"data":"Barricade","floor":23,"key":"SMITH"}],"neow_cost":"NONE","seed_source_timestamp":19217583026600,"circlet_count":0,"master_deck":["AscendersBane","Strike_R","Strike_R","Strike_R","Defend_R","Defend_R","Defend_R","Defend_R","Bash","Evolve","Discovery+1","Flame Barrier","Dropkick","Barricade+1","True Grit","Feel No Pain+1","Power Through"],"relics":["Black Blood","NeowsBlessing","Pocketwatch","Golden Idol","Ice Cream","Orichalcum"],"potions_floor_usage":[11,16,16,24,24],"damage_taken":[{"damage":0,"enemies":"2 Louse","floor":1,"turns":1},{"damage":0,"enemies":"Cultist","floor":3,"turns":1},{"damage":0,"enemies":"Small Slimes","floor":4,"turns":1},{"damage":44,"enemies":"Lagavulin","floor":7,"turns":10},{"damage":32,"enemies":"Gremlin Nob","floor":11,"turns":4},{"damage":0,"enemies":"Looter","floor":12,"turns":2},{"damage":7,"enemies":"Red Slaver","floor":14,"turns":9},{"damage":0,"enemies":"Hexaghost","floor":16,"turns":17},{"damage":5,"enemies":"3 Byrds","floor":18,"turns":6},{"damage":7,"enemies":"2 Thieves","floor":19,"turns":4},{"damage":27,"enemies":"Snake Plant","floor":22,"turns":7},{"damage":46,"enemies":"Gremlin Leader","floor":24,"turns":7}],"seed_played":"7015347267288927699","potions_obtained":[{"floor":4,"key":"Fire Potion"},{"floor":11,"key":"Dexterity Potion"},{"floor":12,"key":"SkillPotion"},{"floor":21,"key":"Block Potion"},{"floor":21,"key":"PowerPotion"}],"is_trial":false,"path_per_floor":["M","?","M","M","$","R","E","?","T","?","E","M","$","M","R","B",null,"M","M","?","?","M","R","E"],"character_chosen":"IRONCLAD","items_purchased":["Discovery","Feel No Pain"],"campfire_rested":0,"item_purchase_floors":[5,13],"current_hp_per_floor":[74,74,75,75,75,75,37,37,37,37,11,17,17,16,16,22,57,62,65,65,65,48,48,2],"gold":139,"neow_bonus":"THREE_ENEMY_KILL","is_prod":false,"is_daily":false,"chose_seed":false,"campfire_upgraded":3,"win_rate":0,"timestamp":1551959892,"path_taken":["M","?","M","?","?","R","E","?","T","?","E","?","?","M","R","BOSS","M","M","?","?","M","R","E"],"build_version":"2019-01-23","purchased_purges":0,"victory":false,"max_hp_per_floor":[75,75,75,75,75,75,75,68,68,68,68,68,68,68,68,68,68,68,68,68,68,68,68,68],"card_choices":[{"not_picked":["Headbutt","Corruption","Armaments"],"picked":"SKIP","floor":1},{"not_picked":["Sword Boomerang","Wild Strike","Armaments"],"picked":"SKIP","floor":3},{"not_picked":["Iron Wave","Anger"],"picked":"Evolve","floor":4},{"not_picked":["Ghostly Armor","Uppercut"],"picked":"Flame Barrier","floor":7},{"not_picked":["Armaments","Inflame"],"picked":"Barricade","floor":11},{"not_picked":["Cleave","Blood for Blood"],"picked":"True Grit","floor":12},{"not_picked":["Cleave","Armaments","Heavy Blade"],"picked":"SKIP","floor":14},{"not_picked":["Wild Strike","Clothesline+1"],"picked":"Power Through","floor":18},{"not_picked":["Cleave","Perfected Strike","Blood for Blood"],"picked":"SKIP","floor":19},{"not_picked":["True Grit","Carnage","Battle Trance"],"picked":"SKIP","floor":22}],"player_experience":2063353,"relics_obtained":[{"floor":7,"key":"Pocketwatch"},{"floor":9,"key":"Ice Cream"},{"floor":11,"key":"Orichalcum"}],"event_choices":[{"cards_removed":["Strike_R"],"damage_healed":0,"gold_gain":0,"player_choice":"Offered Basic","damage_taken":0,"max_hp_gain":0,"max_hp_loss":0,"event_name":"Bonfire Elementals","floor":2,"gold_loss":0},{"damage_healed":0,"gold_gain":0,"player_choice":"Lose Max HP","damage_taken":0,"relics_obtained":["Golden Idol"],"max_hp_gain":0,"max_hp_loss":7,"event_name":"Golden Idol","floor":8,"gold_loss":0},{"damage_healed":0,"gold_gain":0,"cards_transformed":["Strike_R"],"player_choice":"Transformed","damage_taken":0,"max_hp_gain":0,"max_hp_loss":0,"event_name":"Transmorgrifier","floor":10,"gold_loss":0,"cards_obtained":["Dropkick"]},{"damage_healed":0,"gold_gain":50,"player_choice":"Stole From Cult","damage_taken":0,"max_hp_gain":0,"max_hp_loss":0,"event_name":"Nest","floor":20,"gold_loss":0},{"damage_healed":0,"gold_gain":0,"player_choice":"Bought 3 Potions","damage_taken":0,"max_hp_gain":0,"max_hp_loss":0,"event_name":"The Woman in Blue","floor":21,"gold_loss":0}],"is_beta":false,"boss_relics":[{"not_picked":["Eternal Feather","Runic Cube"],"picked":"Black Blood"}],"items_purged_floors":[],"is_endless":false,"potions_floor_spawned":[4,11,12,22],"killed_by":"Gremlin Leader","ascension_level":20}