{"gold_per_floor":[17,33,33,33,33,33,52,87,135,135,147,179,179,190,190,190],"floor_reached":16,"playtime":644,"items_purged":[],"score":138,"play_id":"9a271f29-f43e-4f3f-a923-cc2579d8e203","local_time":"20180919192028","is_ascension_mode":true,"campfire_choices":[{"data":"Bash","floor":6,"key":"SMITH"},{"floor":10,"key":"REST"},{"data":"Metallicize","floor":13,"key":"SMITH"},{"data":"Flame Barrier","floor":15,"key":"SMITH"}],"neow_cost":"NO_GOLD","seed_source_timestamp":545097981187808,"circlet_count":0,"master_deck":["Strike_R","Strike_R","Strike_R","Strike_R","Defend_R","Defend_R","Defend_R","Defend_R+1","Bash+1","Armaments","Metallicize+1","Iron Wave","Iron Wave","Flame Barrier+1","Armaments","True Grit"],"relics":["Burning Blood","Du-Vu Doll","Happy Flower","Oddly Smooth Stone","Centennial Puzzle"],"potions_floor_usage":[8,12],"damage_taken":[{"damage":6,"enemies":"Cultist","floor":1,"turns":4},{"damage":9,"enemies":"Jaw Worm","floor":2,"turns":3},{"damage":0,"enemies":"Small Slimes","floor":7,"turns":3},{"damage":25,"enemies":"3 Sentries","floor":8,"turns":11},{"damage":0,"enemies":"2 Fungi Beasts","floor":11,"turns":4},{"damage":22,"enemies":"Gremlin Nob","floor":12,"turns":4},{"damage":6,"enemies":"Exordium Wildlife","floor":14,"turns":5},{"damage":62,"enemies":"Hexaghost","floor":16,"turns":16}],"seed_played":"-6932677199008832446","potions_obtained":[{"floor":7,"key":"Poison Potion"},{"floor":8,"key":"PowerPotion"},{"floor":12,"key":"FearPotion"}],"is_trial":false,"path_per_floor":["M","M","?","?","$","R","M","E","T","R","M","E","R","M","R"],"character_chosen":"IRONCLAD","items_purchased":[],"campfire_rested":1,"item_purchase_floors":[],"current_hp_per_floor":[80,77,61,61,61,61,67,48,48,72,78,62,62,62,62,0],"gold":190,"neow_bonus":"ONE_RARE_RELIC","is_prod":false,"is_daily":false,"chose_seed":false,"campfire_upgraded":3,"win_rate":0,"timestamp":1537399228,"path_taken":["M","M","?","?","?","R","M","E","T","R","?","E","R","M","R","BOSS"],"build_version":"2018-09-06","purchased_purges":0,"victory":false,"max_hp_per_floor":[80,80,80,80,80,80,80,80,80,80,80,80,80,80,80,80],"card_choices":[{"not_picked":["Twin Strike","Thunderclap"],"picked":"Armaments","floor":1},{"not_picked":["Clash","Hemokinesis"],"picked":"Metallicize","floor":2},{"not_picked":["Twin Strike","Armaments"],"picked":"Iron Wave","floor":7},{"not_picked":["Barricade","Second Wind"],"picked":"Iron Wave","floor":8},{"not_picked":["Armaments","Spot Weakness"],"picked":"Flame Barrier","floor":11},{"not_picked":["Rupture","Thunderclap"],"picked":"Armaments","floor":12},{"not_picked":["Feel No Pain","Twin Strike"],"picked":"True Grit","floor":14}],"player_experience":128713,"relics_obtained":[{"floor":8,"key":"Happy Flower"},{"floor":9,"key":"Oddly Smooth Stone"},{"floor":12,"key":"Centennial Puzzle"}],"event_choices":[{"event_name":"Shining Light","player_choice":"Entered Light","floor":3,"damage_taken":0},{"event_name":"Purifier","player_choice":"One Purge","floor":4,"damage_taken":0}],"is_beta":false,"boss_relics":[],"items_purged_floors":[],"is_endless":false,"potions_floor_spawned":[7,8,12],"killed_by":"Hexaghost","ascension_level":5}