{"path_per_floor":["M","?","$","$","M","E","R","$","T","M","?","M","M","M","R","B",null,"M","?","$","M","?","E","R"],"character_chosen":"IRONCLAD","items_purchased":["Sever Soul","Limit Break","Demon Form","Spot Weakness","Jack Of All Trades"],"gold_per_floor":[365,365,297,297,315,345,345,42,42,54,54,70,88,107,107,210,210,165,165,23,23,23,23,23,23],"floor_reached":25,"campfire_rested":2,"playtime":1240,"current_hp_per_floor":[72,72,72,72,72,46,46,46,46,40,40,27,33,33,54,8,56,32,32,32,17,27,22,46,0],"items_purged":[],"gold":23,"score":332,"play_id":"d71b684d-c3bc-4a9d-a885-3bd118974955","local_time":"20180428173533","is_prod":false,"is_daily":false,"chose_seed":false,"is_ascension_mode":true,"campfire_upgraded":0,"timestamp":1524926133,"path_taken":["M","?","?","$","M","E","R","$","T","?","?","?","M","M","R","BOSS","M","?","$","M","?","E","R","E"],"build_version":"2018-04-26","seed_source_timestamp":0,"purchased_purges":0,"victory":false,"master_deck":["Strike_R","Strike_R","Strike_R","Strike_R","Strike_R","Defend_R","Defend_R","Defend_R","Defend_R","Bash","Clash","Inflame","Bash","Sever Soul","Dual Wield","Rage","Limit Break+1","Demon Form","Heavy Blade","Heavy Blade","Dual Wield","Bludgeon","Spot Weakness","Jack Of All Trades","Twin Strike+1","Armaments"],"max_hp_per_floor":[72,72,72,72,72,72,72,72,72,72,72,72,72,72,72,72,72,72,72,72,72,82,82,82,82],"relics":["Burning Blood","Girya","Pen Nib","Ectoplasm","Pear","Anchor"],"card_choices":[{"not_picked":["Heavy Blade","Body Slam"],"picked":"Clash","floor":1.0},{"not_picked":["Clothesline","Twin Strike"],"picked":"Dual Wield","floor":5.0},{"not_picked":["Twin Strike","Searing Blow"],"picked":"Rage","floor":6.0},{"not_picked":["Juggernaut","Bloodletting"],"picked":"Heavy Blade","floor":12.0},{"not_picked":["Headbutt","Wild Strike"],"picked":"Heavy Blade","floor":13.0},{"not_picked":["Warcry","True Grit"],"picked":"Dual Wield","floor":14.0},{"not_picked":["Brutality","Dark Embrace"],"picked":"Bludgeon","floor":16},{"not_picked":["Warcry","Blood for Blood"],"picked":"Twin Strike","floor":21},{"not_picked":["Shrug It Off","Demon Form"],"picked":"Armaments","floor":23}],"player_experience":381588,"potions_floor_usage":[18,23],"damage_taken":[{"damage":5.0,"enemies":"2 Louse","floor":1.0,"turns":4.0},{"damage":1.0,"enemies":"Cultist","floor":5.0,"turns":3.0},{"damage":32.0,"enemies":"Gremlin Nob","floor":6.0,"turns":4.0},{"damage":12.0,"enemies":"Jaw Worm","floor":10.0,"turns":3.0},{"damage":19.0,"enemies":"Gremlin Gang","floor":12.0,"turns":4.0},{"damage":0.0,"enemies":"Blue Slaver","floor":13.0,"turns":2.0},{"damage":6.0,"enemies":"3 Louse","floor":14.0,"turns":3.0},{"damage":52,"enemies":"Hexaghost","floor":16,"turns":8},{"damage":30,"enemies":"2 Thieves","floor":18,"turns":4},{"damage":21,"enemies":"Shell Parasite","floor":21,"turns":4},{"damage":15,"enemies":"Gremlin Leader","floor":23,"turns":5},{"damage":50,"enemies":"Book of Stabbing","floor":25,"turns":4}],"event_choices":[{"event_name":"Match and Keep!","player_choice":"2 cards matched","floor":2.0,"damage_taken":0.0},{"event_name":"Upgrade Shrine","player_choice":"Upgraded","floor":11.0,"damage_taken":0.0},{"event_name":"The Lab","player_choice":"Got Potions","floor":19,"damage_taken":0},{"event_name":"The Mausoleum","player_choice":"Yes","floor":22,"damage_taken":0}],"boss_relics":[{"not_picked":["Lizard Tail","Philosopher\u0027s Stone"],"picked":"Ectoplasm"}],"potions_floor_spawned":[5,10,12,14,16,21,23],"seed_played":"7423779959357660998","killed_by":"Book of Stabbing","ascension_level":7,"is_trial":false}