{"gold_per_floor":[116,116,30,30,105,139,156,181,204,204,218,234,234,245,245,322,322,341,180,180,196,196,229,229,229],"floor_reached":25,"playtime":1237,"items_purged":["Strike_B"],"score":508,"play_id":"1a7377ed-f87b-40bd-93fc-4a92ac5e7472","local_time":"20190404225502","is_ascension_mode":true,"campfire_choices":[{"floor":10,"key":"REST"},{"data":"Capacitor","floor":15,"key":"SMITH"},{"data":"Creative AI","floor":24,"key":"SMITH"}],"neow_cost":"NONE","seed_source_timestamp":3498002193319748,"circlet_count":0,"master_deck":["AscendersBane","Strike_B","Strike_B","Strike_B","Defend_B+1","Defend_B","Defend_B","Defend_B","Zap+1","Dualcast+1","Ball Lightning","Reinforced Body","Ball Lightning","Cold Snap","Capacitor+1","Creative AI+1","Heatsinks","Doom and Gloom","Force Field"],"relics":["Cracked Core","NeowsBlessing","Strawberry","Singing Bowl","Bronze Scales","Gremlin Horn","Sozu","Lantern"],"potions_floor_usage":[8,8,16],"damage_taken":[{"damage":0,"enemies":"Jaw Worm","floor":1,"turns":1},{"damage":0,"enemies":"3 Sentries","floor":6,"turns":1},{"damage":0,"enemies":"Small Slimes","floor":7,"turns":1},{"damage":36,"enemies":"Gremlin Nob","floor":8,"turns":4},{"damage":0,"enemies":"2 Louse","floor":11,"turns":1},{"damage":6,"enemies":"Looter","floor":12,"turns":2},{"damage":0,"enemies":"Large Slime","floor":14,"turns":4},{"damage":10,"enemies":"The Guardian","floor":16,"turns":11},{"damage":17,"enemies":"2 Thieves","floor":18,"turns":4},{"damage":16,"enemies":"3 Byrds","floor":21,"turns":2},{"damage":54,"enemies":"Gremlin Leader","floor":23,"turns":6},{"damage":33,"enemies":"Slavers","floor":25,"turns":2}],"seed_played":"-2567335799766921637","potions_obtained":[{"floor":7,"key":"EntropicBrew"},{"floor":8,"key":"LiquidBronze"}],"is_trial":false,"path_per_floor":["M","?","$","?","?","E","M","E","T","R","M","M","T","M","R","B",null,"M","$","?","M","?","E","R","E"],"character_chosen":"DEFECT","items_purchased":["Reinforced Body","Heatsinks"],"campfire_rested":1,"item_purchase_floors":[3,19],"current_hp_per_floor":[64,64,64,43,32,39,39,5,5,29,29,23,23,23,23,13,63,48,48,24,8,87,33,33,0],"gold":229,"neow_bonus":"THREE_ENEMY_KILL","is_prod":false,"is_daily":false,"chose_seed":false,"campfire_upgraded":2,"win_rate":0,"timestamp":1554389702,"path_taken":["M","?","$","?","?","E","M","E","T","R","M","M","?","M","R","BOSS","M","$","?","M","?","E","R","E"],"build_version":"2019-03-15","purchased_purges":1,"victory":false,"max_hp_per_floor":[71,71,71,71,71,78,78,80,80,80,80,80,80,80,80,80,80,82,82,87,87,87,87,87,87],"card_choices":[{"not_picked":["Redo","Melter"],"picked":"Ball Lightning","floor":1},{"not_picked":["Scrape","Gash"],"picked":"Reinforced Body","floor":6},{"not_picked":["Reinforced Body","Blizzard","Conserve Battery"],"picked":"SKIP","floor":7},{"not_picked":["Streamline","Stack","Steam"],"picked":"Singing Bowl","floor":8},{"not_picked":["Barrage","Tempest"],"picked":"Ball Lightning","floor":11},{"not_picked":["Steam","White Noise"],"picked":"Cold Snap","floor":12},{"not_picked":["Ball Lightning","Cold Snap"],"picked":"Capacitor","floor":14},{"not_picked":["Buffer","Thunder Strike"],"picked":"Creative AI","floor":16},{"not_picked":["Lockon","Go for the Eyes","Ball Lightning"],"picked":"Singing Bowl","floor":18},{"not_picked":["Storm","Hologram"],"picked":"Doom and Gloom","floor":21},{"not_picked":["White Noise","Rebound"],"picked":"Force Field","floor":23}],"player_experience":761231,"relics_obtained":[{"floor":6,"key":"Strawberry"},{"floor":8,"key":"Singing Bowl"},{"floor":9,"key":"Bronze Scales"},{"floor":13,"key":"Gremlin Horn"},{"floor":23,"key":"Lantern"}],"event_choices":[{"damage_healed":0,"gold_gain":0,"player_choice":"Grow","damage_taken":0,"max_hp_gain":0,"max_hp_loss":0,"event_name":"Living Wall","floor":2,"gold_loss":0,"cards_upgraded":["Zap"]},{"damage_healed":0,"gold_gain":0,"player_choice":"Entered Light","damage_taken":21,"max_hp_gain":0,"max_hp_loss":0,"event_name":"Shining Light","floor":4,"gold_loss":0,"cards_upgraded":["Defend_B","Dualcast"]},{"damage_healed":0,"gold_gain":75,"player_choice":"Gather Gold","damage_taken":11,"max_hp_gain":0,"max_hp_loss":0,"event_name":"World of Goop","floor":5,"gold_loss":0},{"damage_healed":0,"gold_gain":0,"player_choice":"Shed Blood","damage_taken":29,"max_hp_gain":5,"max_hp_loss":0,"event_name":"Forgotten Altar","floor":20,"gold_loss":0},{"cards_removed":["Reinforced Body"],"damage_healed":79,"gold_gain":0,"player_choice":"Offered Uncommon","damage_taken":0,"max_hp_gain":0,"max_hp_loss":0,"event_name":"Bonfire Elementals","floor":22,"gold_loss":0}],"is_beta":true,"boss_relics":[{"not_picked":["FrozenCore","Astrolabe"],"picked":"Sozu"}],"items_purged_floors":[19],"is_endless":false,"potions_floor_spawned":[7,8,11,12,18,23],"killed_by":"Slavers","ascension_level":20}