{"path_per_floor":["M","T","M","?","?","E","M","M","T","R","M","$","M","?","R","B",null,"M","?","M","?","?","R","?","E","T","M","?"],"character_chosen":"DEFECT","items_purchased":["Rainbow"],"gold_per_floor":[112,112,123,123,123,149,163,174,174,174,186,29,45,45,45,141,141,153,153,168,93,93,93,193,224,224,241,241,241],"floor_reached":29,"campfire_rested":2,"playtime":2368,"item_purchase_floors":[12],"current_hp_per_floor":[74,74,74,75,68,55,55,61,61,75,73,73,68,68,68,62,75,56,56,53,53,53,75,75,23,23,2,2,0],"items_purged":[],"gold":241,"score":255,"play_id":"1d6d39ac-58ec-47b9-aac2-50e6676bd856","local_time":"20180601202128","is_prod":false,"is_daily":false,"chose_seed":false,"is_ascension_mode":true,"campfire_upgraded":1,"win_rate":0.0,"timestamp":1527873688,"campfire_choices":[{"floor":10,"key":"REST"},{"data":"Zap","floor":15,"key":"SMITH"},{"floor":23,"key":"REST"}],"path_taken":["M","?","M","?","?","E","M","M","T","R","M","$","M","?","R","BOSS","M","?","M","?","?","R","?","E","T","M","?","M"],"build_version":"2018-05-31","seed_source_timestamp":941802648595950,"purchased_purges":0,"victory":false,"master_deck":["Strike_B","Strike_B","Strike_B","Defend_B","Defend_B","Defend_B","Zap+1","Dualcast","Redo+1","Leap","Ball Lightning","Barrage","Barrage","Rainbow","Cold Snap","Fission","Defragment","Capacitor","Fusion","Chill"],"max_hp_per_floor":[75,75,75,75,75,75,75,75,75,75,75,75,75,75,75,75,75,75,75,75,75,75,75,75,75,75,75,75,75],"relics":["Cracked Core","Pen Nib","Juzu Bracelet","Dodecahedron","Velvet Choker","Girya","Nloth\u0027s Gift"],"card_choices":[{"not_picked":["Sweeping Beam","Ball Lightning"],"picked":"Redo","floor":1},{"not_picked":["Scrape","Skim"],"picked":"Leap","floor":3},{"not_picked":["Hello World","Go for the Eyes"],"picked":"Ball Lightning","floor":6},{"not_picked":["Steam Power","Hologram"],"picked":"Barrage","floor":7},{"not_picked":["Multi-Cast","Hologram"],"picked":"Barrage","floor":8},{"not_picked":["Genetic Algorithm","Steam Power","Coolheaded"],"picked":"SKIP","floor":11},{"not_picked":["Compile Driver","Streamline"],"picked":"Cold Snap","floor":13},{"not_picked":["Machine Learning","Reboot"],"picked":"Fission","floor":16},{"not_picked":["White Noise","Hologram+1"],"picked":"Defragment","floor":18},{"not_picked":["Go for the Eyes","Beam Cell"],"picked":"Capacitor","floor":20},{"not_picked":["Hologram+1","Reinforced Body"],"picked":"Fusion","floor":25},{"not_picked":["Barrage","Sweeping Beam+1"],"picked":"Chill","floor":27}],"player_experience":449825,"potions_floor_usage":[6,8,27,29],"damage_taken":[{"damage":1,"enemies":"Cultist","floor":1,"turns":3},{"damage":0,"enemies":"Small Slimes","floor":3,"turns":2},{"damage":13,"enemies":"3 Sentries","floor":6,"turns":9},{"damage":0,"enemies":"2 Louse","floor":7,"turns":2},{"damage":3,"enemies":"Red Slaver","floor":8,"turns":3},{"damage":2,"enemies":"Blue Slaver","floor":11,"turns":3},{"damage":5,"enemies":"Looter","floor":13,"turns":2},{"damage":6,"enemies":"Slime Boss","floor":16,"turns":8},{"damage":19,"enemies":"Chosen","floor":18,"turns":6},{"damage":3,"enemies":"Shell Parasite","floor":20,"turns":5},{"damage":52,"enemies":"Slavers","floor":25,"turns":5},{"damage":21,"enemies":"Centurion and Healer","floor":27,"turns":5},{"damage":3,"enemies":"Snecko","floor":29,"turns":2}],"relics_obtained":[{"floor":2,"key":"Pen Nib"},{"floor":6,"key":"Juzu Bracelet"},{"floor":9,"key":"Dodecahedron"},{"floor":25,"key":"Girya"},{"floor":26,"key":"Shovel"}],"event_choices":[{"event_name":"Wheel of Change","player_choice":"Full Heal","floor":4,"damage_taken":0},{"event_name":"Golden Wing","player_choice":"Card Removal","floor":5,"damage_taken":0},{"event_name":"Living Wall","player_choice":"Grow","floor":14,"damage_taken":0},{"event_name":"Vampires","player_choice":"Ignored","floor":19,"damage_taken":0},{"event_name":"Beggar","player_choice":"Gave Gold","floor":21,"damage_taken":0},{"event_name":"Drug Dealer","player_choice":"Ignored","floor":22,"damage_taken":0},{"event_name":"Golden Shrine","player_choice":"Pray","floor":24,"damage_taken":0},{"event_name":"N\u0027loth","player_choice":"Traded a Shovel","floor":28,"damage_taken":0}],"boss_relics":[{"not_picked":["Cursed Key","Snecko Eye"],"picked":"Velvet Choker"}],"items_purged_floors":[],"potions_floor_spawned":[3,7,16,20],"seed_played":"-6456714016711860097","killed_by":"Snecko","ascension_level":1,"potions_obtained":[{"floor":3,"key":"SkillPotion"},{"floor":7,"key":"Regen Potion"},{"floor":16,"key":"Dexterity Potion"},{"floor":20,"key":"FocusPotion"}],"is_trial":false}