{"gold_per_floor":[118,118,118,132,132,132,159,172,199,231,249,277,277,287,287,358,358,375,389,443,443],"floor_reached":21,"playtime":535,"items_purged":[],"score":398,"play_id":"4fe9d3ae-be32-4c1a-80cc-d26138e6d113","local_time":"20190330210121","is_ascension_mode":true,"campfire_choices":[{"floor":6,"key":"REST"},{"floor":13,"key":"REST"},{"data":"Lockon","floor":15,"key":"SMITH"}],"neow_cost":"NONE","seed_source_timestamp":122017155679300,"circlet_count":0,"master_deck":["AscendersBane","Strike_B","Strike_B+1","Strike_B","Strike_B","Defend_B","Defend_B","Defend_B","Defend_B","Zap","Dualcast+1","Coolheaded","Ball Lightning","Ball Lightning+1","Core Surge+1","Lockon+1","Biased Cognition"],"relics":["Black Star","Anchor","PreservedInsect","Strawberry","Whetstone","Bag of Preparation","Pantograph","Mercury Hourglass","Regal Pillow","Lizard Tail"],"potions_floor_usage":[10,10,21],"damage_taken":[{"damage":14,"enemies":"Small Slimes","floor":1,"turns":4},{"damage":1,"enemies":"2 Louse","floor":4,"turns":3},{"damage":34,"enemies":"3 Sentries","floor":7,"turns":6},{"damage":0,"enemies":"Cultist","floor":8,"turns":3},{"damage":8,"enemies":"Lagavulin","floor":10,"turns":4},{"damage":0,"enemies":"Exordium Thugs","floor":11,"turns":2},{"damage":8,"enemies":"3 Sentries","floor":12,"turns":4},{"damage":2,"enemies":"Red Slaver","floor":14,"turns":3},{"damage":25,"enemies":"The Guardian","floor":16,"turns":9},{"damage":17,"enemies":"3 Byrds","floor":18,"turns":3},{"damage":30,"enemies":"2 Thieves","floor":19,"turns":4},{"damage":4,"enemies":"Masked Bandits","floor":21,"turns":3}],"seed_played":"-6521137900545918400","potions_obtained":[{"floor":7,"key":"Energy Potion"},{"floor":8,"key":"Swift Potion"},{"floor":10,"key":"SpeedPotion"},{"floor":11,"key":"Weak Potion"},{"floor":19,"key":"SkillPotion"}],"is_trial":false,"path_per_floor":["M","?","?","M","T","R","E","M","T","E","M","E","R","M","R","B",null,"M","M","T","?"],"character_chosen":"DEFECT","items_purchased":[],"campfire_rested":2,"item_purchase_floors":[],"current_hp_per_floor":[50,29,29,28,28,49,22,22,22,14,14,6,44,42,42,42,69,52,22,22,18],"gold":443,"neow_bonus":"BOSS_RELIC","is_prod":false,"is_daily":false,"chose_seed":false,"campfire_upgraded":1,"win_rate":0,"timestamp":1553947281,"path_taken":["M","?","?","?","?","R","E","M","T","E","M","E","R","M","R","BOSS","M","M","?","?"],"build_version":"2019-01-23","purchased_purges":0,"victory":false,"max_hp_per_floor":[71,71,71,71,71,71,78,78,78,78,78,78,78,78,78,78,78,78,78,78,78],"card_choices":[{"not_picked":["Double Energy","Redo"],"picked":"Coolheaded","floor":1},{"not_picked":["BootSequence","Gash"],"picked":"Ball Lightning","floor":4},{"not_picked":["Steam Power","Double Energy"],"picked":"Core Surge","floor":7},{"not_picked":["Sweeping Beam","Gash","Doom and Gloom"],"picked":"SKIP","floor":8},{"not_picked":["Coolheaded","Heatsinks"],"picked":"Lockon","floor":10},{"not_picked":["Streamline","Hello World","Chaos"],"picked":"SKIP","floor":11},{"not_picked":["Scrape","Rebound","Streamline"],"picked":"SKIP","floor":12},{"not_picked":["Go for the Eyes","Chaos","Sweeping Beam"],"picked":"SKIP","floor":14},{"not_picked":["Electrodynamics","Multi-Cast"],"picked":"Biased Cognition","floor":16},{"not_picked":["Rebound","Doom and Gloom+1","Streamline"],"picked":"SKIP","floor":18},{"not_picked":["Compile Driver","Sweeping Beam","Go for the Eyes"],"picked":"SKIP","floor":19}],"player_experience":2757546,"relics_obtained":[{"floor":5,"key":"Anchor"},{"floor":7,"key":"PreservedInsect"},{"floor":7,"key":"Strawberry"},{"floor":9,"key":"Whetstone"},{"floor":10,"key":"Bag of Preparation"},{"floor":10,"key":"Pantograph"},{"floor":12,"key":"Mercury Hourglass"},{"floor":12,"key":"Regal Pillow"}],"event_choices":[{"damage_healed":0,"gold_gain":0,"player_choice":"Entered Light","damage_taken":21,"max_hp_gain":0,"max_hp_loss":0,"event_name":"Shining Light","floor":2,"gold_loss":0,"cards_upgraded":["Strike_B","Dualcast"]},{"damage_healed":0,"gold_gain":0,"player_choice":"1 cards matched","damage_taken":0,"max_hp_gain":0,"max_hp_loss":0,"event_name":"Match and Keep!","floor":3,"gold_loss":0,"cards_obtained":["Ball Lightning"]},{"damage_healed":0,"gold_gain":0,"player_choice":"Fought Bandits","damage_taken":0,"max_hp_gain":0,"max_hp_loss":0,"event_name":"Masked Bandits","floor":21,"gold_loss":0}],"is_beta":false,"boss_relics":[{"not_picked":["Snecko Eye","Eternal Feather"],"picked":"Lizard Tail"}],"items_purged_floors":[],"is_endless":false,"potions_floor_spawned":[7,8,10,11,16,19],"killed_by":"Masked Bandits","ascension_level":20}