{"gold_per_floor":[116,131,131,35,35,35,35,35,35,50,78,78,103,118,118,118],"floor_reached":16,"playtime":303,"items_purged":[],"score":216,"play_id":"33609c1f-28f7-4f58-bc43-393ec93eb97b","local_time":"20190328220157","is_ascension_mode":true,"campfire_choices":[{"data":"Discovery","floor":6,"key":"SMITH"},{"data":"True Grit","floor":8,"key":"SMITH"},{"floor":12,"key":"REST"},{"data":"Rampage","floor":15,"key":"SMITH"}],"neow_cost":"NONE","seed_source_timestamp":11479460718800,"circlet_count":0,"master_deck":["AscendersBane","Strike_R","Strike_R","Strike_R","Strike_R","Strike_R","Defend_R","Defend_R","Defend_R","Defend_R","Bash","True Grit+1","Ghostly Armor","Discovery+1","Inflame","Rampage+1"],"relics":["Burning Blood","NeowsBlessing","Letter Opener","Dodecahedron","Potion Belt","Centennial Puzzle"],"potions_floor_usage":[13,14,14,14],"damage_taken":[{"damage":0,"enemies":"Jaw Worm","floor":1,"turns":1},{"damage":0,"enemies":"2 Louse","floor":2,"turns":1},{"damage":0,"enemies":"Small Slimes","floor":10,"turns":1},{"damage":45,"enemies":"Lagavulin","floor":11,"turns":7},{"damage":21,"enemies":"3 Sentries","floor":13,"turns":7},{"damage":16,"enemies":"Exordium Wildlife","floor":14,"turns":6},{"damage":0,"enemies":"Hexaghost","floor":16,"turns":2}],"seed_played":"-8335661502480241090","potions_obtained":[{"floor":2,"key":"SneckoOil"},{"floor":10,"key":"Swift Potion"},{"floor":11,"key":"Explosive Potion"},{"floor":13,"key":"Swift Potion"}],"is_trial":false,"path_per_floor":["M","M","?","$","?","R","?","R","T","M","E","R","E","M","R","B"],"character_chosen":"IRONCLAD","items_purchased":["Discovery"],"campfire_rested":1,"item_purchase_floors":[4],"current_hp_per_floor":[74,75,75,75,57,57,46,46,46,52,13,35,20,10,10,10],"gold":118,"neow_bonus":"THREE_ENEMY_KILL","is_prod":false,"is_daily":false,"chose_seed":false,"campfire_upgraded":3,"win_rate":0,"timestamp":1553778117,"path_taken":["M","M","?","$","?","R","?","R","T","?","E","R","E","M","R","BOSS"],"build_version":"2019-01-23","purchased_purges":0,"victory":false,"max_hp_per_floor":[75,75,75,75,75,75,75,75,75,75,75,75,75,75,75,75],"card_choices":[{"not_picked":["Havoc","Iron Wave"],"picked":"True Grit","floor":1},{"not_picked":["Infernal Blade","Twin Strike"],"picked":"Ghostly Armor","floor":2},{"not_picked":["Shrug It Off","Pommel Strike"],"picked":"Inflame","floor":10},{"not_picked":["True Grit","Rupture","Hemokinesis"],"picked":"SKIP","floor":11},{"not_picked":["Infernal Blade","Double Tap"],"picked":"Rampage","floor":13},{"not_picked":["Havoc","Warcry","Anger"],"picked":"SKIP","floor":14}],"player_experience":2692181,"relics_obtained":[{"floor":9,"key":"Dodecahedron"},{"floor":11,"key":"Potion Belt"},{"floor":13,"key":"Centennial Puzzle"}],"event_choices":[{"damage_healed":0,"gold_gain":0,"player_choice":"Leave","damage_taken":0,"max_hp_gain":0,"max_hp_loss":0,"event_name":"The Cleric","floor":3,"gold_loss":0},{"damage_healed":0,"gold_gain":0,"player_choice":"Success","damage_taken":18,"relics_obtained":["Letter Opener"],"max_hp_gain":0,"max_hp_loss":0,"event_name":"Scrap Ooze","floor":5,"gold_loss":0},{"damage_healed":0,"gold_gain":0,"player_choice":"Damaged","damage_taken":11,"max_hp_gain":0,"max_hp_loss":0,"event_name":"Wheel of Change","floor":7,"gold_loss":0}],"is_beta":false,"boss_relics":[],"items_purged_floors":[],"is_endless":false,"potions_floor_spawned":[2,10,11,13],"killed_by":"Hexaghost","ascension_level":20}