{"gold_per_floor":[115,132,152,170,170,170,180,180,254,279,279,323,323,336,336,429,429,449,474,109,123,123,123,123,123,146,187,202,226,226,226,226,316,316,335,359,359,359],"floor_reached":38,"playtime":2656,"items_purged":[],"score":771,"play_id":"d9e25933-fe2a-4a3c-88f7-b265f282496f","local_time":"20181225201941","is_ascension_mode":true,"campfire_choices":[{"data":"Uppercut","floor":6.0,"key":"SMITH"},{"data":"Battle Trance","floor":8.0,"key":"SMITH"},{"data":"Armaments","floor":15.0,"key":"SMITH"},{"data":"Panache","floor":23.0,"key":"SMITH"},{"data":"1","floor":25.0,"key":"LIFT"},{"data":"Fiend Fire","floor":30.0,"key":"SMITH"},{"data":"2","floor":32.0,"key":"LIFT"}],"neow_cost":"NONE","seed_source_timestamp":26104853146527,"circlet_count":0,"master_deck":["AscendersBane","Strike_R+1","Strike_R+1","Strike_R+1","Strike_R+1","Strike_R+1","Defend_R+1","Defend_R+1","Defend_R+1","Defend_R+1","Bash","Uppercut+1","Headbutt","Battle Trance+1","Dropkick","Pummel","Armaments+1","Fiend Fire+1","Pommel Strike+1","Panache+1","Impervious","Disarm","Ghostly Armor","Dark Embrace","Flame Barrier","Writhe","Limit Break","Shrug It Off"],"special_seed":0,"relics":["Burning Blood","Potion Belt","Shuriken","Girya","Golden Idol","Happy Flower","Philosopher\u0027s Stone","Bag of Preparation","Dodecahedron","Juzu Bracelet","Eternal Feather"],"potions_floor_usage":[35,36],"damage_taken":[{"damage":7.0,"enemies":"Jaw Worm","floor":1.0,"turns":3.0},{"damage":1.0,"enemies":"2 Louse","floor":2.0,"turns":4.0},{"damage":0.0,"enemies":"Small Slimes","floor":3.0,"turns":3.0},{"damage":5.0,"enemies":"2 Fungi Beasts","floor":4.0,"turns":4.0},{"damage":20.0,"enemies":"3 Louse","floor":7.0,"turns":4.0},{"damage":25.0,"enemies":"Lagavulin","floor":10.0,"turns":5.0},{"damage":30.0,"enemies":"3 Sentries","floor":12.0,"turns":7.0},{"damage":9.0,"enemies":"Blue Slaver","floor":14.0,"turns":3.0},{"damage":5.0,"enemies":"Hexaghost","floor":16.0,"turns":9.0},{"damage":5.0,"enemies":"Chosen","floor":18.0,"turns":4.0},{"damage":13.0,"enemies":"Shell Parasite","floor":19.0,"turns":4.0},{"damage":8.0,"enemies":"Centurion and Healer","floor":21.0,"turns":6.0},{"damage":5.0,"enemies":"Gremlin Leader","floor":27.0,"turns":4.0},{"damage":1.0,"enemies":"Snecko","floor":28.0,"turns":3.0},{"damage":11.0,"enemies":"Cultist and Chosen","floor":29.0,"turns":4.0},{"damage":62.0,"enemies":"Champ","floor":33.0,"turns":11.0},{"damage":31,"enemies":"3 Darklings","floor":35,"turns":5},{"damage":17,"enemies":"3 Shapes","floor":36,"turns":7},{"damage":33,"enemies":"Jaw Worm Horde","floor":38,"turns":2}],"seed_played":"-6064340089343172025","potions_obtained":[{"floor":2.0,"key":"Poison Potion"},{"floor":3.0,"key":"SneckoOil"},{"floor":10.0,"key":"EssenceOfSteel"},{"floor":12.0,"key":"Weak Potion"},{"floor":16.0,"key":"SkillPotion"},{"floor":28.0,"key":"Explosive Potion"},{"floor":29.0,"key":"Regen Potion"},{"floor":33.0,"key":"Regen Potion"},{"floor":35,"key":"EssenceOfSteel"}],"is_trial":false,"path_per_floor":["M","M","M","M","?","R","M","R","T","E","?","E","?","M","R","B",null,"M","M","$","M","?","R","?","R","T","E","M","M","R","?","R","B",null,"M","M","?","M"],"character_chosen":"IRONCLAD","items_purchased":["Panache","Impervious"],"campfire_rested":0,"item_purchase_floors":[20,20],"current_hp_per_floor":[67,72,75,75,80,80,66,66,66,47,47,23,23,20,20,21,59,60,53,53,51,51,51,51,51,51,52,57,52,52,52,52,11,57,41,30,30,0],"gold":359,"neow_bonus":"RANDOM_COMMON_RELIC","is_prod":false,"is_daily":false,"chose_seed":false,"campfire_upgraded":5,"win_rate":0,"timestamp":1545740381,"path_taken":["M","M","M","M","?","R","M","R","T","E","?","E","?","M","R","BOSS","M","M","$","M","?","R","?","R","T","E","M","M","R","?","R","BOSS","M","M","?","M"],"build_version":"2018-12-20","purchased_purges":0,"victory":false,"max_hp_per_floor":[75,75,75,75,80,80,80,80,80,80,72,72,72,72,72,72,72,72,72,72,72,72,72,72,72,72,72,72,72,72,72,72,72,72,72,72,68,68],"card_choices":[{"not_picked":["Wild Strike","Intimidate"],"picked":"Uppercut","floor":1.0},{"not_picked":["Dropkick","Pommel Strike"],"picked":"Headbutt","floor":2.0},{"not_picked":["Flex","Clash","Sentinel"],"picked":"SKIP","floor":3.0},{"not_picked":["Seeing Red","Headbutt","Body Slam"],"picked":"SKIP","floor":4.0},{"not_picked":["Iron Wave","Rupture"],"picked":"Battle Trance","floor":7.0},{"not_picked":["Spot Weakness","Iron Wave"],"picked":"Dropkick","floor":10.0},{"not_picked":["Wild Strike","Infernal Blade"],"picked":"Pummel","floor":12.0},{"not_picked":["Dark Embrace","True Grit"],"picked":"Armaments","floor":14.0},{"not_picked":["Dark Embrace","Juggernaut"],"picked":"Fiend Fire","floor":16.0},{"not_picked":["Twin Strike","Thunderclap","Headbutt"],"picked":"SKIP","floor":18.0},{"not_picked":["Thunderclap","Sever Soul"],"picked":"Pommel Strike+1","floor":19.0},{"not_picked":["Wild Strike","Searing Blow"],"picked":"Disarm","floor":21.0},{"not_picked":["Carnage","Blood for Blood","Dark Embrace"],"picked":"SKIP","floor":27.0},{"not_picked":["Carnage","Blood for Blood"],"picked":"Dark Embrace","floor":27.0},{"not_picked":["Headbutt","Cleave"],"picked":"Flame Barrier","floor":28.0},{"not_picked":["Heavy Blade","Flex+1","Dual Wield"],"picked":"SKIP","floor":29.0},{"not_picked":["Bludgeon","Double Tap"],"picked":"Limit Break","floor":33.0},{"not_picked":["Warcry","Clash","Sentinel"],"picked":"SKIP","floor":35},{"not_picked":["Flex","Heavy Blade"],"picked":"Shrug It Off","floor":36}],"player_experience":673403,"relics_obtained":[{"floor":9.0,"key":"Shuriken"},{"floor":10.0,"key":"Girya"},{"floor":12.0,"key":"Happy Flower"},{"floor":26.0,"key":"Bag of Preparation"},{"floor":27.0,"key":"Dodecahedron"}],"event_choices":[{"damage_healed":0.0,"max_hp_gain":5.0,"max_hp_loss":0.0,"gold_gain":0.0,"event_name":"Big Fish","player_choice":"Donut","floor":5.0,"gold_loss":0.0,"damage_taken":0.0},{"damage_healed":0.0,"max_hp_gain":0.0,"max_hp_loss":8.0,"gold_gain":0.0,"event_name":"Golden Idol","player_choice":"Lose Max HP","floor":11.0,"gold_loss":0.0,"damage_taken":0.0,"relics_obtained":["Golden Idol"]},{"damage_healed":0.0,"max_hp_gain":0.0,"max_hp_loss":0.0,"gold_gain":0.0,"event_name":"Liars Game","player_choice":"Ignored","floor":13.0,"gold_loss":0.0,"damage_taken":0.0},{"damage_healed":0.0,"max_hp_gain":0.0,"max_hp_loss":0.0,"gold_gain":0.0,"event_name":"The Library","player_choice":"Read","floor":22.0,"gold_loss":0.0,"damage_taken":0.0,"cards_obtained":["Ghostly Armor"]},{"damage_healed":0.0,"max_hp_gain":0.0,"max_hp_loss":0.0,"gold_gain":0.0,"event_name":"Back to Basics","player_choice":"Simplicity","floor":24.0,"gold_loss":0.0,"damage_taken":0.0,"cards_upgraded":["Strike_R","Strike_R","Strike_R","Strike_R","Strike_R","Defend_R","Defend_R","Defend_R","Defend_R"]},{"damage_healed":0.0,"max_hp_gain":0.0,"max_hp_loss":0.0,"gold_gain":0.0,"event_name":"The Mausoleum","player_choice":"Opened","floor":31.0,"gold_loss":0.0,"damage_taken":0.0,"relics_obtained":["Juzu Bracelet"],"cards_obtained":["Writhe"]},{"damage_healed":0,"gold_gain":0,"player_choice":"Max HP","damage_taken":0,"max_hp_gain":0,"max_hp_loss":4,"event_name":"Winding Halls","floor":37,"gold_loss":0}],"is_beta":true,"boss_relics":[{"not_picked":["Fusion Hammer","Runic Dome"],"picked":"Philosopher\u0027s Stone"},{"not_picked":["Black Star","Pandora\u0027s Box"],"picked":"Eternal Feather"}],"items_purged_floors":[],"is_endless":false,"potions_floor_spawned":[2,3,10,12,16,28,29,33,35],"killed_by":"Jaw Worm Horde","ascension_level":18}