{"gold_per_floor":[119,119,136,17,17,48,68,98,171,185,185,205,205,355,355,432,432,452,304,304,318,328,328,328],"floor_reached":24,"playtime":2705,"items_purged":[],"score":416,"play_id":"f6ee8c78-e119-48bb-85f5-60301633b27a","local_time":"20190305111153","is_ascension_mode":true,"campfire_choices":[{"floor":11.0,"key":"REST"},{"floor":13.0,"key":"REST"},{"data":"1","floor":15.0,"key":"LIFT"},{"floor":23,"key":"REST"}],"neow_cost":"NONE","seed_source_timestamp":1197439324243201,"circlet_count":0,"master_deck":["AscendersBane","Strike_B","Strike_B","Strike_B","Defend_B","Defend_B","Defend_B","Defend_B","Zap","Dualcast","Streamline","Heatsinks","Cold Snap","Barrage","Biased Cognition","Hello World","Ball Lightning","Core Surge","Force Field","Defragment","Sunder"],"special_seed":0,"relics":["Cracked Core","NeowsBlessing","Nunchaku","Anchor","Girya","Symbiotic Virus","Empty Cage"],"potions_floor_usage":[22,22],"damage_taken":[{"damage":0.0,"enemies":"Jaw Worm","floor":1.0,"turns":1.0},{"damage":0.0,"enemies":"Small Slimes","floor":3.0,"turns":1.0},{"damage":0.0,"enemies":"Gremlin Nob","floor":6.0,"turns":1.0},{"damage":1.0,"enemies":"Cultist","floor":7.0,"turns":4.0},{"damage":33.0,"enemies":"3 Sentries","floor":8.0,"turns":6.0},{"damage":5.0,"enemies":"Large Slime","floor":10.0,"turns":4.0},{"damage":2.0,"enemies":"Blue Slaver","floor":12.0,"turns":3.0},{"damage":15.0,"enemies":"Slime Boss","floor":16.0,"turns":8.0},{"damage":23.0,"enemies":"Shell Parasite","floor":18.0,"turns":5.0},{"damage":18.0,"enemies":"2 Thieves","floor":21.0,"turns":3.0},{"damage":28,"enemies":"Snake Plant","floor":22,"turns":4},{"damage":36,"enemies":"3 Cultists","floor":24,"turns":3}],"seed_played":"7695433369155082748","potions_obtained":[{"floor":1.0,"key":"Fruit Juice"},{"floor":8.0,"key":"Strength Potion"},{"floor":10.0,"key":"PowerPotion"},{"floor":12.0,"key":"Regen Potion"}],"is_trial":false,"path_per_floor":["M","?","M","$","?","E","M","E","T","M","R","M","R","?","R","B",null,"M","$","?","M","M","R","M"],"character_chosen":"DEFECT","items_purchased":["Regen Potion","Heatsinks","Defragment","Sunder"],"campfire_rested":3,"item_purchase_floors":[4,4,19,19],"current_hp_per_floor":[69,51,51,51,51,51,62,29,29,24,46,44,66,66,66,51,70,47,47,40,22,6,28,0],"gold":328,"neow_bonus":"THREE_ENEMY_KILL","is_prod":false,"is_daily":false,"chose_seed":false,"campfire_upgraded":0,"win_rate":0,"timestamp":1551777113,"path_taken":["M","?","M","$","?","E","M","E","T","M","R","?","R","?","R","BOSS","M","$","?","?","M","R","M"],"build_version":"2019-01-23","purchased_purges":0,"victory":false,"max_hp_per_floor":[76,76,76,76,76,76,76,76,76,76,76,76,76,76,76,76,76,76,76,76,76,76,76,76],"card_choices":[{"not_picked":["Steam Power","Reinforced Body","Gash"],"picked":"SKIP","floor":1.0},{"not_picked":["Go for the Eyes","Sweeping Beam"],"picked":"Streamline","floor":3.0},{"not_picked":["All For One","Leap"],"picked":"Cold Snap","floor":6.0},{"not_picked":["Gash","Leap"],"picked":"Barrage","floor":7.0},{"not_picked":["Barrage","Steam Power"],"picked":"Biased Cognition","floor":8.0},{"not_picked":["Undo","Go for the Eyes"],"picked":"Hello World","floor":10.0},{"not_picked":["Compile Driver","Coolheaded"],"picked":"Ball Lightning","floor":12.0},{"not_picked":["Meteor Strike","Amplify"],"picked":"Core Surge","floor":16.0},{"not_picked":["Double Energy","Leap"],"picked":"Force Field","floor":18.0},{"not_picked":["Turbo","Sweeping Beam","Recycle"],"picked":"SKIP","floor":21.0},{"not_picked":["Tempest+1","Lockon","Streamline"],"picked":"SKIP","floor":22}],"player_experience":1032573,"relics_obtained":[{"floor":6.0,"key":"Anchor"},{"floor":8.0,"key":"Girya"},{"floor":9.0,"key":"Symbiotic Virus"}],"event_choices":[{"damage_healed":0.0,"max_hp_gain":0.0,"max_hp_loss":0.0,"gold_gain":0.0,"event_name":"Scrap Ooze","player_choice":"Success","floor":2.0,"gold_loss":0.0,"damage_taken":18.0,"relics_obtained":["Nunchaku"]},{"damage_healed":0.0,"max_hp_gain":0.0,"max_hp_loss":0.0,"gold_gain":0.0,"event_name":"WeMeetAgain","player_choice":"Ignored","floor":5.0,"gold_loss":0.0,"damage_taken":0.0},{"damage_healed":0.0,"max_hp_gain":0.0,"max_hp_loss":0.0,"gold_gain":150.0,"event_name":"Liars Game","player_choice":"AGREE","floor":14.0,"gold_loss":0.0,"damage_taken":0.0,"cards_obtained":["Doubt"]},{"damage_healed":0.0,"max_hp_gain":0.0,"max_hp_loss":0.0,"gold_gain":0.0,"event_name":"Knowing Skull","player_choice":"","floor":20.0,"potions_obtained":[],"gold_loss":0.0,"damage_taken":7.0,"cards_obtained":[]}],"is_beta":false,"boss_relics":[{"not_picked":["Ectoplasm","Busted Crown"],"picked":"Empty Cage"}],"items_purged_floors":[],"is_endless":false,"potions_floor_spawned":[1,8,10,12],"killed_by":"3 Cultists","ascension_level":16}