{"gold_per_floor":[112,124,199,199,157,157,187,187,487,497,497],"floor_reached":11,"playtime":422,"items_purged":[],"score":128,"play_id":"4272c51f-3145-4a2c-a32f-e6e3d634b91b","local_time":"20181207150310","is_ascension_mode":true,"campfire_choices":[{"data":"All Out Attack","floor":6,"key":"SMITH"},{"floor":8,"key":"REST"}],"neow_cost":"NONE","seed_source_timestamp":1039999902006952,"circlet_count":0,"master_deck":["AscendersBane","Defend_G","Defend_G","Defend_G","Defend_G","Defend_G","Strike_G","Strike_G","Strike_G","Strike_G","Strike_G","Survivor","Neutralize","Backflip","Endless Agony","All Out Attack+1","Tactician","Dash"],"relics":["Ring of the Snake","Anchor","Question Card","Bag of Preparation","Old Coin"],"potions_floor_usage":[7,11],"damage_taken":[{"damage":0,"enemies":"Small Slimes","floor":1,"turns":5},{"damage":0,"enemies":"2 Louse","floor":2,"turns":3},{"damage":40,"enemies":"Lagavulin","floor":7,"turns":6},{"damage":0,"enemies":"Jaw Worm","floor":10,"turns":2},{"damage":23,"enemies":"Gremlin Nob","floor":11,"turns":3}],"seed_played":"-1242612533726302513","potions_obtained":[{"floor":2,"key":"AttackPotion"},{"floor":7,"key":"SneckoOil"}],"is_trial":false,"path_per_floor":["M","M","?","?","$","R","E","R","T","M","E"],"character_chosen":"THE_SILENT","items_purchased":["All Out Attack"],"campfire_rested":1,"item_purchase_floors":[5],"current_hp_per_floor":[59,59,48,43,43,43,3,22,22,22,0],"gold":497,"neow_bonus":"RANDOM_COMMON_RELIC","is_prod":false,"is_daily":false,"chose_seed":false,"campfire_upgraded":1,"win_rate":0,"timestamp":1544166190,"path_taken":["M","M","?","?","$","R","E","R","T","M","E"],"build_version":"2018-11-15","purchased_purges":0,"victory":false,"max_hp_per_floor":[66,66,66,66,66,66,66,66,66,66,66],"card_choices":[{"not_picked":["Slice","Underhanded Strike"],"picked":"Backflip","floor":1},{"not_picked":["Backflip","Deflect"],"picked":"Endless Agony","floor":2},{"not_picked":["Blade Dance","Sucker Punch","Caltrops"],"picked":"Tactician","floor":7},{"not_picked":["Riddle With Holes","Flying Knee","Backflip"],"picked":"Dash","floor":10}],"player_experience":608113,"relics_obtained":[{"floor":7,"key":"Bag of Preparation"},{"floor":9,"key":"Old Coin"}],"event_choices":[{"damage_healed":0,"gold_gain":75,"player_choice":"Gather Gold","damage_taken":11,"max_hp_gain":0,"max_hp_loss":0,"event_name":"World of Goop","floor":3,"gold_loss":0},{"damage_healed":0,"gold_gain":0,"player_choice":"Success","damage_taken":5,"relics_obtained":["Question Card"],"max_hp_gain":0,"max_hp_loss":0,"event_name":"Scrap Ooze","floor":4,"gold_loss":0}],"is_beta":true,"boss_relics":[],"items_purged_floors":[],"is_endless":false,"potions_floor_spawned":[2,7],"killed_by":"Gremlin Nob","ascension_level":16}