{"gold_per_floor":[114,114,39,59,77,77,103,123,175,175,175],"floor_reached":11,"playtime":351,"items_purged":[],"score":146,"play_id":"4eb345a3-a772-4051-8583-709c5ba1403a","local_time":"20190425191949","is_ascension_mode":true,"campfire_choices":[{"data":"Blood for Blood","floor":6,"key":"SMITH"}],"neow_cost":"PERCENT_DAMAGE","seed_source_timestamp":286353154083900,"circlet_count":0,"master_deck":["AscendersBane","Strike_R","Strike_R","Defend_R","Defend_R+1","Defend_R+1","Defend_R","Bash","Feel No Pain","Feel No Pain","Inflame","Blood for Blood+1","Twin Strike"],"relics":["Burning Blood","Bottled Tornado","War Paint"],"potions_floor_usage":[7],"damage_taken":[{"damage":2,"enemies":"Cultist","floor":1,"turns":4},{"damage":3,"enemies":"2 Louse","floor":4,"turns":6},{"damage":14,"enemies":"Jaw Worm","floor":5,"turns":5},{"damage":29,"enemies":"Lagavulin","floor":7,"turns":6},{"damage":19,"enemies":"Exordium Wildlife","floor":8,"turns":5}],"seed_played":"4562837345005250965","potions_obtained":[{"floor":1,"key":"SpeedPotion"},{"floor":4,"key":"GamblersBrew"},{"floor":8,"key":"SteroidPotion"}],"is_trial":false,"path_per_floor":["M","$","?","M","M","R","E","M","T","?","?"],"character_chosen":"IRONCLAD","items_purchased":[],"campfire_rested":0,"item_purchase_floors":[],"current_hp_per_floor":[54,54,54,57,49,49,26,13,13,13,13],"gold":175,"neow_bonus":"TRANSFORM_TWO_CARDS","is_prod":false,"is_daily":false,"chose_seed":false,"campfire_upgraded":1,"win_rate":0,"timestamp":1556187589,"path_taken":["M","$","?","M","M","R","E","M","T","?","?"],"build_version":"2019-01-23","purchased_purges":0,"victory":false,"max_hp_per_floor":[75,75,75,75,75,75,75,75,75,75,75],"card_choices":[{"not_picked":["Blood for Blood","Metallicize","Sword Boomerang"],"picked":"SKIP","floor":1},{"not_picked":["Iron Wave","Heavy Blade"],"picked":"Inflame","floor":4},{"not_picked":["Dual Wield","Armaments"],"picked":"Blood for Blood","floor":5},{"not_picked":["Armaments","Anger"],"picked":"Twin Strike","floor":7},{"not_picked":["Flex","Armaments","Headbutt"],"picked":"SKIP","floor":8}],"player_experience":3373610,"relics_obtained":[{"floor":7,"key":"Bottled Tornado"},{"floor":9,"key":"War Paint"}],"event_choices":[{"cards_removed":["Strike_R"],"damage_healed":0,"gold_gain":0,"player_choice":"Card Removal","damage_taken":0,"max_hp_gain":0,"max_hp_loss":0,"event_name":"The Cleric","floor":3,"gold_loss":75},{"damage_healed":0,"gold_gain":0,"player_choice":"Fled","damage_taken":0,"max_hp_gain":0,"max_hp_loss":0,"event_name":"Scrap Ooze","floor":10,"gold_loss":0}],"is_beta":false,"boss_relics":[],"items_purged_floors":[],"is_endless":false,"potions_floor_spawned":[1,4,8],"ascension_level":20}