{"gold_per_floor":[119,134,59,59,59,93,93,118,143,143,60,88,88,88],"floor_reached":14,"playtime":222,"items_purged":[],"score":238,"play_id":"a9351d26-368d-45e1-a639-94a00a6b6f9c","local_time":"20190326201848","is_ascension_mode":true,"campfire_choices":[{"data":"Searing Blow","floor":7,"key":"SMITH"},{"floor":10,"key":"REST"},{"data":"Searing Blow+1","floor":13,"key":"SMITH"}],"neow_cost":"NONE","seed_source_timestamp":177898537511300,"circlet_count":0,"master_deck":["AscendersBane","Strike_R","Strike_R","Strike_R+1","Defend_R","Defend_R","Defend_R","Defend_R","Bash+1","Disarm","Searing Blow+2","Barricade","True Grit","Flame Barrier"],"relics":["Burning Blood","NeowsBlessing","Dream Catcher","Regal Pillow","Oddly Smooth Stone","Odd Mushroom"],"potions_floor_usage":[8,12],"damage_taken":[{"damage":0,"enemies":"2 Louse","floor":1,"turns":1},{"damage":0,"enemies":"Small Slimes","floor":2,"turns":1},{"damage":0,"enemies":"Gremlin Nob","floor":6,"turns":1},{"damage":43,"enemies":"Lagavulin","floor":8,"turns":9},{"damage":22,"enemies":"The Mushroom Lair","floor":12,"turns":6},{"damage":23,"enemies":"Gremlin Nob","floor":14,"turns":4}],"seed_played":"-1298228464807503334","potions_obtained":[{"floor":1,"key":"Weak Potion"},{"floor":6,"key":"Fire Potion"}],"is_trial":false,"path_per_floor":["M","M","?","?","?","E","R","E","T","R","$","?","R","E"],"character_chosen":"IRONCLAD","items_purchased":["Flame Barrier"],"campfire_rested":1,"item_purchase_floors":[11],"current_hp_per_floor":[74,75,75,52,45,51,51,14,14,51,51,35,35,12],"gold":88,"neow_bonus":"THREE_ENEMY_KILL","is_prod":false,"is_daily":false,"chose_seed":false,"campfire_upgraded":2,"win_rate":0,"timestamp":1553599128,"path_taken":["M","M","?","?","?","E","R","E","T","R","$","?","R","E"],"build_version":"2019-01-23","purchased_purges":0,"victory":false,"max_hp_per_floor":[75,75,75,75,75,75,75,75,75,75,75,75,75,75],"card_choices":[{"not_picked":["Twin Strike","Hemokinesis"],"picked":"Disarm","floor":1},{"not_picked":["Heavy Blade","Warcry","Pommel Strike"],"picked":"SKIP","floor":2},{"not_picked":["Dark Embrace","Rage"],"picked":"Searing Blow","floor":6},{"not_picked":["Twin Strike","Rampage"],"picked":"Barricade","floor":8},{"not_picked":["Metallicize","Warcry"],"picked":"True Grit","floor":10}],"player_experience":2612870,"relics_obtained":[{"floor":6,"key":"Dream Catcher"},{"floor":8,"key":"Regal Pillow"},{"floor":9,"key":"Oddly Smooth Stone"},{"floor":12,"key":"Odd Mushroom"}],"event_choices":[{"cards_removed":["Strike_R"],"damage_healed":0,"gold_gain":0,"player_choice":"Card Removal","damage_taken":0,"max_hp_gain":0,"max_hp_loss":0,"event_name":"The Cleric","floor":3,"gold_loss":75},{"damage_healed":0,"gold_gain":0,"player_choice":"Entered Light","damage_taken":23,"max_hp_gain":0,"max_hp_loss":0,"event_name":"Shining Light","floor":4,"gold_loss":0,"cards_upgraded":["Strike_R","Bash"]},{"cards_removed":["Strike_R"],"damage_healed":0,"gold_gain":0,"player_choice":"Card Removal","damage_taken":7,"max_hp_gain":0,"max_hp_loss":0,"event_name":"Golden Wing","floor":5,"gold_loss":0},{"damage_healed":0,"gold_gain":0,"player_choice":"Fought Mushrooms","damage_taken":0,"max_hp_gain":0,"max_hp_loss":0,"event_name":"Mushrooms","floor":12,"gold_loss":0}],"is_beta":false,"boss_relics":[],"items_purged_floors":[],"is_endless":false,"potions_floor_spawned":[1,6],"killed_by":"Gremlin Nob","ascension_level":20}