{"gold_per_floor":[114,126,7,18,30,30,46,56,129,2,19,34,34,47,47,125,175,189,204,12,12,22,48,48,78,102,102,102,10,10,10,10,86,86,100,1,15,15,45,45,55,75,75,75,1,16,16,16,16,16],"floor_reached":51,"playtime":3625,"items_purged":[],"score":1094,"play_id":"701aa833-6e25-4d47-9fe2-553648937874","local_time":"20181029183714","is_ascension_mode":true,"campfire_choices":[{"floor":6.0,"key":"REST"},{"floor":15,"key":"REST"},{"floor":24,"key":"REST"},{"floor":27,"key":"REST"},{"floor":28,"key":"REST"},{"data":"White Noise","floor":30,"key":"SMITH"},{"data":"Static Discharge","floor":32,"key":"SMITH"},{"floor":40,"key":"REST"},{"floor":44,"key":"REST"},{"floor":49,"key":"REST"}],"neow_cost":"TEN_PERCENT_HP_LOSS","seed_source_timestamp":2754257152233,"circlet_count":0,"master_deck":["Strike_B","Strike_B","Strike_B","Defend_B","Defend_B+1","Defend_B","Defend_B+1","Zap+1","Dualcast","AscendersBane","Ball Lightning","Melter","White Noise+1","Cold Snap","Cold Snap","Electrodynamics","Heatsinks","Loop","Storm+1","Dramatic Entrance","Steam+1","Hello World","Barrage","Biased Cognition","Capacitor","Conserve Battery+1","Jack Of All Trades+1","Cold Snap","Thunder Strike","Barrage","Genetic Algorithm+1","FTL","Static Discharge+1","Ball Lightning","Fission+1","Chill+1","Static Discharge","Leap+1","White Noise+1","Defragment","Self Repair","Finesse+1","Jack Of All Trades+1","Flash of Steel"],"special_seed":0,"relics":["Cracked Core","Gambling Chip","Toxic Egg 2","Tiny House","Dead Branch","WingedGreaves","War Paint","Fusion Hammer","Tiny Chest","Kunai"],"potions_floor_usage":[11,16,16,18,19,23,23,33,35,37,41,41,50],"damage_taken":[{"damage":1.0,"enemies":"Cultist","floor":1.0,"turns":3.0},{"damage":2.0,"enemies":"Jaw Worm","floor":2.0,"turns":3.0},{"damage":10.0,"enemies":"2 Louse","floor":4.0,"turns":2.0},{"damage":0.0,"enemies":"2 Fungi Beasts","floor":5.0,"turns":3.0},{"damage":0.0,"enemies":"Exordium Thugs","floor":7.0,"turns":3.0},{"damage":10.0,"enemies":"Gremlin Gang","floor":8.0,"turns":2.0},{"damage":0,"enemies":"3 Louse","floor":11,"turns":1},{"damage":6,"enemies":"Exordium Wildlife","floor":12,"turns":4},{"damage":0,"enemies":"Lots of Slimes","floor":14,"turns":1},{"damage":46,"enemies":"Hexaghost","floor":16,"turns":9},{"damage":13,"enemies":"3 Byrds","floor":18,"turns":2},{"damage":3,"enemies":"Spheric Guardian","floor":19,"turns":3},{"damage":13,"enemies":"Centurion and Healer","floor":22,"turns":4},{"damage":14,"enemies":"Slavers","floor":23,"turns":3},{"damage":16,"enemies":"Gremlin Leader","floor":25,"turns":7},{"damage":47,"enemies":"Champ","floor":33,"turns":8},{"damage":11,"enemies":"3 Shapes","floor":35,"turns":3},{"damage":0,"enemies":"3 Darklings","floor":37,"turns":2},{"damage":0,"enemies":"Transient","floor":41,"turns":5},{"damage":6,"enemies":"Spire Growth","floor":42,"turns":3},{"damage":0,"enemies":"Sphere and 2 Shapes","floor":46,"turns":3},{"damage":46,"enemies":"Time Eater","floor":50,"turns":6}],"seed_played":"-3345760360577006218","potions_obtained":[{"floor":4.0,"key":"EssenceOfSteel"},{"floor":5.0,"key":"SkillPotion"},{"floor":7.0,"key":"FearPotion"},{"floor":8.0,"key":"Swift Potion"},{"floor":14,"key":"SkillPotion"},{"floor":16,"key":"FearPotion"},{"floor":17,"key":"Regen Potion"},{"floor":18,"key":"Swift Potion"},{"floor":22,"key":"Block Potion"},{"floor":25,"key":"Ancient Potion"},{"floor":33,"key":"AttackPotion"},{"floor":37,"key":"Poison Potion"},{"floor":46,"key":"Weak Potion"}],"is_trial":false,"path_per_floor":["M","M","$","M","M","R","M","M","T","$","M","M","?","M","R","B",null,"M","M","$","?","M","E","R","E","T","R","R","$","R","?","R","B",null,"M","$","M","?","T","R","M","M","T","R","$","M","?","$","R","B"],"character_chosen":"DEFECT","items_purchased":["White Noise","Cold Snap","Storm","Dramatic Entrance","Jack Of All Trades+1","Energy Potion","Cold Snap","Static Discharge","Ball Lightning","Block Potion","SkillPotion","Defragment"],"campfire_rested":8,"item_purchase_floors":[3,3,10,10,20,20,20,29,29,36,36,45],"current_hp_per_floor":[63,61,61,51,51,64,64,54,54,54,54,48,48,48,64,18,58,50,47,47,47,34,20,40,24,24,44,64,64,64,64,64,17,56,45,45,45,45,45,65,65,59,59,69,69,69,59,59,69,30],"gold":16,"neow_bonus":"ONE_RARE_RELIC","is_prod":false,"is_daily":false,"chose_seed":false,"campfire_upgraded":2,"win_rate":0,"timestamp":1540831034,"path_taken":["M","?","?","M","M","R","M","M","T","$","M","M","?","M","R","BOSS","M","M","$","?","M","E","R","E","T","R","R","$","R","?","R","BOSS","M","?","?","?","?","R","M","M","T","R","$","M","?","?","R","BOSS"],"build_version":"2018-10-25v2","purchased_purges":0,"victory":true,"max_hp_per_floor":[64,64,64,64,64,64,64,64,64,64,64,64,64,64,64,64,69,69,69,69,69,69,69,69,69,69,69,69,69,69,69,69,69,69,69,69,69,69,69,69,69,69,69,69,69,69,69,69,69,69],"card_choices":[{"not_picked":["Beam Cell","Coolheaded"],"picked":"Ball Lightning","floor":1.0},{"not_picked":["Beam Cell","Streamline"],"picked":"Melter","floor":2.0},{"not_picked":["FTL","Consume"],"picked":"Cold Snap","floor":4.0},{"not_picked":["Compile Driver","Darkness"],"picked":"Electrodynamics","floor":5.0},{"not_picked":["Sweeping Beam","Leap"],"picked":"Heatsinks","floor":7.0},{"not_picked":["Chaos","Cold Snap"],"picked":"Loop","floor":8.0},{"not_picked":["Aggregate+1","Beam Cell"],"picked":"Steam+1","floor":11},{"not_picked":["Beam Cell","Stack+1"],"picked":"Hello World","floor":12},{"not_picked":["Gash","Compile Driver"],"picked":"Barrage","floor":14},{"not_picked":["All For One","Seek+1"],"picked":"Biased Cognition","floor":16},{"not_picked":["Rebound","Redo+1"],"picked":"Capacitor","floor":17},{"not_picked":["Gash","Stack+1"],"picked":"Sunder","floor":18},{"not_picked":["Coolheaded+1","Gash"],"picked":"Conserve Battery+1","floor":19},{"not_picked":["Multi-Cast+1","Sweeping Beam"],"picked":"Barrage","floor":22},{"not_picked":["Compile Driver","Scrape"],"picked":"Genetic Algorithm+1","floor":23},{"not_picked":["Gash","Turbo+1"],"picked":"FTL","floor":25},{"not_picked":["Echo Form","Electrodynamics"],"picked":"Fission+1","floor":33},{"not_picked":["Ball Lightning","Streamline+1"],"picked":"Chill+1","floor":35},{"not_picked":["Undo+1","Leap+1"],"picked":"Static Discharge","floor":37},{"not_picked":["Hologram+1","Streamline"],"picked":"Leap+1","floor":41},{"not_picked":["Coolheaded+1","Ball Lightning"],"picked":"White Noise+1","floor":42},{"not_picked":["Sunder","Hologram+1"],"picked":"Self Repair","floor":46},{"not_picked":["Transmutation+1","Sadistic Nature"],"picked":"Finesse+1","floor":47},{"not_picked":["Trip+1","PanicButton+1"],"picked":"Jack Of All Trades+1","floor":47},{"not_picked":["Swift Strike","Purity+1"],"picked":"Flash of Steel","floor":47}],"player_experience":747664,"relics_obtained":[{"floor":9.0,"key":"Toxic Egg 2"},{"floor":23,"key":"Dead Branch"},{"floor":25,"key":"WingedGreaves"},{"floor":26,"key":"War Paint"},{"floor":39,"key":"Tiny Chest"},{"floor":43,"key":"Kunai"}],"event_choices":[{"damage_healed":0,"gold_gain":0,"player_choice":"Ignored","damage_taken":0,"max_hp_gain":0,"max_hp_loss":0,"event_name":"Liars Game","floor":13,"gold_loss":0},{"damage_healed":0,"gold_gain":0,"cards_transformed":["Sunder"],"player_choice":"Transformed","damage_taken":0,"max_hp_gain":0,"max_hp_loss":0,"event_name":"Transmorgrifier","floor":21,"gold_loss":0,"cards_obtained":["Thunder Strike"]},{"damage_healed":0,"gold_gain":0,"player_choice":"Upgraded","damage_taken":0,"max_hp_gain":0,"max_hp_loss":0,"event_name":"Upgrade Shrine","floor":31,"gold_loss":0,"cards_upgraded":["Storm"]},{"cards_removed":["Strike_B"],"damage_healed":0,"gold_gain":0,"player_choice":"Removed Attack","damage_taken":0,"max_hp_gain":0,"max_hp_loss":0,"event_name":"Falling","floor":38,"gold_loss":0},{"damage_healed":0,"gold_gain":0,"player_choice":"Memory 3","damage_taken":10,"max_hp_gain":0,"max_hp_loss":0,"event_name":"SensoryStone","floor":47,"gold_loss":0}],"is_beta":false,"boss_relics":[{"not_picked":["FrozenCore","Coffee Dripper"],"picked":"Tiny House"},{"not_picked":["Cursed Key","Inserter"],"picked":"Fusion Hammer"}],"items_purged_floors":[],"is_endless":false,"potions_floor_spawned":[4,5,7,8,14,16,18,22,25,33,37,46],"ascension_level":14}