{"gold_per_floor":[215,215,229,194,55,84,84,114,163,313,69,81,39,59,59,133,133,148,165,182,202,10,10,24,24,24,54,54],"floor_reached":28,"playtime":1739,"items_purged":["Doubt"],"score":484,"play_id":"0a1a8255-386c-4bc6-b2a3-b0671232d567","local_time":"20190418181509","is_ascension_mode":true,"campfire_choices":[{"data":"Static Discharge","floor":15.0,"key":"SMITH"},{"floor":23,"key":"REST"},{"floor":25,"key":"REST"}],"neow_cost":"NONE","seed_source_timestamp":606166457255270,"circlet_count":0,"master_deck":["AscendersBane","Strike_B","Strike_B","Strike_B","Strike_B","Defend_B","Defend_B","Defend_B","Defend_B","Zap","Dualcast","Compile Driver","Hello World","Self Repair","Defragment+1","Heatsinks","Self Repair","Cold Snap","Heatsinks","Self Repair","Static Discharge+1","Electrodynamics","Loop","Capacitor","Double Energy","Defragment","Conserve Battery","Chill","Defragment"],"special_seed":0,"relics":["Cracked Core","Strawberry","Darkstone Periapt","Potion Belt","Black Star","Gremlin Horn","Shovel","The Courier"],"potions_floor_usage":[20,20,21,24,27],"damage_taken":[{"damage":2.0,"enemies":"Jaw Worm","floor":1.0,"turns":4.0},{"damage":4.0,"enemies":"Small Slimes","floor":3.0,"turns":4.0},{"damage":15.0,"enemies":"3 Sentries","floor":6.0,"turns":3.0},{"damage":10.0,"enemies":"Lagavulin","floor":8.0,"turns":8.0},{"damage":1.0,"enemies":"2 Louse","floor":12.0,"turns":3.0},{"damage":12.0,"enemies":"Looter","floor":14.0,"turns":3.0},{"damage":49.0,"enemies":"Hexaghost","floor":16.0,"turns":6.0},{"damage":5.0,"enemies":"Spheric Guardian","floor":18.0,"turns":4.0},{"damage":28,"enemies":"2 Thieves","floor":19,"turns":2},{"damage":32,"enemies":"Snake Plant","floor":20,"turns":5},{"damage":65,"enemies":"Chosen and Byrds","floor":21,"turns":5},{"damage":37,"enemies":"3 Cultists","floor":24,"turns":4},{"damage":49,"enemies":"Slavers","floor":27,"turns":5},{"damage":32,"enemies":"Snake Plant","floor":28,"turns":2}],"seed_played":"-5849340436376398197","potions_obtained":[{"floor":1.0,"key":"FearPotion"},{"floor":6.0,"key":"Dexterity Potion"},{"floor":8.0,"key":"SkillPotion"},{"floor":16.0,"key":"FairyPotion"},{"floor":18.0,"key":"PowerPotion"},{"floor":19,"key":"LiquidBronze"},{"floor":24,"key":"Weak Potion"},{"floor":27,"key":"Strength Potion"}],"is_trial":false,"path_per_floor":["M","?","M","?","$","E","?","E","T","?","$","M","$","M","R","B",null,"M","M","M","M","$","R","M","R","T","E","M"],"character_chosen":"DEFECT","items_purchased":["Self Repair","PowerPotion","Self Repair","Cold Snap","Block Potion","Self Repair","Defragment","SkillPotion","Conserve Battery"],"campfire_rested":2,"item_purchase_floors":[5,5,11,11,11,13,22,22,22],"current_hp_per_floor":[62,67,63,76,76,75,75,72,72,78,78,84,84,86,86,58,81,89,61,50,22,22,48,32,58,58,30,0],"gold":54,"neow_bonus":"HUNDRED_GOLD","is_prod":false,"is_daily":false,"chose_seed":false,"campfire_upgraded":1,"win_rate":0,"timestamp":1555600509,"path_taken":["M","?","M","?","$","E","?","E","T","?","$","M","?","M","R","BOSS","M","M","M","M","$","R","M","R","T","E","M"],"build_version":"2019-01-23","purchased_purges":1,"victory":false,"max_hp_per_floor":[71,76,76,76,76,83,83,83,83,89,89,89,89,89,89,89,89,89,89,89,89,89,89,89,89,89,89,89],"card_choices":[{"not_picked":["Blizzard","Beam Cell"],"picked":"Compile Driver","floor":1.0},{"not_picked":["Rebound","Gash"],"picked":"Hello World","floor":3.0},{"not_picked":["Rainbow","Conserve Battery"],"picked":"Defragment","floor":6.0},{"not_picked":["Chaos","BootSequence"],"picked":"Heatsinks","floor":8.0},{"not_picked":["Go for the Eyes","Redo"],"picked":"Heatsinks","floor":12.0},{"not_picked":["Barrage","Sweeping Beam"],"picked":"Static Discharge","floor":14.0},{"not_picked":["Thunder Strike","All For One"],"picked":"Electrodynamics","floor":16.0},{"not_picked":["Cold Snap","Steam"],"picked":"Loop","floor":18.0},{"not_picked":["Heatsinks","Hologram"],"picked":"Capacitor","floor":19},{"not_picked":["Hologram","Go for the Eyes","Scrape"],"picked":"SKIP","floor":20},{"not_picked":["Gash","Compile Driver"],"picked":"Double Energy","floor":21},{"not_picked":["Stack","Cold Snap"],"picked":"Chill","floor":24},{"not_picked":["Doom and Gloom+1","Gash"],"picked":"Defragment","floor":27}],"player_experience":1209371,"relics_obtained":[{"floor":6.0,"key":"Strawberry"},{"floor":8.0,"key":"Darkstone Periapt"},{"floor":9.0,"key":"Potion Belt"},{"floor":26,"key":"Gremlin Horn"},{"floor":27,"key":"Shovel"},{"floor":27,"key":"The Courier"}],"event_choices":[{"damage_healed":0.0,"max_hp_gain":5.0,"max_hp_loss":0.0,"gold_gain":0.0,"event_name":"Big Fish","player_choice":"Donut","floor":2.0,"gold_loss":0.0,"damage_taken":0.0},{"damage_healed":19.0,"max_hp_gain":0.0,"max_hp_loss":0.0,"gold_gain":0.0,"event_name":"The Cleric","player_choice":"Healed","floor":4.0,"gold_loss":35.0,"damage_taken":0.0},{"damage_healed":0.0,"max_hp_gain":0.0,"max_hp_loss":0.0,"gold_gain":0.0,"event_name":"Living Wall","player_choice":"Grow","floor":7.0,"gold_loss":0.0,"damage_taken":0.0,"cards_upgraded":["Defragment"]},{"damage_healed":0.0,"max_hp_gain":0.0,"max_hp_loss":0.0,"gold_gain":150.0,"event_name":"Liars Game","player_choice":"AGREE","floor":10.0,"gold_loss":0.0,"damage_taken":0.0,"cards_obtained":["Doubt"]}],"is_beta":false,"boss_relics":[{"not_picked":["Velvet Choker","Fusion Hammer"],"picked":"Black Star"}],"items_purged_floors":[11],"is_endless":false,"potions_floor_spawned":[1,6,8,16,18,19,24,27],"killed_by":"Snake Plant","ascension_level":19}