{"gold_per_floor":[449,449,480,505,533,533,431,431,760,794,822,822,45,45,45],"floor_reached":15,"playtime":481,"items_purged":["Defend_B","Strike_B"],"score":270,"play_id":"2e04e563-3ff6-4adc-b1cd-2f84ca7b9cc4","local_time":"20190404212232","daily_mods":["Uncertain Future"],"is_ascension_mode":true,"campfire_choices":[{"data":"Strike_B","floor":2,"key":"PURGE"},{"floor":8,"key":"REST"},{"floor":14,"key":"REST"}],"neow_cost":"","seed_source_timestamp":0,"circlet_count":0,"master_deck":["AscendersBane","Strike_B","Strike_B","Defend_B","Defend_B","Defend_B","Zap","Dualcast","Rip and Tear","Go for the Eyes","Leap","Consume","Electrodynamics","Coolheaded","Defragment","Coolheaded","Core Surge","Leap"],"relics":["FrozenCore","Black Star","Sling","PreservedInsect","Peace Pipe","Question Card","Art of War","Mercury Hourglass","Cables","Oddly Smooth Stone","Kunai","Runic Dome","Pear","Old Coin","Lantern","Blue Candle","Pocketwatch","Boot","Toolbox","Dead Branch"],"potions_floor_usage":[10,11,15],"damage_taken":[{"damage":15,"enemies":"3 Sentries","floor":3,"turns":5},{"damage":8,"enemies":"Gremlin Nob","floor":4,"turns":3},{"damage":21,"enemies":"Lagavulin","floor":5,"turns":4},{"damage":12,"enemies":"Gremlin Leader","floor":9,"turns":4},{"damage":16,"enemies":"Book of Stabbing","floor":10,"turns":4},{"damage":20,"enemies":"Slavers","floor":11,"turns":3},{"damage":34,"enemies":"Giant Head","floor":15,"turns":6}],"seed_played":"7463643948621592402","potions_obtained":[{"floor":5,"key":"Poison Potion"}],"is_trial":true,"path_per_floor":["$","R","E","E","E","T","$","R","E","E","E","T","$","R","E"],"character_chosen":"DEFECT","items_purchased":["Rip and Tear","Peace Pipe","Fire Potion","Go for the Eyes","Coolheaded","Defragment","FocusPotion","Leap","Toolbox","Dead Branch"],"campfire_rested":2,"item_purchase_floors":[1,1,1,1,7,7,13,13,13,13],"current_hp_per_floor":[64,64,49,41,20,20,20,41,39,23,3,3,3,27,0],"gold":45,"neow_bonus":"","is_prod":false,"is_daily":false,"chose_seed":false,"campfire_upgraded":0,"win_rate":0,"timestamp":1554380552,"path_taken":["$","R","E","E","E","T","$","R","E","E","E","T","$","R","E"],"build_version":"2019-01-23","purchased_purges":2,"victory":false,"max_hp_per_floor":[71,71,71,71,71,71,71,71,81,81,81,81,81,81,81],"card_choices":[{"not_picked":["Turbo","Scrape"],"picked":"Leap","floor":3},{"not_picked":["Beam Cell","Gash","Ball Lightning"],"picked":"Consume","floor":4},{"not_picked":["Go for the Eyes","Hello World","Turbo"],"picked":"Electrodynamics","floor":5},{"not_picked":["Double Energy","Go for the Eyes","Conserve Battery","Skim"],"picked":"SKIP","floor":9},{"not_picked":["Electrodynamics","Compile Driver","Stack"],"picked":"Coolheaded","floor":10},{"not_picked":["Reprogram","Conserve Battery","Reinforced Body"],"picked":"Core Surge","floor":11}],"player_experience":2875809,"relics_obtained":[{"floor":3,"key":"Question Card"},{"floor":3,"key":"Art of War"},{"floor":4,"key":"Mercury Hourglass"},{"floor":4,"key":"Cables"},{"floor":5,"key":"Oddly Smooth Stone"},{"floor":5,"key":"Kunai"},{"floor":9,"key":"Pear"},{"floor":9,"key":"Old Coin"},{"floor":10,"key":"Lantern"},{"floor":10,"key":"Blue Candle"},{"floor":11,"key":"Pocketwatch"},{"floor":11,"key":"Boot"}],"event_choices":[],"is_beta":false,"boss_relics":[{"not_picked":["Sozu","Pandora\u0027s Box"],"picked":"Runic Dome"},{"not_picked":["White Beast Statue","Tiny House"],"picked":"FrozenCore"}],"items_purged_floors":[1,13],"is_endless":false,"potions_floor_spawned":[5,9],"killed_by":"Giant Head","ascension_level":20}