{"gold_per_floor":[113,127,202,220,185,185,203,203,203,234,251,261,287,1,1,79,79,95,95,95,20,31,31,41,41,68,85,85,116,42,56,56,135,135,145,145,161,8,22,47,62,62,62,81,81],"floor_reached":45,"playtime":2397,"items_purged":["Writhe"],"score":979,"play_id":"027a99a2-a80e-430d-bb92-13570ddaffb2","local_time":"20190228203809","is_ascension_mode":true,"campfire_choices":[{"data":"Sunder","floor":6,"key":"SMITH"},{"data":"Discovery","floor":15,"key":"SMITH"},{"data":"Buffer","floor":23,"key":"SMITH"},{"data":"Blind","floor":25,"key":"SMITH"},{"data":"Beam Cell","floor":28,"key":"SMITH"},{"data":"Defragment","floor":32,"key":"SMITH"},{"data":"Amplify","floor":42,"key":"SMITH"}],"neow_cost":"TEN_PERCENT_HP_LOSS","seed_source_timestamp":214224721860300,"circlet_count":0,"master_deck":["AscendersBane","Defend_B","Defend_B","Defend_B","Defend_B","Zap","Dualcast","Discovery+1","Blind+1","Cold Snap","Sunder+1","BootSequence","Beam Cell+1","Glacier","Buffer+1","Bite+1","Bite","Bite","Bite","Bite+1","Coolheaded+1","Seek","Defragment+1","White Noise","Amplify+1","Gash+1","Pain","Turbo+1","Echo Form","Loop","Echo Form"],"relics":["Cracked Core","Pear","Mummified Hand","Blue Candle","Singing Bowl","Sozu","Gremlin Horn","Whetstone","Strawberry","Inserter","WarpedTongs","Sundial"],"potions_floor_usage":[16,22,40],"damage_taken":[{"damage":1,"enemies":"Small Slimes","floor":1,"turns":4},{"damage":5,"enemies":"Jaw Worm","floor":2,"turns":3},{"damage":0,"enemies":"Cultist","floor":4,"turns":3},{"damage":3,"enemies":"Large Slime","floor":7,"turns":4},{"damage":14,"enemies":"3 Sentries","floor":10,"turns":5},{"damage":16,"enemies":"Exordium Wildlife","floor":11,"turns":4},{"damage":2,"enemies":"3 Louse","floor":12,"turns":4},{"damage":23,"enemies":"Gremlin Nob","floor":13,"turns":4},{"damage":6,"enemies":"The Guardian","floor":16,"turns":13},{"damage":6,"enemies":"Shell Parasite","floor":18,"turns":4},{"damage":20,"enemies":"2 Thieves","floor":22,"turns":3},{"damage":9,"enemies":"3 Cultists","floor":24,"turns":4},{"damage":1,"enemies":"Shelled Parasite and Fungi","floor":27,"turns":9},{"damage":53,"enemies":"Slavers","floor":29,"turns":11},{"damage":1,"enemies":"Chosen and Byrds","floor":31,"turns":7},{"damage":46,"enemies":"Champ","floor":33,"turns":21},{"damage":9,"enemies":"3 Darklings","floor":35,"turns":8},{"damage":1,"enemies":"3 Shapes","floor":37,"turns":11},{"damage":32,"enemies":"3 Darklings","floor":39,"turns":8},{"damage":4,"enemies":"Nemesis","floor":40,"turns":9},{"damage":30,"enemies":"4 Shapes","floor":41,"turns":6},{"damage":60,"enemies":"Jaw Worm Horde","floor":44,"turns":9},{"damage":66,"enemies":"Reptomancer","floor":45,"turns":2}],"seed_played":"-3110773200472873357","potions_obtained":[{"floor":1,"key":"SteroidPotion"},{"floor":11,"key":"AttackPotion"},{"floor":16,"key":"GamblersBrew"}],"is_trial":false,"path_per_floor":["M","M","?","M","?","R","M","?","T","E","M","M","E","$","R","B",null,"M","?","?","$","M","R","M","R","T","M","R","E","$","M","R","B",null,"M","?","M","$","M","E","M","R","T","M","E"],"character_chosen":"DEFECT","items_purchased":["Singing Bowl","Defragment","Echo Form"],"campfire_rested":0,"item_purchase_floors":[14,30,38],"current_hp_per_floor":[63,58,47,47,63,63,60,60,70,56,40,38,15,15,15,9,58,54,54,53,53,37,37,42,42,42,57,57,36,36,48,48,53,61,64,64,64,64,64,64,50,50,50,46,0],"gold":81,"neow_bonus":"RANDOM_COLORLESS_2","is_prod":false,"is_daily":false,"chose_seed":false,"campfire_upgraded":7,"win_rate":0,"timestamp":1551353889,"path_taken":["M","M","?","M","?","R","M","?","T","E","?","M","E","?","R","BOSS","M","?","?","?","M","R","M","R","T","M","R","E","$","M","R","BOSS","M","?","M","$","M","E","?","R","T","M","E"],"build_version":"2019-01-23","purchased_purges":1,"victory":false,"max_hp_per_floor":[64,64,64,64,64,64,64,64,74,74,74,74,74,74,74,74,74,76,76,53,53,53,53,55,55,55,57,57,64,64,64,64,64,64,64,64,64,64,64,64,66,66,66,68,68],"card_choices":[{"not_picked":["Redo","Recycle"],"picked":"Cold Snap","floor":1},{"not_picked":["Lockon","Stack"],"picked":"Sunder","floor":2},{"not_picked":["Hologram","Ball Lightning","Sweeping Beam"],"picked":"SKIP","floor":4},{"not_picked":["Go for the Eyes","Steam"],"picked":"BootSequence","floor":7},{"not_picked":["Streamline","Multi-Cast","Steam"],"picked":"SKIP","floor":10},{"not_picked":["Sunder","Turbo"],"picked":"Beam Cell","floor":11},{"not_picked":["Double Energy","Cold Snap"],"picked":"Glacier","floor":12},{"not_picked":["Chaos","Ball Lightning","Rebound"],"picked":"SKIP","floor":13},{"not_picked":["Machine Learning","Hyperbeam"],"picked":"Buffer","floor":16},{"not_picked":["Force Field","Sweeping Beam","Ball Lightning+1"],"picked":"Singing Bowl","floor":18},{"not_picked":["Hologram+1","Go for the Eyes"],"picked":"Coolheaded+1","floor":22},{"not_picked":["Leap","Skim","Beam Cell"],"picked":"Singing Bowl","floor":24},{"not_picked":["Melter","Double Energy+1","Darkness"],"picked":"Singing Bowl","floor":27},{"not_picked":["Steam Power","Go for the Eyes"],"picked":"Seek","floor":29},{"not_picked":["Beam Cell","Reinforced Body"],"picked":"White Noise","floor":31},{"not_picked":["Meteor Strike","Thunder Strike"],"picked":"Amplify","floor":33},{"not_picked":["Chaos+1","Turbo"],"picked":"Gash+1","floor":35},{"not_picked":["Steam Power","Melter"],"picked":"Turbo+1","floor":37},{"not_picked":["Stack","Hologram"],"picked":"Loop","floor":39},{"not_picked":["Redo","Coolheaded"],"picked":"Echo Form","floor":40},{"not_picked":["Conserve Battery","Barrage","Ball Lightning"],"picked":"Singing Bowl","floor":41},{"not_picked":["Lockon+1","Ball Lightning","Steam"],"picked":"Singing Bowl","floor":44}],"player_experience":1902066,"relics_obtained":[{"floor":9,"key":"Pear"},{"floor":10,"key":"Mummified Hand"},{"floor":13,"key":"Blue Candle"},{"floor":26,"key":"Whetstone"},{"floor":29,"key":"Strawberry"},{"floor":40,"key":"Sundial"}],"event_choices":[{"damage_healed":0,"gold_gain":75,"player_choice":"Gather Gold","damage_taken":11,"max_hp_gain":0,"max_hp_loss":0,"event_name":"World of Goop","floor":3,"gold_loss":0},{"damage_healed":16,"gold_gain":0,"player_choice":"Healed","damage_taken":0,"max_hp_gain":0,"max_hp_loss":0,"event_name":"The Cleric","floor":5,"gold_loss":35},{"damage_healed":0,"gold_gain":0,"player_choice":"Ignored","damage_taken":0,"max_hp_gain":0,"max_hp_loss":0,"event_name":"Liars Game","floor":8,"gold_loss":0},{"damage_healed":0,"gold_gain":0,"player_choice":"Opened","damage_taken":0,"relics_obtained":["Gremlin Horn"],"max_hp_gain":0,"max_hp_loss":0,"event_name":"The Mausoleum","floor":19,"gold_loss":0,"cards_obtained":["Writhe"]},{"damage_healed":0,"gold_gain":0,"player_choice":"Became a vampire","damage_taken":0,"max_hp_gain":0,"max_hp_loss":23,"event_name":"Vampires","floor":20,"gold_loss":0,"cards_obtained":["Bite","Bite","Bite","Bite","Bite"]},{"damage_healed":0,"gold_gain":0,"player_choice":"Rummage","damage_taken":0,"relics_obtained":["WarpedTongs"],"max_hp_gain":0,"max_hp_loss":0,"event_name":"Accursed Blacksmith","floor":36,"gold_loss":0,"cards_obtained":["Pain"]}],"is_beta":false,"boss_relics":[{"not_picked":["Eternal Feather","Lizard Tail"],"picked":"Sozu"},{"not_picked":["Runic Dome","Busted Crown"],"picked":"Inserter"}],"items_purged_floors":[21],"is_endless":false,"potions_floor_spawned":[1,11,12,13,16,24,27,29,39,41,44],"killed_by":"Reptomancer","ascension_level":20}