{"gold_per_floor":[115,115,115,115,135,33,53,66,90,111,137,137,151,170,170,295,295,318,343,343],"floor_reached":20,"playtime":2864,"items_purged":[],"score":168,"play_id":"5af4087d-bd73-424a-abc3-5e7be9bb8412","local_time":"20190115012753","is_ascension_mode":false,"campfire_choices":[{"floor":12.0,"key":"REST"},{"data":"Perfected Strike","floor":15,"key":"SMITH"}],"neow_cost":"NONE","seed_source_timestamp":347763264324116,"circlet_count":0,"master_deck":["Strike_R","Strike_R","Strike_R+1","Strike_R","Strike_R","Defend_R+1","Defend_R","Defend_R","Bash","Double Tap","Perfected Strike+1","Clothesline","Twin Strike","Battle Trance","Rupture","Iron Wave","Iron Wave","Body Slam","Shrug It Off","Barricade","True Grit","Dual Wield","Dual Wield","Pommel Strike","Pommel Strike","True Grit","Metallicize"],"special_seed":0,"relics":["Burning Blood","Golden Idol","Blood Vial","Red Skull","Odd Mushroom","Orrery"],"potions_floor_usage":[14,16,18,18],"damage_taken":[{"damage":4.0,"enemies":"Small Slimes","floor":1.0,"turns":4.0},{"damage":0.0,"enemies":"2 Louse","floor":5.0,"turns":2.0},{"damage":0.0,"enemies":"Cultist","floor":7.0,"turns":3.0},{"damage":0.0,"enemies":"Large Slime","floor":8.0,"turns":4.0},{"damage":32.0,"enemies":"Exordium Thugs","floor":10.0,"turns":4.0},{"damage":17.0,"enemies":"The Mushroom Lair","floor":11.0,"turns":3.0},{"damage":5,"enemies":"3 Louse","floor":13,"turns":3},{"damage":5,"enemies":"Looter","floor":14,"turns":3},{"damage":34,"enemies":"Hexaghost","floor":16,"turns":8},{"damage":31,"enemies":"Spheric Guardian","floor":18,"turns":6},{"damage":21,"enemies":"Chosen","floor":19,"turns":6},{"damage":50,"enemies":"Sentry and Sphere","floor":20,"turns":9}],"seed_played":"-5507786244879685585","potions_obtained":[{"floor":8.0,"key":"SkillPotion"},{"floor":13,"key":"Fire Potion"},{"floor":14,"key":"Fruit Juice"},{"floor":16,"key":"Energy Potion"}],"is_trial":false,"path_per_floor":["M","?","?","?","M","?","M","M","T","M","?","R","M","M","R","B",null,"M","M","M"],"character_chosen":"IRONCLAD","items_purchased":[],"campfire_rested":1,"item_purchase_floors":[],"current_hp_per_floor":[80,64,44,44,50,50,58,66,66,42,33,57,60,68,68,42,85,60,47,0],"gold":343,"neow_bonus":"ONE_RANDOM_RARE_CARD","is_prod":false,"is_daily":false,"chose_seed":false,"campfire_upgraded":1,"win_rate":0,"timestamp":1547483273,"path_taken":["M","?","?","?","M","?","M","M","T","?","?","R","M","M","R","BOSS","M","M","M"],"build_version":"2019-01-10","purchased_purges":0,"victory":false,"max_hp_per_floor":[80,80,80,80,80,80,80,80,80,80,80,80,80,85,85,85,85,85,85,85],"card_choices":[{"not_picked":["Pommel Strike","Disarm"],"picked":"Perfected Strike","floor":1.0},{"not_picked":["Inflame","Cleave"],"picked":"Twin Strike","floor":5.0},{"not_picked":["Headbutt","Searing Blow"],"picked":"Battle Trance","floor":7.0},{"not_picked":["Entrench","Clash"],"picked":"Rupture","floor":8.0},{"not_picked":["Burning Pact","Seeing Red"],"picked":"Iron Wave","floor":10.0},{"not_picked":["Sever Soul","Combust"],"picked":"Iron Wave","floor":11.0},{"not_picked":["Clash","Heavy Blade"],"picked":"Body Slam","floor":13},{"not_picked":["Flex","Battle Trance"],"picked":"Shrug It Off","floor":14},{"not_picked":["Juggernaut","Demon Form"],"picked":"Barricade","floor":16},{"not_picked":["Wild Strike","Sword Boomerang"],"picked":"True Grit","floor":17},{"not_picked":["Flex","Fire Breathing"],"picked":"Dual Wield","floor":17},{"not_picked":["Thunderclap","Metallicize"],"picked":"Dual Wield","floor":17},{"not_picked":["Havoc","Clash"],"picked":"Pommel Strike","floor":17},{"not_picked":["Dark Embrace","Armaments"],"picked":"Pommel Strike","floor":17},{"not_picked":["Clash+1","Pummel"],"picked":"True Grit","floor":18},{"not_picked":["Blood for Blood","Combust"],"picked":"Metallicize","floor":19}],"player_experience":44692,"relics_obtained":[{"floor":9.0,"key":"Red Skull"},{"floor":11.0,"key":"Odd Mushroom"}],"event_choices":[{"damage_healed":0.0,"max_hp_gain":0.0,"max_hp_loss":0.0,"gold_gain":0.0,"event_name":"Shining Light","player_choice":"Entered Light","floor":2.0,"gold_loss":0.0,"damage_taken":16.0,"cards_upgraded":["Defend_R","Strike_R"]},{"damage_healed":0.0,"max_hp_gain":0.0,"max_hp_loss":0.0,"gold_gain":0.0,"event_name":"Golden Idol","player_choice":"Take Damage","floor":3.0,"gold_loss":0.0,"damage_taken":20.0,"relics_obtained":["Golden Idol"]},{"damage_healed":0.0,"max_hp_gain":0.0,"max_hp_loss":0.0,"gold_gain":0.0,"cards_transformed":["Defend_R"],"event_name":"Living Wall","player_choice":"Change","floor":4.0,"gold_loss":0.0,"damage_taken":0.0,"cards_obtained":["Clothesline"]},{"damage_healed":0.0,"max_hp_gain":0.0,"max_hp_loss":0.0,"gold_gain":0.0,"event_name":"WeMeetAgain","player_choice":"Paid Gold","floor":6.0,"gold_loss":102.0,"damage_taken":0.0,"relics_obtained":["Blood Vial"]},{"damage_healed":0.0,"max_hp_gain":0.0,"max_hp_loss":0.0,"gold_gain":0.0,"event_name":"Mushrooms","player_choice":"Fought Mushrooms","floor":11.0,"gold_loss":0.0,"damage_taken":0.0}],"is_beta":false,"boss_relics":[{"not_picked":["Runic Cube","Black Blood"],"picked":"Orrery"}],"items_purged_floors":[],"is_endless":false,"potions_floor_spawned":[8,13,14,16],"killed_by":"Sentry and Sphere","ascension_level":0}