{"gold_per_floor":[19,169,169,169,188,188,268,238,320,69,89,109,109,133,133,133],"floor_reached":16,"playtime":416,"items_purged":[],"score":180,"play_id":"42b03467-9ebc-454a-9fa8-baa454ea3484","local_time":"20190411220407","is_ascension_mode":true,"campfire_choices":[{"data":"Zap","floor":6,"key":"SMITH"},{"data":"Consume","floor":13,"key":"SMITH"},{"data":"Buffer","floor":15,"key":"SMITH"}],"neow_cost":"NO_GOLD","seed_source_timestamp":417963834902400,"circlet_count":0,"master_deck":["AscendersBane","Strike_B","Strike_B","Strike_B","Defend_B","Defend_B","Defend_B","Defend_B","Zap+1","Dualcast","Doubt","FTL","Ball Lightning","Consume+1","Coolheaded","Cold Snap","Buffer+1"],"relics":["Cracked Core","Ginger","Golden Idol","Blue Candle","Singing Bowl","Medical Kit"],"potions_floor_usage":[12,16],"damage_taken":[{"damage":7,"enemies":"Small Slimes","floor":1,"turns":3},{"damage":4,"enemies":"2 Louse","floor":5,"turns":2},{"damage":30,"enemies":"3 Sentries","floor":7,"turns":6},{"damage":3,"enemies":"Jaw Worm","floor":11,"turns":3},{"damage":5,"enemies":"Exordium Thugs","floor":12,"turns":3},{"damage":6,"enemies":"Blue Slaver","floor":14,"turns":3},{"damage":13,"enemies":"Hexaghost","floor":16,"turns":9}],"seed_played":"-2948840501276634220","potions_obtained":[{"floor":11,"key":"EssenceOfSteel"},{"floor":14,"key":"Explosive Potion"}],"is_trial":false,"path_per_floor":["M","?","?","?","M","R","?","$","T","$","M","M","R","M","R","B"],"character_chosen":"DEFECT","items_purchased":["Coolheaded","Cold Snap","Medical Kit"],"campfire_rested":0,"item_purchase_floors":[8,10,10],"current_hp_per_floor":[57,57,57,57,53,53,23,23,23,23,22,19,19,13,13,0],"gold":133,"neow_bonus":"ONE_RARE_RELIC","is_prod":false,"is_daily":false,"chose_seed":false,"campfire_upgraded":3,"win_rate":0,"timestamp":1554987847,"path_taken":["M","?","?","?","M","R","?","$","T","$","M","M","R","M","R","BOSS"],"build_version":"2019-01-23","purchased_purges":0,"victory":false,"max_hp_per_floor":[71,71,71,64,64,64,64,64,64,64,66,68,68,68,68,68],"card_choices":[{"not_picked":["Ball Lightning","Rebound","Conserve Battery"],"picked":"SKIP","floor":1},{"not_picked":["Sweeping Beam","Stack"],"picked":"Ball Lightning","floor":5},{"not_picked":["Blizzard","Force Field"],"picked":"Consume","floor":7},{"not_picked":["Beam Cell","Hologram","Aggregate"],"picked":"Singing Bowl","floor":11},{"not_picked":["Melter","Chaos","Doom and Gloom"],"picked":"Singing Bowl","floor":12},{"not_picked":["Reinforced Body","Compile Driver"],"picked":"Buffer","floor":14}],"player_experience":3067819,"relics_obtained":[{"floor":7,"key":"Blue Candle"},{"floor":9,"key":"Singing Bowl"}],"event_choices":[{"damage_healed":0,"gold_gain":150,"player_choice":"AGREE","damage_taken":0,"max_hp_gain":0,"max_hp_loss":0,"event_name":"Liars Game","floor":2,"gold_loss":0,"cards_obtained":["Doubt"]},{"damage_healed":0,"gold_gain":0,"cards_transformed":["Strike_B"],"player_choice":"Change","damage_taken":0,"max_hp_gain":0,"max_hp_loss":0,"event_name":"Living Wall","floor":3,"gold_loss":0,"cards_obtained":["FTL"]},{"damage_healed":0,"gold_gain":0,"player_choice":"Lose Max HP","damage_taken":0,"relics_obtained":["Golden Idol"],"max_hp_gain":0,"max_hp_loss":7,"event_name":"Golden Idol","floor":4,"gold_loss":0},{"damage_healed":0,"gold_gain":0,"player_choice":"Searched \u00272\u0027 times","damage_taken":0,"max_hp_gain":0,"max_hp_loss":0,"event_name":"Dead Adventurer","floor":7,"gold_loss":0}],"is_beta":false,"boss_relics":[],"items_purged_floors":[],"is_endless":false,"potions_floor_spawned":[11,14],"killed_by":"Hexaghost","ascension_level":20}