{"path_per_floor":["M","?","M","M","M","R","E","$","T","R","M","$","?","?","R"],"character_chosen":"IRONCLAD","items_purchased":["Toolbox","Dexterity Potion","Regen Potion"],"gold_per_floor":[111,286,303,317,334,334,364,364,388,388,399,37,37,66,66],"floor_reached":16,"campfire_rested":1,"playtime":1573,"current_hp_per_floor":[80,80,79,80,79,79,67,67,67,67,70,70,70,60,80],"items_purged":[],"gold":66,"play_id":"5c210d48-7590-4cd9-9631-cf1b050281c2","is_prod":false,"is_daily":false,"is_ascension_mode":false,"campfire_upgraded":2,"path_taken":["M","?","M","M","M","R","E","$","T","R","M","$","?","?","R","BOSS"],"build_version":"2018-02-01-PROD3","purchased_purges":0,"victory":false,"master_deck":["Strike_R","Strike_R","Strike_R","Strike_R","Strike_R","Defend_R","Defend_R","Defend_R","Defend_R","Bash","Power Through","Armaments","Doubt","Armaments","Shrug It Off+1","Spot Weakness+1","Shrug It Off","True Grit","Feed"],"max_hp_per_floor":[80,80,80,80,80,80,80,80,80,80,80,80,80,80,80],"relics":["Burning Blood","Omamori","Bag of Preparation","Toolbox","Odd Mushroom"],"card_choices":[{"not_picked":["Anger","Flex"],"picked":"Power Through"},{"not_picked":["Flex","Reckless Charge"],"picked":"Armaments"},{"not_picked":["Cleave","Uppercut"],"picked":"Armaments"},{"not_picked":["Clash","Headbutt"],"picked":"Shrug It Off"},{"not_picked":["Wild Strike","Cleave"],"picked":"Spot Weakness"},{"not_picked":["Bloodletting","Reckless Charge"],"picked":"Shrug It Off"},{"not_picked":["Clash","Heavy Blade"],"picked":"True Grit"},{"not_picked":["Perfected Strike","Headbutt"],"picked":"Feed"}],"player_experience":66881,"potions_floor_usage":[5,14,16,16,16],"damage_taken":[{"damage":3,"enemies":"Cultist","floor":1,"turns":5},{"damage":7,"enemies":"Small Slimes","floor":3,"turns":5},{"damage":0,"enemies":"2 Louse","floor":4,"turns":3},{"damage":7,"enemies":"Exordium Wildlife","floor":5,"turns":10},{"damage":18,"enemies":"3 Sentries","floor":7,"turns":10},{"damage":3,"enemies":"2 Fungi Beasts","floor":11,"turns":4},{"damage":16,"enemies":"The Mushroom Lair","floor":14,"turns":7},{"damage":87,"enemies":"Hexaghost","floor":16,"turns":16}],"event_choices":[{"event_name":"Liars Game","player_choice":"agreed","floor":2,"damage_taken":0},{"event_name":"Golden Idol","player_choice":"Ignored","floor":13,"damage_taken":0},{"event_name":"Mushrooms","player_choice":"Fought Mushrooms","floor":14,"damage_taken":0}],"boss_relics":[],"potions_floor_spawned":[3,7,14],"seed_played":"-6303420972223757826","killed_by":"Hexaghost","ascension_level":0,"is_trial":false}