{"gold_per_floor":[15,15,15,32,32,357,357,382,409,409,409,435,435,455,455,455],"floor_reached":16,"playtime":585,"items_purged":[],"score":212,"play_id":"09a83553-2b17-479d-a5cf-6a59ee177a1e","local_time":"20190427123308","is_ascension_mode":true,"campfire_choices":[{"data":"Whirlwind","floor":7,"key":"SMITH"},{"data":"Fiend Fire","floor":11,"key":"SMITH"},{"data":"Bash","floor":13,"key":"SMITH"},{"data":"Corruption","floor":15,"key":"SMITH"}],"neow_cost":"NO_GOLD","seed_source_timestamp":434519508303000,"circlet_count":0,"master_deck":["AscendersBane","Strike_R","Strike_R","Strike_R","Defend_R","Defend_R","Defend_R","Defend_R","Bash+1","Power Through","Corruption+1","Clothesline","Whirlwind+1","Fiend Fire+1","Flame Barrier"],"relics":["Burning Blood","WarpedTongs","Pear","Old Coin","Smiling Mask","Orichalcum","Oddly Smooth Stone"],"potions_floor_usage":[6,16],"damage_taken":[{"damage":10,"enemies":"2 Louse","floor":1,"turns":4},{"damage":8,"enemies":"Small Slimes","floor":4,"turns":5},{"damage":28,"enemies":"Gremlin Nob","floor":6,"turns":4},{"damage":21,"enemies":"3 Sentries","floor":8,"turns":6},{"damage":0,"enemies":"Cultist","floor":14,"turns":3},{"damage":51,"enemies":"Slime Boss","floor":16,"turns":8}],"seed_played":"8842847349441460652","potions_obtained":[{"floor":1,"key":"SkillPotion"},{"floor":14,"key":"SteroidPotion"}],"is_trial":false,"path_per_floor":["M","?","?","M","T","E","R","E","T","?","R","T","R","M","R","B"],"character_chosen":"IRONCLAD","items_purchased":[],"campfire_rested":0,"item_purchase_floors":[],"current_hp_per_floor":[64,69,69,67,77,55,55,40,40,40,40,40,40,46,46,0],"gold":455,"neow_bonus":"TRANSFORM_TWO_CARDS","is_prod":false,"is_daily":false,"chose_seed":false,"campfire_upgraded":4,"win_rate":0,"timestamp":1556335988,"path_taken":["M","?","?","?","?","E","R","E","T","?","R","?","R","M","R","BOSS"],"build_version":"2019-01-23","purchased_purges":0,"victory":false,"max_hp_per_floor":[75,80,80,80,90,90,90,90,90,90,90,90,90,90,90,90],"card_choices":[{"not_picked":["Burning Pact","Thunderclap"],"picked":"Clothesline","floor":1},{"not_picked":["Shockwave","Evolve"],"picked":"Whirlwind","floor":4},{"not_picked":["Burning Pact","Pommel Strike","Rage"],"picked":"SKIP","floor":6},{"not_picked":["Disarm","Searing Blow"],"picked":"Fiend Fire","floor":8},{"not_picked":["Flex","Rage"],"picked":"Flame Barrier","floor":14}],"player_experience":3402894,"relics_obtained":[{"floor":5,"key":"Pear"},{"floor":6,"key":"Old Coin"},{"floor":8,"key":"Smiling Mask"},{"floor":9,"key":"Orichalcum"},{"floor":12,"key":"Oddly Smooth Stone"}],"event_choices":[{"damage_healed":0,"gold_gain":0,"player_choice":"Donut","damage_taken":0,"max_hp_gain":5,"max_hp_loss":0,"event_name":"Big Fish","floor":2,"gold_loss":0},{"damage_healed":0,"gold_gain":0,"player_choice":"Rummage","damage_taken":0,"relics_obtained":["WarpedTongs"],"max_hp_gain":0,"max_hp_loss":0,"event_name":"Accursed Blacksmith","floor":3,"gold_loss":0,"cards_obtained":["Pain"]},{"cards_removed":["Pain"],"damage_healed":0,"gold_gain":0,"player_choice":"Forget","damage_taken":0,"max_hp_gain":0,"max_hp_loss":0,"event_name":"Living Wall","floor":10,"gold_loss":0}],"is_beta":false,"boss_relics":[],"items_purged_floors":[],"is_endless":false,"potions_floor_spawned":[1,14],"killed_by":"Slime Boss","ascension_level":20}