{"gold_per_floor":[115,115,58,75,75,102,102,102,150,170,184,202,202,202],"floor_reached":14,"playtime":268,"items_purged":[],"score":230,"play_id":"effff0ad-80af-42ce-9af1-a79ab118eddf","local_time":"20190224111641","is_ascension_mode":true,"campfire_choices":[{"data":"Dualcast","floor":8.0,"key":"SMITH"}],"neow_cost":"NONE","seed_source_timestamp":0,"circlet_count":0,"master_deck":["AscendersBane","Strike_B+1","Strike_B+1","Strike_B","Strike_B","Defend_B","Defend_B","Defend_B","Zap","Dualcast+1","Seek","Steam Power","Lockon"],"special_seed":0,"relics":["Cracked Core","NeowsBlessing","Oddly Smooth Stone","DataDisk"],"potions_floor_usage":[],"damage_taken":[{"damage":0.0,"enemies":"Small Slimes","floor":1.0,"turns":1.0},{"damage":0.0,"enemies":"Cultist","floor":4.0,"turns":1.0},{"damage":0.0,"enemies":"Gremlin Nob","floor":6.0,"turns":1.0},{"damage":0.0,"enemies":"2 Louse","floor":10.0,"turns":2.0},{"damage":7.0,"enemies":"Exordium Thugs","floor":11.0,"turns":3.0},{"damage":19,"enemies":"Exordium Wildlife","floor":12,"turns":3},{"damage":8,"enemies":"3 Sentries","floor":14,"turns":3}],"seed_played":"1325574919686480331","potions_obtained":[{"floor":2.0,"key":"SneckoOil"},{"floor":2.0,"key":"Weak Potion"},{"floor":11,"key":"Weak Potion"},{"floor":12,"key":"SteroidPotion"}],"is_trial":false,"path_per_floor":["M","?","$","M","$","E","?","R","T","M","M","M","?","E"],"character_chosen":"DEFECT","items_purchased":["Fire Potion"],"campfire_rested":0,"item_purchase_floors":[3],"current_hp_per_floor":[64,64,64,64,64,64,64,64,64,64,57,38,17,9],"gold":202,"neow_bonus":"THREE_ENEMY_KILL","is_prod":false,"is_daily":false,"chose_seed":false,"campfire_upgraded":1,"win_rate":0,"timestamp":1550974601,"path_taken":["M","?","$","M","?","E","?","R","T","M","M","?","?","E"],"build_version":"2019-01-23","purchased_purges":0,"victory":false,"max_hp_per_floor":[71,71,71,71,71,71,71,71,71,71,71,71,71,71],"card_choices":[{"not_picked":["Conserve Battery","Turbo","Storm"],"picked":"SKIP","floor":1.0},{"not_picked":["Leap","Go for the Eyes"],"picked":"Seek","floor":4.0},{"not_picked":["Hello World","Sweeping Beam","Static Discharge"],"picked":"SKIP","floor":6.0},{"not_picked":["Skim","Undo","Stack"],"picked":"SKIP","floor":10.0},{"not_picked":["Blizzard","Stack"],"picked":"Lockon","floor":12}],"player_experience":1784735,"relics_obtained":[{"floor":6.0,"key":"Oddly Smooth Stone"},{"floor":9.0,"key":"DataDisk"}],"event_choices":[{"damage_healed":0.0,"max_hp_gain":0.0,"max_hp_loss":0.0,"gold_gain":0.0,"event_name":"Lab","player_choice":"Got Potions","floor":2.0,"gold_loss":0.0,"damage_taken":0.0},{"damage_healed":0.0,"max_hp_gain":0.0,"max_hp_loss":0.0,"gold_gain":0.0,"cards_transformed":["Defend_B"],"event_name":"Transmorgrifier","player_choice":"Transformed","floor":7.0,"gold_loss":0.0,"damage_taken":0.0,"cards_obtained":["Steam Power"]},{"damage_healed":0,"gold_gain":0,"player_choice":"Entered Light","damage_taken":21,"max_hp_gain":0,"max_hp_loss":0,"event_name":"Shining Light","floor":13,"gold_loss":0,"cards_upgraded":["Strike_B","Strike_B"]}],"is_beta":false,"boss_relics":[],"items_purged_floors":[],"is_endless":false,"potions_floor_spawned":[4,6,11,12],"killed_by":"3 Sentries","ascension_level":20}