{"gold_per_floor":[361,361,21,36,46,46,72,72,132,144,166,212,241,253,265,380,392,424,55,67,67,85,85,110,125,152,152,152,52,52,80,80,176,176,186,186,186,202,128,154,154,173,227,244,255,255,288,306,306,306],"floor_reached":51,"playtime":2615,"items_purged":["Clumsy"],"score":1065,"play_id":"109cac12-5a51-4981-857e-0ca22bcef13d","local_time":"20180729210224","is_ascension_mode":true,"campfire_choices":[{"floor":6,"key":"REST"},{"floor":10,"key":"REST"},{"floor":15,"key":"REST"},{"floor":23,"key":"REST"},{"data":"Storm","floor":28,"key":"SMITH"},{"data":"Defragment","floor":32,"key":"SMITH"},{"floor":41,"key":"REST"},{"data":"Amplify","floor":49,"key":"SMITH"}],"neow_cost":"CURSE","seed_source_timestamp":609163856872087,"circlet_count":0,"master_deck":["Strike_B","Strike_B","Defend_B","Defend_B","Defend_B","Zap","Dualcast","Defragment","Ball Lightning","Steam","Amplify+1","Chill","Storm+1","Rainbow","Cold Snap","Self Repair","Panache","Self Repair","Storm+1","Defragment+1","Conserve Battery","Redo","Creative AI","Fission+1","Hologram+1","Defragment+1","Self Repair","Amplify","Static Discharge","Conserve Battery","Glacier","Steam+1"],"relics":["Cracked Core","Mummified Hand","Strawberry","MawBank","Happy Flower","Bronze Scales","Eternal Feather","Anchor","Darkstone Periapt","DataDisk","Omamori","Smiling Mask","Astrolabe","Sundial","Vajra","Art of War","Gambling Chip"],"potions_floor_usage":[7,12,18,24,33,35,46,50,50,50],"damage_taken":[{"damage":8,"enemies":"Small Slimes","floor":1,"turns":4},{"damage":6,"enemies":"Cultist","floor":4,"turns":3},{"damage":7,"enemies":"Jaw Worm","floor":5,"turns":3},{"damage":9,"enemies":"Lagavulin","floor":7,"turns":5},{"damage":0,"enemies":"Large Slime","floor":11,"turns":5},{"damage":50,"enemies":"Gremlin Nob","floor":12,"turns":5},{"damage":18,"enemies":"Exordium Wildlife","floor":13,"turns":4},{"damage":46,"enemies":"Hexaghost","floor":16,"turns":9},{"damage":14,"enemies":"Shell Parasite","floor":18,"turns":5},{"damage":3,"enemies":"3 Byrds","floor":20,"turns":3},{"damage":27,"enemies":"Snake Plant","floor":22,"turns":3},{"damage":23,"enemies":"Gremlin Leader","floor":24,"turns":5},{"damage":12,"enemies":"Snecko","floor":25,"turns":4},{"damage":1,"enemies":"Book of Stabbing","floor":31,"turns":3},{"damage":80,"enemies":"Automaton","floor":33,"turns":8},{"damage":9,"enemies":"3 Darklings","floor":35,"turns":4},{"damage":23,"floor":37,"turns":4},{"damage":0,"enemies":"Flame Bruiser 1 Orb","floor":38,"turns":3},{"damage":41,"enemies":"2 Orb Walkers","floor":40,"turns":3},{"damage":22,"enemies":"Maw","floor":42,"turns":4},{"damage":5,"enemies":"Sphere and 2 Shapes","floor":44,"turns":3},{"damage":5,"enemies":"4 Shapes","floor":45,"turns":3},{"damage":0,"enemies":"Transient","floor":46,"turns":1},{"damage":52,"enemies":"Nemesis","floor":47,"turns":5},{"damage":1,"enemies":"Spire Growth","floor":48,"turns":3},{"damage":22,"enemies":"Donu and Deca","floor":50,"turns":5}],"seed_played":"-1663294533440722813","potions_obtained":[{"floor":4,"key":"Ancient Potion"},{"floor":7,"key":"AttackPotion"},{"floor":13,"key":"SpeedPotion"},{"floor":22,"key":"PowerPotion"},{"floor":25,"key":"FocusPotion"},{"floor":33,"key":"PowerPotion"},{"floor":38,"key":"Strength Potion"},{"floor":45,"key":"SmokeBomb"},{"floor":47,"key":"Strength Potion"},{"floor":48,"key":"SkillPotion"}],"is_trial":false,"path_per_floor":["M","?","$","M","M","R","E","?","T","R","M","E","M","?","R","B",null,"M","$","M","$","M","R","E","M","T","?","R","$","?","E","R","B",null,"M","?","?","M","$","E","R","M","T","M","M","M","E","M","R","B"],"character_chosen":"DEFECT","items_purchased":["Mummified Hand","Defragment","Self Repair","Panache","Anchor","Conserve Battery","Self Repair"],"campfire_rested":5,"item_purchase_floors":[3,3,19,19,19,29,39],"current_hp_per_floor":[60,60,60,54,47,69,67,60,60,82,82,32,14,41,65,19,66,52,52,63,63,43,79,77,79,79,79,82,82,82,82,82,16,66,64,82,80,82,82,48,82,81,81,82,82,82,51,64,82,81],"gold":306,"neow_bonus":"TWO_FIFTY_GOLD","is_prod":false,"is_daily":false,"chose_seed":false,"campfire_upgraded":3,"win_rate":0,"timestamp":1532887344,"path_taken":["M","?","$","?","M","R","E","?","T","R","M","E","M","?","R","BOSS","M","?","M","$","M","R","E","M","T","?","R","$","?","E","R","BOSS","M","?","?","M","$","E","R","M","T","M","M","M","E","M","R","BOSS"],"build_version":"2018-07-26","purchased_purges":1,"victory":true,"max_hp_per_floor":[75,75,75,75,75,75,82,82,82,82,82,82,82,82,82,82,82,82,82,82,82,82,82,82,82,82,82,82,82,82,82,82,82,82,82,82,82,82,82,82,82,82,82,82,82,82,82,82,82,82],"card_choices":[{"not_picked":["Compile Driver","Coolheaded","Leap"],"picked":"SKIP","floor":1},{"not_picked":["Gash","Stack"],"picked":"Ball Lightning","floor":4},{"not_picked":["Glacier","Cold Snap"],"picked":"Steam","floor":5},{"not_picked":["Rebound","Redo"],"picked":"Amplify","floor":7},{"not_picked":["Fusion","Reprogram"],"picked":"Chill","floor":11},{"not_picked":["Stack","Skim"],"picked":"Storm","floor":12},{"not_picked":["Coolheaded","Sweeping Beam","Beam Cell"],"picked":"SKIP","floor":13},{"not_picked":["All For One","Core Surge"],"picked":"Rainbow","floor":16},{"not_picked":["Stack","Gash"],"picked":"Cold Snap","floor":18},{"not_picked":["Beam Cell","Genetic Algorithm"],"picked":"Self Repair","floor":20},{"not_picked":["Melter+1","White Noise"],"picked":"Storm+1","floor":22},{"not_picked":["Sweeping Beam","Barrage","Core Surge"],"picked":"SKIP","floor":24},{"not_picked":["Stack","Aggregate"],"picked":"Defragment","floor":25},{"not_picked":["Reprogram","Gash"],"picked":"Redo","floor":31},{"not_picked":["Buffer","Echo Form"],"picked":"Creative AI","floor":33},{"not_picked":["Conserve Battery","Ball Lightning"],"picked":"Defragment+1","floor":35},{"not_picked":["Barrage","Gash","Blizzard+1"],"picked":"SKIP","floor":38},{"not_picked":["Skim+1","Stack+1"],"picked":"Amplify","floor":40},{"not_picked":["Sweeping Beam","Go for the Eyes"],"picked":"Static Discharge","floor":42},{"not_picked":["Coolheaded+1","Barrage","Gash"],"picked":"SKIP","floor":44},{"not_picked":["Ball Lightning+1","Turbo"],"picked":"Conserve Battery","floor":45},{"not_picked":["Go for the Eyes+1","Genetic Algorithm"],"picked":"Glacier","floor":47},{"not_picked":["Leap","Cold Snap+1"],"picked":"Steam+1","floor":48}],"player_experience":616492,"relics_obtained":[{"floor":7,"key":"Strawberry"},{"floor":9,"key":"Happy Flower"},{"floor":12,"key":"Bronze Scales"},{"floor":24,"key":"Darkstone Periapt"},{"floor":26,"key":"DataDisk"},{"floor":31,"key":"Smiling Mask"},{"floor":37,"key":"Sundial"},{"floor":40,"key":"Vajra"},{"floor":43,"key":"Art of War"},{"floor":47,"key":"Gambling Chip"}],"event_choices":[{"event_name":"Shining Light","player_choice":"Ignored","floor":2,"damage_taken":0},{"event_name":"Scrap Ooze","player_choice":"success","floor":8,"damage_taken":7},{"event_name":"Big Fish","player_choice":"Banana","floor":14,"damage_taken":0},{"event_name":"The Mausoleum","player_choice":"Yes","floor":27,"damage_taken":0},{"event_name":"Drug Dealer","player_choice":"Ignored","floor":30,"damage_taken":0},{"event_name":"Bonfire Elementals","player_choice":"UNCOMMON","floor":36,"damage_taken":0},{"event_name":"MindBloom","player_choice":"Fight","floor":37,"damage_taken":0}],"is_beta":false,"boss_relics":[{"not_picked":["Black Star","FrozenCore"],"picked":"Eternal Feather"},{"not_picked":["Inserter","Runic Dome"],"picked":"Astrolabe"}],"items_purged_floors":[29],"is_endless":false,"potions_floor_spawned":[4,7,13,22,25,33,38,45,47,48],"ascension_level":8}