{"gold_per_floor":[119,119,139,50,65,65,94,94,94,94,112,131,161,179,179,251,251,266,191,24,37,8,39,39,39,86,86,1,1,1,27,27,100,100,120,40,1039,671,681,681,681,681],"floor_reached":42,"playtime":1318,"items_purged":["Normality"],"score":955,"play_id":"2d2cf1b1-969d-4f91-8810-01ec569022c1","local_time":"20190425145844","is_ascension_mode":true,"campfire_choices":[{"data":"Defragment","floor":6,"key":"SMITH"},{"data":"Defragment","floor":8,"key":"SMITH"},{"data":"Recycle","floor":15,"key":"SMITH"},{"floor":25,"key":"REST"},{"data":"Zap","floor":27,"key":"SMITH"},{"data":"Capacitor","floor":32,"key":"SMITH"},{"floor":40,"key":"RECALL"}],"neow_cost":"NONE","seed_source_timestamp":269720140596100,"circlet_count":0,"master_deck":["AscendersBane","Strike_B","Strike_B","Defend_B","Defend_B","Defend_B","Zap+1","Dualcast","Cold Snap","Defragment+1","Melter","Defragment+1","Recycle+1","Cold Snap","Electrodynamics","Redo+1","Conserve Battery","Hologram","Capacitor+1","All For One","Compile Driver+1","Capacitor","Normality","Capacitor"],"relics":["Cracked Core","NeowsBlessing","Thread and Needle","Pocketwatch","Emotion Chip","Empty Cage","Juzu Bracelet","Orichalcum","PreservedInsect","Pantograph","Mummified Hand","Nuclear Battery","Lee\u0027s Waffle"],"potions_floor_usage":[12,13,23,42],"damage_taken":[{"damage":0,"enemies":"2 Louse","floor":1,"turns":1},{"damage":0,"enemies":"Cultist","floor":3,"turns":1},{"damage":0,"enemies":"Small Slimes","floor":5,"turns":1},{"damage":24,"enemies":"3 Sentries","floor":7,"turns":6},{"damage":8,"enemies":"Exordium Thugs","floor":11,"turns":5},{"damage":7,"enemies":"Red Slaver","floor":12,"turns":4},{"damage":0,"enemies":"Gremlin Nob","floor":13,"turns":5},{"damage":7,"enemies":"3 Louse","floor":14,"turns":3},{"damage":10,"enemies":"Slime Boss","floor":16,"turns":11},{"damage":12,"enemies":"2 Thieves","floor":18,"turns":3},{"damage":13,"enemies":"Shell Parasite","floor":21,"turns":3},{"damage":12,"enemies":"Book of Stabbing","floor":23,"turns":4},{"damage":14,"enemies":"Slavers","floor":31,"turns":2},{"damage":42,"enemies":"Automaton","floor":33,"turns":8},{"damage":9,"enemies":"3 Shapes","floor":35,"turns":4},{"damage":40,"enemies":"3 Darklings","floor":39,"turns":5},{"damage":38,"enemies":"Giant Head","floor":42,"turns":7}],"seed_played":"2958186693372561988","potions_obtained":[{"floor":5,"key":"FocusPotion"},{"floor":7,"key":"Strength Potion"},{"floor":11,"key":"Regen Potion"},{"floor":14,"key":"FearPotion"},{"floor":21,"key":"Explosive Potion"},{"floor":23,"key":"Ancient Potion"}],"is_trial":false,"path_per_floor":["M","?","M","$","M","R","E","R","T","?","M","M","E","M","R","B",null,"M","?","$","M","$","E","$","R","T","R","?","?","T","E","R","B",null,"M","$","?","$","M","R","?","E"],"character_chosen":"DEFECT","items_purchased":["Defragment","Juzu Bracelet","Conserve Battery","Capacitor","Lee\u0027s Waffle","Capacitor"],"campfire_rested":1,"item_purchase_floors":[4,20,22,36,38,38],"current_hp_per_floor":[64,64,64,64,64,64,40,40,40,40,32,37,37,30,30,20,58,46,46,46,33,33,21,21,42,42,42,42,42,42,28,28,11,56,47,47,47,78,38,38,38,0],"gold":681,"neow_bonus":"THREE_ENEMY_KILL","is_prod":false,"is_daily":false,"chose_seed":false,"campfire_upgraded":5,"win_rate":0,"timestamp":1556171924,"path_taken":["M","?","M","$","?","R","E","R","T","?","M","?","E","M","R","BOSS","M","?","$","M","?","E","$","R","T","R","?","?","?","E","R","BOSS","M","?","?","$","M","R","?","E"],"build_version":"2019-01-23","purchased_purges":1,"victory":false,"max_hp_per_floor":[71,71,71,71,71,71,71,71,71,71,71,71,71,71,71,71,71,71,71,71,71,71,71,71,71,71,71,71,71,71,71,71,71,71,71,71,71,78,78,78,78,78],"card_choices":[{"not_picked":["Redo","Skim","Leap"],"picked":"SKIP","floor":1},{"not_picked":["Undo","Steam"],"picked":"Cold Snap","floor":3},{"not_picked":["Streamline","Sweeping Beam"],"picked":"Melter","floor":5},{"not_picked":["Stack","Recycle"],"picked":"Defragment","floor":7},{"not_picked":["Cold Snap","Melter"],"picked":"Recycle","floor":11},{"not_picked":["Rip and Tear","Coolheaded"],"picked":"Cold Snap","floor":12},{"not_picked":["Leap","Turbo","Barrage"],"picked":"SKIP","floor":13},{"not_picked":["Redo","Conserve Battery","Skim"],"picked":"SKIP","floor":14},{"not_picked":["Creative AI","Seek"],"picked":"Electrodynamics","floor":16},{"not_picked":["Stack","Barrage","Hello World"],"picked":"SKIP","floor":18},{"not_picked":["Skim","Gash"],"picked":"Redo+1","floor":21},{"not_picked":["Rebound","Force Field"],"picked":"Hologram","floor":23},{"not_picked":["Rip and Tear","Blizzard","Beam Cell"],"picked":"SKIP","floor":31},{"not_picked":["Rip and Tear","Blizzard","Beam Cell"],"picked":"SKIP","floor":31},{"not_picked":["Multi-Cast","Electrodynamics"],"picked":"All For One","floor":33},{"not_picked":["Turbo+1","Rebound"],"picked":"Compile Driver+1","floor":35},{"not_picked":["Sunder","BootSequence","Rebound"],"picked":"SKIP","floor":39}],"player_experience":3367977,"relics_obtained":[{"floor":7,"key":"Thread and Needle"},{"floor":9,"key":"Pocketwatch"},{"floor":13,"key":"Emotion Chip"},{"floor":23,"key":"Orichalcum"},{"floor":30,"key":"Pantograph"},{"floor":31,"key":"Mummified Hand"}],"event_choices":[{"cards_removed":["Defend_B"],"damage_healed":0,"gold_gain":0,"player_choice":"Offered Basic","damage_taken":0,"max_hp_gain":0,"max_hp_loss":0,"event_name":"Bonfire Elementals","floor":2,"gold_loss":0},{"damage_healed":0,"gold_gain":0,"player_choice":"Cursed","damage_taken":0,"max_hp_gain":0,"max_hp_loss":0,"event_name":"Wheel of Change","floor":10,"gold_loss":0,"cards_obtained":["Decay"]},{"cards_removed":["Strike_B"],"damage_healed":0,"gold_gain":0,"player_choice":"Gave Gold","damage_taken":0,"max_hp_gain":0,"max_hp_loss":0,"event_name":"Beggar","floor":19,"gold_loss":75},{"damage_healed":0,"gold_gain":0,"player_choice":"Obtained Relic","damage_taken":0,"relics_obtained":["PreservedInsect"],"max_hp_gain":0,"max_hp_loss":0,"event_name":"Addict","floor":28,"gold_loss":85},{"damage_healed":0,"gold_gain":0,"player_choice":"Read","damage_taken":0,"max_hp_gain":0,"max_hp_loss":0,"event_name":"The Library","floor":29,"gold_loss":0,"cards_obtained":["Capacitor"]},{"damage_healed":0,"gold_gain":999,"player_choice":"Gold","damage_taken":0,"max_hp_gain":0,"max_hp_loss":0,"event_name":"MindBloom","floor":37,"gold_loss":0,"cards_obtained":["Normality","Normality"]},{"damage_healed":0,"gold_gain":0,"player_choice":"Ignored","damage_taken":0,"max_hp_gain":0,"max_hp_loss":0,"event_name":"Mysterious Sphere","floor":41,"gold_loss":0}],"is_beta":false,"boss_relics":[{"not_picked":["Orrery","Cursed Key"],"picked":"Empty Cage"},{"not_picked":["Pandora\u0027s Box","Tiny House"],"picked":"Nuclear Battery"}],"items_purged_floors":[38],"is_endless":false,"potions_floor_spawned":[5,7,11,14,21,23,33],"killed_by":"Giant Head","ascension_level":20}