{"gold_per_floor":[114,114,133,183,202,228,228,260,340,372,386,386,386,397,397,475,475,493,418,436,454,56,56,106,106],"floor_reached":25,"playtime":920,"items_purged":["Strike_B"],"score":542,"play_id":"d57fa6f1-c75a-48ae-9dca-6f43e9915483","local_time":"20190212203947","is_ascension_mode":true,"campfire_choices":[{"floor":7,"key":"REST"},{"data":"Loop","floor":12,"key":"SMITH"},{"data":"Loop","floor":15,"key":"SMITH"},{"floor":23,"key":"REST"}],"neow_cost":"NONE","seed_source_timestamp":36546851518300,"circlet_count":0,"master_deck":["AscendersBane","Strike_B+1","Defend_B","Defend_B","Defend_B","Defend_B","Zap","Dualcast+1","Loop+1","Streamline","White Noise","Capacitor","Cold Snap","Loop+1","Stack","Amplify","Electrodynamics","White Noise","White Noise"],"relics":["Cracked Core","Regal Pillow","FossilizedHelix","Dream Catcher","Bottled Tornado","Peace Pipe","Runic Dome","Calipers"],"potions_floor_usage":[8,16,16,25],"damage_taken":[{"damage":0,"enemies":"Small Slimes","floor":1,"turns":2},{"damage":2,"enemies":"2 Louse","floor":3,"turns":2},{"damage":1,"enemies":"Cultist","floor":5,"turns":3},{"damage":25,"enemies":"Lagavulin","floor":6,"turns":7},{"damage":5,"enemies":"3 Sentries","floor":8,"turns":5},{"damage":17,"enemies":"Lagavulin","floor":10,"turns":6},{"damage":11,"enemies":"2 Fungi Beasts","floor":11,"turns":3},{"damage":3,"enemies":"Looter","floor":14,"turns":3},{"damage":0,"enemies":"Hexaghost","floor":16,"turns":11},{"damage":11,"enemies":"Spheric Guardian","floor":18,"turns":4},{"damage":0,"enemies":"Chosen","floor":20,"turns":4},{"damage":40,"enemies":"Snake Plant","floor":21,"turns":5},{"damage":37,"enemies":"Book of Stabbing","floor":25,"turns":5}],"seed_played":"3927416853140787398","potions_obtained":[{"floor":3,"key":"AttackPotion"},{"floor":6,"key":"EssenceOfSteel"},{"floor":8,"key":"Energy Potion"},{"floor":16,"key":"Energy Potion"},{"floor":21,"key":"Weak Potion"}],"is_trial":false,"path_per_floor":["M","?","M","?","M","E","R","E","T","E","M","R","?","M","R","B",null,"M","?","M","M","$","R","?","E"],"character_chosen":"DEFECT","items_purchased":["Calipers"],"campfire_rested":2,"item_purchase_floors":[22],"current_hp_per_floor":[64,43,41,41,40,15,51,46,46,29,18,18,18,15,15,15,57,46,46,46,6,6,42,42,5],"gold":106,"neow_bonus":"RANDOM_COMMON_RELIC","is_prod":false,"is_daily":false,"chose_seed":false,"campfire_upgraded":2,"win_rate":0,"timestamp":1549971587,"path_taken":["M","?","M","?","M","E","R","E","T","E","?","R","?","M","R","BOSS","M","?","M","M","$","R","?","E"],"build_version":"2019-01-23","purchased_purges":1,"victory":false,"max_hp_per_floor":[71,71,71,71,71,71,71,71,71,71,71,71,71,71,71,71,71,71,71,71,71,71,71,71,71],"card_choices":[{"not_picked":["Turbo","Heatsinks"],"picked":"Loop","floor":1},{"not_picked":["Conserve Battery","BootSequence"],"picked":"Streamline","floor":3},{"not_picked":["Leap","Streamline"],"picked":"White Noise","floor":5},{"not_picked":["Force Field","BootSequence"],"picked":"Capacitor","floor":6},{"not_picked":["Scrape","Storm","Steam"],"picked":"SKIP","floor":8},{"not_picked":["Aggregate","Heatsinks"],"picked":"Cold Snap","floor":10},{"not_picked":["Gash","Darkness"],"picked":"Loop","floor":11},{"not_picked":["Barrage","Turbo"],"picked":"Amplify","floor":14},{"not_picked":["Rainbow","Reboot"],"picked":"Electrodynamics","floor":16},{"not_picked":["Sweeping Beam","Tempest","Ball Lightning"],"picked":"SKIP","floor":18},{"not_picked":["Reprogram","Rebound","Static Discharge"],"picked":"SKIP","floor":20},{"not_picked":["Compile Driver","Go for the Eyes"],"picked":"White Noise","floor":21},{"not_picked":["Steam","Turbo"],"picked":"White Noise","floor":23}],"player_experience":1536890,"relics_obtained":[{"floor":6,"key":"FossilizedHelix"},{"floor":8,"key":"Dream Catcher"},{"floor":9,"key":"Bottled Tornado"},{"floor":10,"key":"Peace Pipe"}],"event_choices":[{"damage_healed":0,"gold_gain":0,"player_choice":"Entered Light","damage_taken":21,"max_hp_gain":0,"max_hp_loss":0,"event_name":"Shining Light","floor":2,"gold_loss":0,"cards_upgraded":["Strike_B","Dualcast"]},{"damage_healed":0,"gold_gain":50,"player_choice":"Pray","damage_taken":0,"max_hp_gain":0,"max_hp_loss":0,"event_name":"Golden Shrine","floor":4,"gold_loss":0},{"damage_healed":0,"gold_gain":0,"cards_transformed":["Strike_B"],"player_choice":"Change","damage_taken":0,"max_hp_gain":0,"max_hp_loss":0,"event_name":"Living Wall","floor":13,"gold_loss":0,"cards_obtained":["Stack"]},{"cards_removed":["Strike_B"],"damage_healed":0,"gold_gain":0,"player_choice":"Gave Gold","damage_taken":0,"max_hp_gain":0,"max_hp_loss":0,"event_name":"Beggar","floor":19,"gold_loss":75},{"damage_healed":0,"gold_gain":50,"player_choice":"Stole From Cult","damage_taken":0,"max_hp_gain":0,"max_hp_loss":0,"event_name":"Nest","floor":24,"gold_loss":0}],"is_beta":false,"boss_relics":[{"not_picked":["Empty Cage","Busted Crown"],"picked":"Runic Dome"}],"items_purged_floors":[22],"is_endless":false,"potions_floor_spawned":[3,6,8,11,16,21],"killed_by":"Book of Stabbing","ascension_level":20}