{"gold_per_floor":[113,130,130,50,50,50,84,103,103,103,103,116,131,152,152,223,223,240,265,265,315,154,154,54,54,54,83,0,0,0,11,11,84,84,97,109,81,132,132,159,159,192,241,241,463,563,48,64,64,64],"floor_reached":50,"playtime":1723,"items_purged":["Writhe","Strike_B"],"score":1195,"play_id":"fdb25a74-f1db-459c-95aa-acb744ab0cb5","local_time":"20190310154055","is_ascension_mode":true,"campfire_choices":[{"data":"Chaos","floor":6,"key":"SMITH"},{"data":"Barrage","floor":11,"key":"SMITH"},{"floor":15,"key":"REST"},{"floor":23,"key":"REST"},{"floor":25,"key":"REST"},{"floor":30,"key":"REST"},{"floor":32,"key":"RECALL"},{"floor":41,"key":"REST"},{"floor":44,"key":"REST"},{"floor":49,"key":"REST"}],"neow_cost":"NONE","seed_source_timestamp":104681221617300,"circlet_count":0,"master_deck":["AscendersBane","Zap","Dualcast","Chaos+1","Beam Cell+1","Capacitor","Barrage+1","White Noise","Undo","Biased Cognition+1","Loop+1","Coolheaded","Loop+1","Seek","Undo","Cold Snap+1","Electrodynamics+1","Meteor Strike","Barrage","Fusion","Fission","Darkness","Electrodynamics+1","Biased Cognition+1","Hologram+1","Seek","Coolheaded","Chill","Defragment+1","Hologram+1","Blizzard"],"relics":["Cracked Core","NeowsBlessing","Frozen Egg 2","Whetstone","Odd Mushroom","Fusion Hammer","Red Mask","DataDisk","Kunai","Dream Catcher","Pandora\u0027s Box","Turnip","Juzu Bracelet","Bronze Scales","StoneCalendar","Incense Burner","Potion Belt"],"potions_floor_usage":[1,8,12,16,19,33,38,42,42],"damage_taken":[{"damage":0,"enemies":"2 Louse","floor":1,"turns":1},{"damage":0,"enemies":"Jaw Worm","floor":2,"turns":1},{"damage":0,"enemies":"Gremlin Nob","floor":7,"turns":1},{"damage":5,"enemies":"Small Slimes","floor":8,"turns":3},{"damage":8,"enemies":"Gremlin Gang","floor":12,"turns":4},{"damage":11,"enemies":"Blue Slaver","floor":13,"turns":3},{"damage":23,"enemies":"The Mushroom Lair","floor":14,"turns":3},{"damage":33,"enemies":"The Guardian","floor":16,"turns":11},{"damage":0,"enemies":"Chosen","floor":18,"turns":4},{"damage":28,"enemies":"Masked Bandits","floor":19,"turns":4},{"damage":29,"enemies":"Slavers","floor":27,"turns":7},{"damage":0,"enemies":"3 Byrds","floor":31,"turns":5},{"damage":0,"enemies":"Collector","floor":33,"turns":11},{"damage":15,"enemies":"Orb Walker","floor":35,"turns":4},{"damage":12,"enemies":"3 Shapes","floor":36,"turns":2},{"damage":37,"enemies":"2 Orb Walkers","floor":38,"turns":3},{"damage":23,"enemies":"Nemesis","floor":40,"turns":5},{"damage":36,"enemies":"Giant Head","floor":42,"turns":8},{"damage":0,"enemies":"Mind Bloom Boss Battle","floor":46,"turns":3},{"damage":0,"enemies":"Sphere and 2 Shapes","floor":48,"turns":3},{"damage":44,"enemies":"Awakened One","floor":50,"turns":5}],"seed_played":"-3224321234261885409","potions_obtained":[{"floor":1,"key":"Fruit Juice"},{"floor":2,"key":"SkillPotion"},{"floor":8,"key":"Energy Potion"},{"floor":10,"key":"AttackPotion"},{"floor":12,"key":"Weak Potion"},{"floor":31,"key":"FocusPotion"},{"floor":33,"key":"PowerPotion"},{"floor":38,"key":"SteroidPotion"},{"floor":46,"key":"Dexterity Potion"}],"is_trial":false,"path_per_floor":["M","M","?","$","?","R","E","M","T","?","R","M","M","?","R","B",null,"M","?","?","?","$","R","$","R","T","E","$","?","R","M","R","B",null,"M","M","$","?","?","E","R","E","T","R","?","?","$","M","R","B"],"character_chosen":"DEFECT","items_purchased":["Capacitor","Loop+1","Ancient Potion","Coolheaded","Incense Burner","Potion Belt"],"campfire_rested":7,"item_purchase_floors":[4,22,28,37,47,47],"current_hp_per_floor":[69,69,69,69,69,69,69,64,64,64,64,56,45,22,44,11,60,60,32,32,32,32,54,54,76,76,47,47,47,69,69,69,69,74,59,47,47,10,62,39,57,21,21,39,39,39,39,39,57,13],"gold":64,"neow_bonus":"THREE_ENEMY_KILL","is_prod":false,"is_daily":false,"chose_seed":false,"campfire_upgraded":2,"win_rate":0,"timestamp":1552200055,"path_taken":["M","M","?","$","?","R","E","M","T","?","R","M","?","?","R","BOSS","M","?","?","?","$","R","$","R","T","E","?","?","R","?","R","BOSS","M","M","$","?","?","E","R","E","T","R","?","?","?","M","R","BOSS"],"build_version":"2019-01-23","purchased_purges":2,"victory":false,"max_hp_per_floor":[76,76,76,76,76,76,76,76,76,76,76,76,76,76,76,76,76,76,76,76,76,76,76,76,76,76,76,76,76,76,76,76,76,76,76,76,76,76,62,62,62,62,62,62,62,62,62,62,62,62],"card_choices":[{"not_picked":["Tempest","Turbo"],"picked":"Chaos","floor":1},{"not_picked":["Fusion","Turbo"],"picked":"Beam Cell","floor":2},{"not_picked":["Reprogram","Leap"],"picked":"Barrage","floor":7},{"not_picked":["Sweeping Beam","Scrape"],"picked":"White Noise","floor":8},{"not_picked":["Leap","Heatsinks+1","Fusion"],"picked":"SKIP","floor":12},{"not_picked":["Ball Lightning","Lockon","Turbo"],"picked":"SKIP","floor":13},{"not_picked":["Conserve Battery","FTL"],"picked":"Undo","floor":14},{"not_picked":["Amplify","Machine Learning+1"],"picked":"Biased Cognition+1","floor":16},{"not_picked":["Redo","Scrape"],"picked":"Loop+1","floor":18},{"not_picked":["Stack","Leap"],"picked":"Coolheaded","floor":19},{"not_picked":["White Noise","Rebound"],"picked":"Seek","floor":27},{"not_picked":["Steam Power","Redo"],"picked":"Undo","floor":30},{"not_picked":["Sweeping Beam+1","Steam"],"picked":"Cold Snap+1","floor":31},{"not_picked":["Core Surge","Creative AI+1"],"picked":"Electrodynamics+1","floor":33},{"not_picked":["Sweeping Beam","Ball Lightning"],"picked":"Hologram+1","floor":35},{"not_picked":["Skim","Redo+1"],"picked":"Seek","floor":36},{"not_picked":["Conserve Battery","Melter","Redo"],"picked":"SKIP","floor":40},{"not_picked":["Coolheaded","Melter+1"],"picked":"Chill","floor":41},{"not_picked":["Beam Cell","Cold Snap"],"picked":"Defragment+1","floor":42},{"not_picked":["White Noise+1","Tempest+1"],"picked":"Hologram+1","floor":48},{"not_picked":["FTL","Turbo"],"picked":"Blizzard","floor":49}],"player_experience":2148395,"relics_obtained":[{"floor":7,"key":"Frozen Egg 2"},{"floor":9,"key":"Whetstone"},{"floor":14,"key":"Odd Mushroom"},{"floor":19,"key":"Red Mask"},{"floor":26,"key":"Kunai"},{"floor":27,"key":"Dream Catcher"},{"floor":38,"key":"Turnip"},{"floor":40,"key":"Juzu Bracelet"},{"floor":42,"key":"Bronze Scales"},{"floor":46,"key":"StoneCalendar"}],"event_choices":[{"damage_healed":0,"gold_gain":0,"player_choice":"Leave","damage_taken":0,"max_hp_gain":0,"max_hp_loss":0,"event_name":"The Cleric","floor":3,"gold_loss":0},{"damage_healed":0,"gold_gain":0,"player_choice":"Ignored","damage_taken":0,"max_hp_gain":0,"max_hp_loss":0,"event_name":"Liars Game","floor":5,"gold_loss":0},{"damage_healed":0,"gold_gain":0,"player_choice":"Got Potions","damage_taken":0,"max_hp_gain":0,"max_hp_loss":0,"event_name":"Lab","floor":10,"gold_loss":0},{"damage_healed":0,"gold_gain":0,"player_choice":"Fought Mushrooms","damage_taken":0,"max_hp_gain":0,"max_hp_loss":0,"event_name":"Mushrooms","floor":14,"gold_loss":0},{"damage_healed":0,"gold_gain":0,"player_choice":"Fought Bandits","damage_taken":0,"max_hp_gain":0,"max_hp_loss":0,"event_name":"Masked Bandits","floor":19,"gold_loss":0},{"damage_healed":0,"gold_gain":0,"player_choice":"Opened","damage_taken":0,"relics_obtained":["DataDisk"],"max_hp_gain":0,"max_hp_loss":0,"event_name":"The Mausoleum","floor":20,"gold_loss":0,"cards_obtained":["Writhe"]},{"damage_healed":0,"gold_gain":50,"player_choice":"Stole From Cult","damage_taken":0,"max_hp_gain":0,"max_hp_loss":0,"event_name":"Nest","floor":21,"gold_loss":0},{"damage_healed":0,"gold_gain":0,"player_choice":"Ignored","damage_taken":0,"max_hp_gain":0,"max_hp_loss":0,"event_name":"Ghosts","floor":29,"gold_loss":0},{"damage_healed":0,"gold_gain":0,"player_choice":"Fight","damage_taken":0,"max_hp_gain":0,"max_hp_loss":0,"event_name":"Mysterious Sphere","floor":38,"gold_loss":0},{"damage_healed":62,"gold_gain":0,"player_choice":"Heal","damage_taken":0,"max_hp_gain":0,"max_hp_loss":14,"event_name":"The Moai Head","floor":39,"gold_loss":0},{"damage_healed":0,"gold_gain":222,"player_choice":"Wore Mask","damage_taken":0,"max_hp_gain":0,"max_hp_loss":0,"event_name":"Tomb of Lord Red Mask","floor":45,"gold_loss":0},{"damage_healed":0,"gold_gain":0,"player_choice":"Fight","damage_taken":0,"max_hp_gain":0,"max_hp_loss":0,"event_name":"MindBloom","floor":46,"gold_loss":0}],"is_beta":false,"boss_relics":[{"not_picked":["White Beast Statue","Black Star"],"picked":"Fusion Hammer"},{"not_picked":["FrozenCore","Coffee Dripper"],"picked":"Pandora\u0027s Box"}],"items_purged_floors":[22,24],"is_endless":false,"potions_floor_spawned":[1,2,8,12,31,33,35,38,40,46],"killed_by":"Awakened One","ascension_level":20}