{"gold_per_floor":[119,76,1,1,14,14,42,53,127,127,127,143,154,182,182,256,256,270,270,320,330,330,330,363,389,462,462,478,489,489,149,149,222,222,242,260,160,160,210,210,225,235,262,262,277,277,303,320,320,320,320,320,320,39,68,68],"floor_reached":57,"playtime":2074,"items_purged":["Writhe","Clash"],"score":2970,"play_id":"115985a2-5f20-4d10-a361-acf133770ac8","local_time":"20190427131302","is_ascension_mode":true,"campfire_choices":[{"data":"Carnage","floor":6.0,"key":"SMITH"},{"data":"Bash","floor":10.0,"key":"SMITH"},{"data":"Entrench","floor":15.0,"key":"SMITH"},{"data":"Whirlwind","floor":23.0,"key":"SMITH"},{"floor":27.0,"key":"REST"},{"data":"Armaments","floor":32.0,"key":"SMITH"},{"data":"True Grit","floor":40,"key":"SMITH"},{"floor":44,"key":"RECALL"},{"data":"Offering","floor":49,"key":"SMITH"},{"data":"Juggernaut","floor":53,"key":"SMITH"}],"neow_cost":"NONE","seed_source_timestamp":0,"circlet_count":0,"master_deck":["AscendersBane","Bash+1","Carnage+1","Entrench+1","Juggernaut+1","Second Wind","Rupture","Clash+1","Offering+1","Infernal Blade","Headbutt+1","Whirlwind+1","Shrug It Off","Necronomicurse","Offering","Impervious","Feel No Pain+1","Armaments+1","Barricade+1","True Grit+1","Shrug It Off","Evolve+1","Parasite","Flame Barrier+1","Berserk+1"],"special_seed":0,"relics":["Burning Blood","NeowsBlessing","Question Card","Bronze Scales","Mummified Hand","FossilizedHelix","Bag of Marbles","Pandora\u0027s Box","Necronomicon","Frozen Egg 2","Oddly Smooth Stone","Gremlin Horn","Ancient Tea Set","Centennial Puzzle","Runic Dome","Pantograph","Blue Candle","Whetstone"],"potions_floor_usage":[56,56],"damage_taken":[{"damage":0.0,"enemies":"Small Slimes","floor":1.0,"turns":1.0},{"damage":0.0,"enemies":"Jaw Worm","floor":5.0,"turns":1.0},{"damage":0.0,"enemies":"3 Sentries","floor":7.0,"turns":2.0},{"damage":2.0,"enemies":"2 Louse","floor":8.0,"turns":3.0},{"damage":19.0,"enemies":"Gremlin Gang","floor":12.0,"turns":4.0},{"damage":4.0,"enemies":"Red Slaver","floor":13.0,"turns":3.0},{"damage":0.0,"enemies":"Gremlin Nob","floor":14.0,"turns":3.0},{"damage":59.0,"enemies":"Hexaghost","floor":16.0,"turns":9.0},{"damage":12.0,"enemies":"2 Thieves","floor":18.0,"turns":3.0},{"damage":6.0,"enemies":"Shell Parasite","floor":21.0,"turns":2.0},{"damage":6.0,"enemies":"Book of Stabbing","floor":24.0,"turns":2.0},{"damage":0.0,"enemies":"Centurion and Healer","floor":28.0,"turns":1.0},{"damage":0.0,"enemies":"Snake Plant","floor":29.0,"turns":1.0},{"damage":20.0,"enemies":"Automaton","floor":33.0,"turns":9.0},{"damage":0,"enemies":"3 Darklings","floor":35,"turns":4},{"damage":0,"enemies":"3 Shapes","floor":36,"turns":2},{"damage":6,"enemies":"Spire Growth","floor":41,"turns":3},{"damage":0,"enemies":"Jaw Worm Horde","floor":42,"turns":1},{"damage":0,"enemies":"Transient","floor":45,"turns":6},{"damage":0,"enemies":"Reptomancer","floor":47,"turns":2},{"damage":6,"enemies":"Writhing Mass","floor":48,"turns":4},{"damage":12,"enemies":"Time Eater","floor":50,"turns":13},{"damage":6,"enemies":"Donu and Deca","floor":51,"turns":8},{"damage":24,"enemies":"Shield and Spear","floor":55,"turns":3},{"damage":59,"enemies":"The Heart","floor":56,"turns":6}],"seed_played":"-8083308196361706347","potions_obtained":[{"floor":7.0,"key":"Strength Potion"},{"floor":8.0,"key":"AttackPotion"},{"floor":12.0,"key":"Block Potion"},{"floor":14.0,"key":"Swift Potion"},{"floor":16.0,"key":"PowerPotion"},{"floor":21.0,"key":"SpeedPotion"},{"floor":24.0,"key":"Ancient Potion"},{"floor":36,"key":"PowerPotion"},{"floor":41,"key":"EssenceOfSteel"},{"floor":45,"key":"Block Potion"}],"is_trial":false,"path_per_floor":["M","$","?","T","M","R","E","M","T","R","?","M","M","E","R","B",null,"M","?","?","M","?","R","E","T","T","R","M","M","?","$","R","B",null,"M","M","$","?","?","R","M","M","T","R","M","?","E","M","R","B","B",null,"R","$","E","B",null],"character_chosen":"IRONCLAD","items_purchased":["Carnage","Centennial Puzzle","Feel No Pain+1","Armaments","Blue Candle"],"campfire_rested":1,"item_purchase_floors":[2,31,31,31,54],"current_hp_per_floor":[74,74,74,74,75,75,75,75,75,75,75,62,64,70,70,17,61,55,34,34,34,13,13,13,13,13,37,43,49,49,49,49,35,69,75,80,80,80,80,80,80,80,80,80,80,80,80,80,80,74,80,80,80,80,62,27],"gold":68,"neow_bonus":"THREE_ENEMY_KILL","is_prod":false,"is_daily":false,"chose_seed":false,"campfire_upgraded":8,"win_rate":0,"timestamp":1556338382,"path_taken":["M","$","?","?","M","R","E","M","T","R","?","?","M","E","R","BOSS","M","?","?","M","?","R","E","?","T","R","?","M","?","$","R","BOSS","M","M","$","?","?","R","?","M","T","R","M","?","E","M","R","BOSS","BOSS","R","$","E","BOSS"],"build_version":"2019-01-23","purchased_purges":2,"victory":true,"max_hp_per_floor":[75,75,75,75,75,75,75,75,75,75,75,75,75,75,75,75,75,75,80,80,80,80,80,80,80,80,80,80,80,80,80,80,80,80,80,80,80,80,80,80,80,80,80,80,80,80,80,80,80,80,80,80,80,80,80,80],"card_choices":[{"not_picked":["Wild Strike","Heavy Blade","Havoc"],"picked":"SKIP","floor":1.0},{"not_picked":["Pummel","Dropkick","Searing Blow","Headbutt"],"picked":"SKIP","floor":5.0},{"not_picked":["Thunderclap","Havoc","Body Slam","Metallicize"],"picked":"SKIP","floor":7.0},{"not_picked":["Flex","Perfected Strike","Fire Breathing"],"picked":"Entrench","floor":8.0},{"not_picked":["Wild Strike","Berserk","Corruption","Reckless Charge"],"picked":"SKIP","floor":12.0},{"not_picked":["Warcry","Headbutt","Entrench","Wild Strike"],"picked":"SKIP","floor":13.0},{"not_picked":["Cleave","Havoc","Perfected Strike","Clash"],"picked":"SKIP","floor":14.0},{"not_picked":["Demon Form","Fiend Fire","Exhume"],"picked":"Juggernaut","floor":16.0},{"not_picked":["Thunderclap+1","Pummel","Wild Strike"],"picked":"Whirlwind","floor":18.0},{"not_picked":["Combust","Anger","Warcry"],"picked":"Shrug It Off","floor":21.0},{"not_picked":["Carnage","Fire Breathing","Hemokinesis+1"],"picked":"Offering","floor":24.0},{"not_picked":["Perfected Strike","Clothesline","Iron Wave","Anger"],"picked":"SKIP","floor":28.0},{"not_picked":["Wild Strike","Warcry","Clash"],"picked":"Impervious","floor":29.0},{"not_picked":["Juggernaut+1","Impervious","Berserk+1"],"picked":"Barricade+1","floor":33.0},{"not_picked":["Twin Strike+1","Combust+1","Clash+1"],"picked":"True Grit","floor":35},{"not_picked":["Twin Strike","Spot Weakness","Anger","Clothesline"],"picked":"SKIP","floor":36},{"not_picked":["Thunderclap+1","Wild Strike","Bludgeon","Pommel Strike"],"picked":"SKIP","floor":41},{"not_picked":["Thunderclap+1","Wild Strike","Bludgeon","Pommel Strike"],"picked":"SKIP","floor":41},{"not_picked":["True Grit","Pommel Strike","Headbutt","Thunderclap+1"],"picked":"SKIP","floor":42},{"not_picked":["Rampage+1","Anger+1","Clash"],"picked":"Shrug It Off","floor":45},{"not_picked":["Power Through+1","Warcry","Exhume"],"picked":"Evolve+1","floor":47},{"not_picked":["Ghostly Armor","Clash","Iron Wave"],"picked":"Flame Barrier+1","floor":48},{"not_picked":["Warcry","Clash+1","Whirlwind"],"picked":"Berserk+1","floor":55}],"player_experience":3403598,"relics_obtained":[{"floor":4.0,"key":"Question Card"},{"floor":7.0,"key":"Bronze Scales"},{"floor":9.0,"key":"Mummified Hand"},{"floor":14.0,"key":"Bag of Marbles"},{"floor":22.0,"key":"Necronomicon"},{"floor":24.0,"key":"Frozen Egg 2"},{"floor":25.0,"key":"Oddly Smooth Stone"},{"floor":26.0,"key":"Gremlin Horn"},{"floor":47,"key":"Pantograph"},{"floor":55,"key":"Whetstone"}],"event_choices":[{"cards_removed":["Strike_R"],"damage_healed":0.0,"max_hp_gain":0.0,"max_hp_loss":0.0,"gold_gain":0.0,"event_name":"The Cleric","player_choice":"Card Removal","floor":3.0,"gold_loss":75.0,"damage_taken":0.0},{"damage_healed":0.0,"max_hp_gain":0.0,"max_hp_loss":0.0,"gold_gain":0.0,"event_name":"WeMeetAgain","player_choice":"Gave Potion","floor":11.0,"gold_loss":0.0,"damage_taken":0.0,"relics_obtained":["FossilizedHelix"]},{"damage_healed":0.0,"max_hp_gain":5.0,"max_hp_loss":0.0,"gold_gain":0.0,"event_name":"Forgotten Altar","player_choice":"Shed Blood","floor":19.0,"gold_loss":0.0,"damage_taken":26.0},{"damage_healed":0.0,"max_hp_gain":0.0,"max_hp_loss":0.0,"gold_gain":50.0,"event_name":"Nest","player_choice":"Stole From Cult","floor":20.0,"gold_loss":0.0,"damage_taken":0.0},{"damage_healed":0.0,"max_hp_gain":0.0,"max_hp_loss":0.0,"gold_gain":0.0,"event_name":"Cursed Tome","player_choice":"Obtained Book","floor":22.0,"gold_loss":0.0,"damage_taken":21.0},{"damage_healed":0.0,"max_hp_gain":0.0,"max_hp_loss":0.0,"gold_gain":0.0,"event_name":"The Mausoleum","player_choice":"Opened","floor":30.0,"gold_loss":0.0,"damage_taken":0.0,"relics_obtained":["Ancient Tea Set"],"cards_obtained":["Writhe"]},{"cards_removed":["Headbutt"],"damage_healed":0,"gold_gain":0,"player_choice":"Removed Attack","damage_taken":0,"max_hp_gain":0,"max_hp_loss":0,"event_name":"Falling","floor":38,"gold_loss":0},{"damage_healed":0,"gold_gain":50,"player_choice":"Pray","damage_taken":0,"max_hp_gain":0,"max_hp_loss":0,"event_name":"Golden Shrine","floor":39,"gold_loss":0},{"damage_healed":0,"gold_gain":0,"player_choice":"Ignored","damage_taken":0,"max_hp_gain":0,"max_hp_loss":0,"event_name":"Tomb of Lord Red Mask","floor":46,"gold_loss":0}],"is_beta":false,"boss_relics":[{"not_picked":["Runic Pyramid","Runic Cube"],"picked":"Pandora\u0027s Box"},{"not_picked":["Busted Crown","Calling Bell"],"picked":"Runic Dome"}],"items_purged_floors":[31,37],"is_endless":false,"potions_floor_spawned":[7,8,12,14,16,18,21,24,36,41,45],"ascension_level":20}