{"gold_per_floor":[119,119,119,138,151,151,169,196,196,196,212,222,222,247,247,321,321,335,335,53,53,68,68],"floor_reached":23,"playtime":779,"items_purged":["Writhe"],"score":402,"play_id":"0e4688d0-1236-4979-9e03-d542331434ad","local_time":"20190310160204","is_ascension_mode":true,"campfire_choices":[{"data":"Electrodynamics","floor":6,"key":"SMITH"},{"data":"Barrage","floor":10,"key":"SMITH"},{"floor":13,"key":"REST"},{"data":"Recycle","floor":15,"key":"SMITH"}],"neow_cost":"TEN_PERCENT_HP_LOSS","seed_source_timestamp":106894840005600,"circlet_count":0,"master_deck":["AscendersBane","Strike_B","Strike_B","Strike_B+1","Defend_B","Defend_B","Defend_B","Defend_B","Zap","Dualcast","Electrodynamics+1","Chill+1","Hello World","Barrage+1","Coolheaded","Recycle+1","Creative AI+1","Biased Cognition+1","Buffer+1","Heatsinks+1"],"relics":["Cracked Core","Frozen Egg 2","Dodecahedron","Dream Catcher","Snecko Eye","Question Card","Juzu Bracelet"],"potions_floor_usage":[8,16,23,23],"damage_taken":[{"damage":0,"enemies":"Cultist","floor":1,"turns":3},{"damage":0,"enemies":"2 Louse","floor":4,"turns":1},{"damage":10,"enemies":"Jaw Worm","floor":5,"turns":2},{"damage":0,"enemies":"Exordium Wildlife","floor":7,"turns":2},{"damage":6,"enemies":"Gremlin Nob","floor":8,"turns":3},{"damage":0,"enemies":"2 Fungi Beasts","floor":11,"turns":2},{"damage":0,"enemies":"3 Louse","floor":12,"turns":4},{"damage":2,"enemies":"Lagavulin","floor":14,"turns":7},{"damage":21,"enemies":"The Guardian","floor":16,"turns":11},{"damage":23,"enemies":"Shell Parasite","floor":18,"turns":7},{"damage":16,"enemies":"2 Thieves","floor":22,"turns":4},{"damage":12,"enemies":"Book of Stabbing","floor":23,"turns":3}],"seed_played":"5161035403975381225","potions_obtained":[{"floor":4,"key":"Strength Potion"},{"floor":8,"key":"LiquidBronze"},{"floor":11,"key":"FearPotion"},{"floor":14,"key":"Weak Potion"},{"floor":16,"key":"AttackPotion"}],"is_trial":false,"path_per_floor":["M","?","?","M","M","R","M","E","T","R","M","M","R","E","R","B",null,"M","?","$","?","M","E"],"character_chosen":"DEFECT","items_purchased":["Juzu Bracelet","Heatsinks+1"],"campfire_rested":1,"item_purchase_floors":[20,20],"current_hp_per_floor":[64,45,45,45,35,35,35,29,29,29,29,29,48,46,46,25,54,31,31,31,31,15,3],"gold":68,"neow_bonus":"THREE_RARE_CARDS","is_prod":false,"is_daily":false,"chose_seed":false,"campfire_upgraded":3,"win_rate":0,"timestamp":1552201324,"path_taken":["M","?","?","M","M","R","M","E","T","R","?","M","R","E","R","BOSS","M","?","$","?","M","E"],"build_version":"2019-01-23","purchased_purges":1,"victory":false,"max_hp_per_floor":[64,64,64,64,64,64,64,64,64,64,64,64,64,64,64,64,64,64,64,64,64,64,64],"card_choices":[{"not_picked":["Core Surge","Seek"],"picked":"Electrodynamics","floor":0},{"not_picked":["Hologram","Conserve Battery"],"picked":"Chill","floor":1},{"not_picked":["FTL","Auto Shields"],"picked":"Barrage","floor":4},{"not_picked":["Auto Shields","Steam Power"],"picked":"Coolheaded","floor":5},{"not_picked":["Go for the Eyes","Rebound"],"picked":"Recycle","floor":7},{"not_picked":["Force Field","Leap"],"picked":"Creative AI","floor":8},{"not_picked":["Skim","Sweeping Beam","Fusion"],"picked":"SKIP","floor":11},{"not_picked":["Rebound","Redo","Stack"],"picked":"SKIP","floor":12},{"not_picked":["BootSequence","Melter"],"picked":"Biased Cognition+1","floor":14},{"not_picked":["Seek","Biased Cognition+1"],"picked":"Buffer+1","floor":16},{"not_picked":["Chill","Leap","Barrage"],"picked":"SKIP","floor":18},{"not_picked":["Ball Lightning+1","Go for the Eyes","FTL","Storm+1"],"picked":"SKIP","floor":22},{"not_picked":["Ball Lightning+1","Go for the Eyes","FTL","Storm+1"],"picked":"SKIP","floor":22}],"player_experience":2150584,"relics_obtained":[{"floor":8,"key":"Frozen Egg 2"},{"floor":9,"key":"Dodecahedron"},{"floor":14,"key":"Dream Catcher"}],"event_choices":[{"damage_healed":0,"gold_gain":0,"player_choice":"Entered Light","damage_taken":19,"max_hp_gain":0,"max_hp_loss":0,"event_name":"Shining Light","floor":2,"gold_loss":0,"cards_upgraded":["Strike_B","Chill"]},{"damage_healed":0,"gold_gain":0,"cards_transformed":["Strike_B"],"player_choice":"Change","damage_taken":0,"max_hp_gain":0,"max_hp_loss":0,"event_name":"Living Wall","floor":3,"gold_loss":0,"cards_obtained":["Hello World"]},{"damage_healed":0,"gold_gain":0,"player_choice":"Opened","damage_taken":0,"relics_obtained":["Question Card"],"max_hp_gain":0,"max_hp_loss":0,"event_name":"The Mausoleum","floor":19,"gold_loss":0,"cards_obtained":["Writhe"]},{"damage_healed":0,"gold_gain":0,"player_choice":"Ignored","damage_taken":0,"max_hp_gain":0,"max_hp_loss":0,"event_name":"Vampires","floor":21,"gold_loss":0}],"is_beta":false,"boss_relics":[{"not_picked":["Fusion Hammer","Astrolabe"],"picked":"Snecko Eye"}],"items_purged_floors":[20],"is_endless":false,"potions_floor_spawned":[4,8,11,14,16,22],"killed_by":"Book of Stabbing","ascension_level":20}