{"gold_per_floor":[17,92,92,112,112,144,144,144,144,159,159,41,61,95,95,173,173,186,186,186,206,50,85,85,104,104,104,120,139,239,239],"floor_reached":31,"playtime":1362,"items_purged":["Strike_R","Strike_R"],"score":526,"play_id":"a4580db9-8059-4195-b264-57bcb37af355","local_time":"20190417192852","is_ascension_mode":true,"campfire_choices":[{"floor":8,"key":"REST"},{"floor":15,"key":"REST"},{"data":"True Grit","floor":24,"key":"SMITH"},{"data":"True Grit","floor":27,"key":"SMITH"}],"neow_cost":"NO_GOLD","seed_source_timestamp":141394724634700,"circlet_count":0,"master_deck":["AscendersBane","Strike_R","Defend_R+1","Defend_R","Defend_R","Defend_R","Bash","Body Slam","Clothesline","Ghostly Armor","Impervious","True Grit+1","Feed","Second Wind","True Grit+1","Ghostly","Ghostly","Ghostly+1","Power Through","Seeing Red+1","Disarm","Whirlwind","Juggernaut","Disarm+1","Battle Trance"],"relics":["Burning Blood","WarpedTongs","Prayer Wheel","Centennial Puzzle","Vajra","Bronze Scales","Mark of Pain","War Paint","Bird Faced Urn","Meat on the Bone"],"potions_floor_usage":[6,14,21,23,23,30],"damage_taken":[{"damage":9,"enemies":"Jaw Worm","floor":1,"turns":5},{"damage":9,"enemies":"Cultist","floor":4,"turns":3},{"damage":59,"enemies":"Gremlin Nob","floor":6,"turns":5},{"damage":4,"enemies":"Small Slimes","floor":10,"turns":3},{"damage":3,"enemies":"Looter","floor":13,"turns":4},{"damage":21,"enemies":"Lagavulin","floor":14,"turns":10},{"damage":18,"enemies":"The Guardian","floor":16,"turns":12},{"damage":11,"enemies":"Chosen","floor":18,"turns":6},{"damage":0,"enemies":"3 Byrds","floor":21,"turns":3},{"damage":12,"enemies":"Slavers","floor":23,"turns":8},{"damage":0,"enemies":"Snake Plant","floor":25,"turns":6},{"damage":5,"enemies":"Snecko","floor":28,"turns":8},{"damage":9,"enemies":"Chosen and Byrds","floor":29,"turns":9},{"damage":12,"enemies":"Colosseum Slavers","floor":30,"turns":6},{"damage":18,"enemies":"Colosseum Nobs","floor":30,"turns":6},{"damage":41,"enemies":"Gremlin Leader","floor":31,"turns":3}],"seed_played":"971142594367673185","potions_obtained":[{"floor":4,"key":"Regen Potion"},{"floor":13,"key":"SkillPotion"},{"floor":18,"key":"AttackPotion"},{"floor":21,"key":"Regen Potion"},{"floor":23,"key":"Explosive Potion"}],"is_trial":false,"path_per_floor":["M","?","?","M","?","E","?","R","T","M","?","$","M","E","R","B",null,"M","?","?","M","$","E","R","M","T","R","M","M","?","E"],"character_chosen":"IRONCLAD","items_purchased":["Ghostly Armor","PowerPotion"],"campfire_rested":2,"item_purchase_floors":[12,22],"current_hp_per_floor":[65,54,54,51,51,10,5,27,27,29,29,29,32,17,39,27,63,58,37,29,38,38,44,44,49,49,49,53,50,32,0],"gold":239,"neow_bonus":"REMOVE_TWO","is_prod":false,"is_daily":false,"chose_seed":false,"campfire_upgraded":2,"win_rate":0,"timestamp":1555496932,"path_taken":["M","?","?","?","?","E","?","R","T","M","?","$","?","E","R","BOSS","M","?","?","M","$","E","R","M","T","R","M","?","?","E"],"build_version":"2019-01-23","purchased_purges":2,"victory":false,"max_hp_per_floor":[75,75,75,75,75,75,75,75,75,75,75,75,75,75,75,75,75,75,37,42,45,45,45,45,49,49,49,53,53,53,53],"card_choices":[{"not_picked":["Thunderclap","Perfected Strike"],"picked":"Body Slam","floor":1},{"not_picked":["Pommel Strike","Headbutt","Clash"],"picked":"SKIP","floor":4},{"not_picked":["Sword Boomerang","Rupture","Thunderclap"],"picked":"SKIP","floor":6},{"not_picked":["Pommel Strike","Iron Wave"],"picked":"Shrug It Off","floor":10},{"not_picked":["Armaments","Metallicize"],"picked":"Clothesline","floor":10},{"not_picked":["Perfected Strike","Dropkick"],"picked":"Impervious","floor":13},{"not_picked":["Sword Boomerang","Armaments","Wild Strike"],"picked":"SKIP","floor":13},{"not_picked":["Clothesline","Carnage"],"picked":"True Grit","floor":14},{"not_picked":["Reaper","Impervious"],"picked":"Feed","floor":16},{"not_picked":["Twin Strike","Heavy Blade"],"picked":"Second Wind","floor":18},{"not_picked":["Hemokinesis","Clash"],"picked":"True Grit","floor":18},{"not_picked":["Rampage","Perfected Strike"],"picked":"Power Through","floor":21},{"not_picked":["Perfected Strike","Searing Blow"],"picked":"Seeing Red+1","floor":21},{"not_picked":["Clash","Havoc","True Grit"],"picked":"SKIP","floor":23},{"not_picked":["Iron Wave","Twin Strike"],"picked":"Disarm","floor":25},{"not_picked":["Flame Barrier+1","Spot Weakness","Pommel Strike"],"picked":"SKIP","floor":25},{"not_picked":["Sword Boomerang","Perfected Strike"],"picked":"Whirlwind","floor":28},{"not_picked":["Perfected Strike","Sword Boomerang"],"picked":"Juggernaut","floor":28},{"not_picked":["Rage","Hemokinesis"],"picked":"Disarm+1","floor":29},{"not_picked":["Twin Strike+1","Sword Boomerang","Headbutt"],"picked":"SKIP","floor":29},{"not_picked":["Sentinel","Heavy Blade"],"picked":"Battle Trance","floor":30}],"player_experience":3200800,"relics_obtained":[{"floor":6,"key":"Prayer Wheel"},{"floor":9,"key":"Centennial Puzzle"},{"floor":14,"key":"Bronze Scales"},{"floor":23,"key":"War Paint"},{"floor":30,"key":"Bird Faced Urn"},{"floor":30,"key":"Meat on the Bone"}],"event_choices":[{"damage_healed":0,"gold_gain":75,"player_choice":"Gather Gold","damage_taken":11,"max_hp_gain":0,"max_hp_loss":0,"event_name":"World of Goop","floor":2,"gold_loss":0},{"damage_healed":0,"gold_gain":0,"player_choice":"Rummage","damage_taken":0,"relics_obtained":["WarpedTongs"],"max_hp_gain":0,"max_hp_loss":0,"event_name":"Accursed Blacksmith","floor":3,"gold_loss":0,"cards_obtained":["Pain"]},{"cards_removed":["Pain"],"damage_healed":0,"gold_gain":0,"player_choice":"Forget","damage_taken":0,"max_hp_gain":0,"max_hp_loss":0,"event_name":"Living Wall","floor":5,"gold_loss":0},{"damage_healed":0,"gold_gain":0,"player_choice":"Fled","damage_taken":5,"max_hp_gain":0,"max_hp_loss":0,"event_name":"Scrap Ooze","floor":7,"gold_loss":0},{"cards_removed":["Shrug It Off"],"damage_healed":0,"gold_gain":0,"player_choice":"Gave Card","damage_taken":0,"relics_obtained":["Vajra"],"max_hp_gain":0,"max_hp_loss":0,"event_name":"WeMeetAgain","floor":11,"gold_loss":0},{"damage_healed":0,"gold_gain":0,"player_choice":"Became a Ghost","damage_taken":0,"max_hp_gain":0,"max_hp_loss":38,"event_name":"Ghosts","floor":19,"gold_loss":0,"cards_obtained":["Ghostly","Ghostly","Ghostly"]},{"damage_healed":0,"gold_gain":0,"player_choice":"Shed Blood","damage_taken":13,"max_hp_gain":5,"max_hp_loss":0,"event_name":"Forgotten Altar","floor":20,"gold_loss":0},{"damage_healed":0,"gold_gain":0,"player_choice":"Fight","damage_taken":0,"max_hp_gain":0,"max_hp_loss":0,"event_name":"Colosseum","floor":30,"gold_loss":0},{"damage_healed":0,"gold_gain":0,"player_choice":"Fought Nobs","damage_taken":0,"max_hp_gain":0,"max_hp_loss":0,"event_name":"Colosseum","floor":30,"gold_loss":0}],"is_beta":false,"boss_relics":[{"not_picked":["White Beast Statue","Black Blood"],"picked":"Mark of Pain"}],"items_purged_floors":[12,22],"is_endless":false,"potions_floor_spawned":[4,13,18,21,23],"killed_by":"Gremlin Leader","ascension_level":20}