{"gold_per_floor":[116,266,65,65,65,100,100,375,446,0,23,36,104,137,137,230,230,246,171,86,1,1,1,41,41,123,142,173,173,198,42,42,136,136,161,186,186,186,186,224,248,281,357,357,357,397,397,166,166,166,166],"floor_reached":51,"playtime":1250,"items_purged":["Strike_B"],"score":1622,"play_id":"01dad502-c08f-43de-ab92-a69d9b1a0110","local_time":"20190411134908","is_ascension_mode":true,"campfire_choices":[{"data":"Zap","floor":7,"key":"SMITH"},{"data":"Reboot","floor":15,"key":"SMITH"},{"data":"Defragment","floor":23,"key":"SMITH"},{"floor":25,"key":"REST"},{"data":"Capacitor","floor":29,"key":"SMITH"},{"data":"Consume","floor":32,"key":"SMITH"},{"floor":45,"key":"REST"},{"floor":49,"key":"RECALL"}],"neow_cost":"NONE","seed_source_timestamp":387429892556600,"circlet_count":0,"master_deck":["AscendersBane","Strike_B","Defend_B","Defend_B","Defend_B","Zap+1","Dualcast","Ball Lightning","Ball Lightning","Reboot+1","Streamline+1","Cold Snap+1","Turbo","Electrodynamics","Defragment+1","Capacitor+1","Cold Snap+1","Electrodynamics+1","White Noise","Consume+1","Seek","Capacitor+1","Static Discharge+1","Master of Strategy","Recycle","Loop+1","Conserve Battery"],"relics":["Cracked Core","NeowsBlessing","Juzu Bracelet","Golden Idol","Matryoshka","Molten Egg 2","Bottled Lightning","Bag of Preparation","Pantograph","Ornamental Fan","Odd Mushroom","Runic Dome","Prayer Wheel","PreservedInsect","Boot","Frozen Egg 2","Girya","Omamori","Empty Cage","Vajra","Symbiotic Virus","Mummified Hand","StoneCalendar","Lee\u0027s Waffle"],"potions_floor_usage":[13,16,33],"damage_taken":[{"damage":0,"enemies":"2 Louse","floor":1,"turns":1},{"damage":0,"enemies":"3 Sentries","floor":6,"turns":1},{"damage":0,"enemies":"Small Slimes","floor":11,"turns":1},{"damage":3,"enemies":"Cultist","floor":12,"turns":2},{"damage":14,"enemies":"Lagavulin Event","floor":13,"turns":3},{"damage":9,"enemies":"The Mushroom Lair","floor":14,"turns":4},{"damage":34,"enemies":"Slime Boss","floor":16,"turns":7},{"damage":10,"enemies":"Chosen","floor":18,"turns":4},{"damage":29,"enemies":"Book of Stabbing","floor":24,"turns":3},{"damage":0,"enemies":"Spheric Guardian","floor":27,"turns":2},{"damage":0,"enemies":"Gremlin Leader","floor":28,"turns":2},{"damage":15,"enemies":"Automaton","floor":33,"turns":5},{"damage":0,"enemies":"3 Shapes","floor":35,"turns":3},{"damage":0,"enemies":"3 Darklings","floor":36,"turns":1},{"damage":23,"enemies":"Reptomancer","floor":40,"turns":3},{"damage":0,"enemies":"4 Shapes","floor":41,"turns":2},{"damage":26,"enemies":"Giant Head","floor":42,"turns":6},{"damage":20,"enemies":"Reptomancer","floor":46,"turns":3},{"damage":64,"enemies":"Time Eater","floor":50,"turns":7},{"damage":39,"enemies":"Awakened One","floor":51,"turns":2}],"seed_played":"-3034273428866021576","potions_obtained":[{"floor":12,"key":"Fire Potion"},{"floor":13,"key":"FocusPotion"},{"floor":24,"key":"FocusPotion"},{"floor":36,"key":"Strength Potion"},{"floor":46,"key":"LiquidBronze"}],"is_trial":false,"path_per_floor":["M","?","$","?","?","E","R","?","T","$","M","M","?","?","R","B",null,"M","?","?","$","T","R","E","R","T","M","E","R","T","$","R","B",null,"M","M","?","?","?","E","M","E","T","?","R","E","?","$","R","B","B"],"character_chosen":"DEFECT","items_purchased":["Juzu Bracelet","Ball Lightning","Bag of Preparation","Pantograph","Capacitor","Consume","Lee\u0027s Waffle"],"campfire_rested":2,"item_purchase_floors":[3,3,10,10,21,31,48],"current_hp_per_floor":[64,64,64,64,40,40,40,40,40,40,40,37,23,14,14,5,55,45,45,45,45,45,45,16,37,37,37,37,37,37,37,37,47,65,65,65,65,65,55,32,32,6,6,6,26,6,6,74,74,10,0],"gold":166,"neow_bonus":"THREE_ENEMY_KILL","is_prod":false,"is_daily":false,"chose_seed":false,"campfire_upgraded":5,"win_rate":0,"timestamp":1554958148,"path_taken":["M","?","$","?","?","E","R","?","T","$","M","M","?","?","R","BOSS","M","?","?","$","?","R","E","R","T","M","E","R","?","$","R","BOSS","M","M","?","?","?","E","M","E","T","?","R","E","?","?","R","BOSS","BOSS"],"build_version":"2019-01-23","purchased_purges":1,"victory":false,"max_hp_per_floor":[71,71,71,71,71,71,71,71,71,71,71,71,71,71,71,71,71,71,71,71,71,71,71,71,71,71,71,71,71,71,71,71,71,71,71,71,71,67,67,67,67,67,67,67,67,67,67,74,74,74,74],"card_choices":[{"not_picked":["Gash","Reinforced Body"],"picked":"Ball Lightning","floor":1},{"not_picked":["All For One","Barrage"],"picked":"Reboot","floor":6},{"not_picked":["Skim","Turbo"],"picked":"Streamline+1","floor":11},{"not_picked":["Sweeping Beam+1","Barrage+1"],"picked":"FTL+1","floor":12},{"not_picked":["Capacitor","All For One+1"],"picked":"Cold Snap+1","floor":13},{"not_picked":["Go for the Eyes+1","Redo"],"picked":"Turbo","floor":14},{"not_picked":["Biased Cognition","Meteor Strike+1"],"picked":"Electrodynamics","floor":16},{"not_picked":["Leap","Gash+1"],"picked":"Defragment","floor":18},{"not_picked":["Conserve Battery","Gash+1"],"picked":"Cold Snap+1","floor":24},{"not_picked":["Beam Cell+1","Stack"],"picked":"Electrodynamics+1","floor":27},{"not_picked":["Steam+1","Ball Lightning+1","Doom and Gloom+1"],"picked":"SKIP","floor":27},{"not_picked":["Steam+1","Ball Lightning+1","Doom and Gloom+1"],"picked":"SKIP","floor":27},{"not_picked":["Coolheaded","Genetic Algorithm"],"picked":"White Noise","floor":28},{"not_picked":["All For One+1","Hyperbeam+1"],"picked":"Seek","floor":33},{"not_picked":["Go for the Eyes+1","Skim"],"picked":"Capacitor+1","floor":35},{"not_picked":["Streamline+1","Sunder+1","Conserve Battery"],"picked":"SKIP","floor":35},{"not_picked":["Rebound+1","Sweeping Beam+1"],"picked":"Static Discharge+1","floor":36},{"not_picked":["Steam","Turbo","Leap"],"picked":"SKIP","floor":36},{"not_picked":["Purity","Forethought"],"picked":"Master of Strategy","floor":39},{"not_picked":["Sweeping Beam+1","Lockon+1","Rebound+1"],"picked":"SKIP","floor":40},{"not_picked":["Coolheaded","Static Discharge+1"],"picked":"Recycle","floor":41},{"not_picked":["Compile Driver+1","Beam Cell+1","Leap"],"picked":"SKIP","floor":41},{"not_picked":["Skim+1","Steam","Beam Cell+1"],"picked":"SKIP","floor":42},{"not_picked":["Genetic Algorithm","Turbo"],"picked":"Loop+1","floor":46}],"player_experience":3051531,"relics_obtained":[{"floor":6,"key":"Matryoshka"},{"floor":9,"key":"Molten Egg 2"},{"floor":9,"key":"Bottled Lightning"},{"floor":13,"key":"Ornamental Fan"},{"floor":14,"key":"Odd Mushroom"},{"floor":22,"key":"PreservedInsect"},{"floor":24,"key":"Boot"},{"floor":26,"key":"Frozen Egg 2"},{"floor":28,"key":"Girya"},{"floor":30,"key":"Omamori"},{"floor":40,"key":"Vajra"},{"floor":42,"key":"Symbiotic Virus"},{"floor":43,"key":"Mummified Hand"},{"floor":46,"key":"StoneCalendar"}],"event_choices":[{"damage_healed":0,"gold_gain":150,"player_choice":"AGREE","damage_taken":0,"max_hp_gain":0,"max_hp_loss":0,"event_name":"Liars Game","floor":2,"gold_loss":0,"cards_obtained":["Doubt"]},{"cards_removed":["Doubt"],"damage_healed":0,"gold_gain":0,"player_choice":"Forget","damage_taken":0,"max_hp_gain":0,"max_hp_loss":0,"event_name":"Living Wall","floor":4,"gold_loss":0},{"damage_healed":0,"gold_gain":0,"player_choice":"Take Damage","damage_taken":24,"relics_obtained":["Golden Idol"],"max_hp_gain":0,"max_hp_loss":0,"event_name":"Golden Idol","floor":5,"gold_loss":0},{"damage_healed":0,"gold_gain":275,"player_choice":"Desecrate","damage_taken":0,"max_hp_gain":0,"max_hp_loss":0,"event_name":"Golden Shrine","floor":8,"gold_loss":0,"cards_obtained":["Regret"]},{"damage_healed":0,"gold_gain":30,"player_choice":"Searched \u00272\u0027 times","damage_taken":0,"max_hp_gain":0,"max_hp_loss":0,"event_name":"Dead Adventurer","floor":13,"gold_loss":0},{"damage_healed":0,"gold_gain":0,"player_choice":"Fought Mushrooms","damage_taken":0,"max_hp_gain":0,"max_hp_loss":0,"event_name":"Mushrooms","floor":14,"gold_loss":0},{"cards_removed":["Regret"],"damage_healed":0,"gold_gain":0,"player_choice":"Gave Gold","damage_taken":0,"max_hp_gain":0,"max_hp_loss":0,"event_name":"Beggar","floor":19,"gold_loss":75},{"damage_healed":0,"gold_gain":0,"player_choice":"Obtained Relic","damage_taken":0,"relics_obtained":["Prayer Wheel"],"max_hp_gain":0,"max_hp_loss":0,"event_name":"Addict","floor":20,"gold_loss":85},{"damage_healed":0,"gold_gain":0,"player_choice":"Ignored","damage_taken":0,"max_hp_gain":0,"max_hp_loss":0,"event_name":"Tomb of Lord Red Mask","floor":37,"gold_loss":0},{"damage_healed":0,"gold_gain":0,"player_choice":"Max HP","damage_taken":0,"max_hp_gain":0,"max_hp_loss":4,"event_name":"Winding Halls","floor":38,"gold_loss":0},{"damage_healed":0,"gold_gain":0,"player_choice":"Memory 3","damage_taken":10,"max_hp_gain":0,"max_hp_loss":0,"event_name":"SensoryStone","floor":39,"gold_loss":0},{"cards_removed":["FTL"],"damage_healed":0,"gold_gain":0,"player_choice":"Removed Attack","damage_taken":0,"max_hp_gain":0,"max_hp_loss":0,"event_name":"Falling","floor":44,"gold_loss":0},{"damage_healed":0,"gold_gain":0,"cards_transformed":["Strike_B"],"player_choice":"Transformed","damage_taken":0,"max_hp_gain":0,"max_hp_loss":0,"event_name":"Transmorgrifier","floor":47,"gold_loss":0,"cards_obtained":["Conserve Battery"]}],"is_beta":false,"boss_relics":[{"not_picked":["Philosopher\u0027s Stone","Black Star"],"picked":"Runic Dome"},{"not_picked":["Runic Pyramid","Lizard Tail"],"picked":"Empty Cage"}],"items_purged_floors":[31],"is_endless":false,"potions_floor_spawned":[12,13,24,36,46],"killed_by":"Awakened One","ascension_level":20}