{"gold_per_floor":[112,126,145,160,125,154,154,184,196,6,6,6,6,34,34,111,111,127,177,191,201,24,24,53,53,53,87,137,137,207,232,232,310,310,329,342,442,452,752,752,752,752,752,784,804,823,848,859,859,859,859,859,859,184,219,219],"floor_reached":56,"playtime":2261,"items_purged":["Strike_B"],"score":2147,"play_id":"4fc44155-3436-4ad8-b051-19a0058cec8a","local_time":"20190417161852","is_ascension_mode":true,"campfire_choices":[{"floor":7,"key":"REST"},{"floor":11,"key":"REST"},{"data":"Apotheosis","floor":13,"key":"SMITH"},{"data":"Electrodynamics","floor":15,"key":"SMITH"},{"floor":23,"key":"REST"},{"floor":25,"key":"REST"},{"floor":32,"key":"REST"},{"data":"Biased Cognition","floor":40,"key":"SMITH"},{"floor":42,"key":"RECALL"},{"data":"Echo Form","floor":49,"key":"SMITH"},{"data":"Coolheaded","floor":53,"key":"SMITH"}],"neow_cost":"NONE","seed_source_timestamp":129094651423700,"circlet_count":0,"master_deck":["AscendersBane","Strike_B","Strike_B","Strike_B","Defend_B","Defend_B","Defend_B","Defend_B","Zap","Dualcast","Electrodynamics+1","Creative AI","Hologram+1","Melter","Darkness","Cold Snap","Apotheosis+1","Biased Cognition+1","Scrape","Echo Form+1","Recycle","Cold Snap","Core Surge","Coolheaded+1","Coolheaded","Glacier","Blizzard+1","Heatsinks","All For One+1","Echo Form"],"relics":["Cracked Core","Blood Vial","MawBank","Mercury Hourglass","Bird Faced Urn","Snecko Eye","Tiny Chest","PreservedInsect","Question Card","Mummified Hand","Centennial Puzzle","Inserter","Incense Burner","Old Coin","Molten Egg 2","Potion Belt","Happy Flower","Lantern","Pantograph","Cables"],"potions_floor_usage":[4,56,56,56,56,56,56,56],"damage_taken":[{"damage":4,"enemies":"Small Slimes","floor":1,"turns":3},{"damage":0,"enemies":"2 Louse","floor":2,"turns":2},{"damage":7,"enemies":"Cultist","floor":3,"turns":5},{"damage":8,"enemies":"Exordium Wildlife","floor":4,"turns":3},{"damage":40,"enemies":"3 Sentries","floor":6,"turns":6},{"damage":39,"enemies":"Gremlin Nob","floor":8,"turns":4},{"damage":24,"enemies":"3 Sentries","floor":14,"turns":4},{"damage":20,"enemies":"Hexaghost","floor":16,"turns":9},{"damage":26,"enemies":"2 Thieves","floor":18,"turns":3},{"damage":17,"enemies":"Shell Parasite","floor":20,"turns":3},{"damage":0,"enemies":"3 Cultists","floor":21,"turns":2},{"damage":30,"enemies":"Book of Stabbing","floor":24,"turns":4},{"damage":26,"enemies":"Slavers","floor":27,"turns":2},{"damage":0,"enemies":"Champ","floor":33,"turns":11},{"damage":43,"enemies":"3 Darklings","floor":35,"turns":4},{"damage":0,"enemies":"Orb Walker","floor":36,"turns":3},{"damage":0,"enemies":"Mind Bloom Boss Battle","floor":37,"turns":5},{"damage":9,"enemies":"Sphere and 2 Shapes","floor":38,"turns":3},{"damage":44,"enemies":"Nemesis","floor":44,"turns":5},{"damage":2,"enemies":"Transient","floor":45,"turns":6},{"damage":3,"enemies":"4 Shapes","floor":46,"turns":3},{"damage":0,"enemies":"Giant Head","floor":47,"turns":7},{"damage":20,"enemies":"Writhing Mass","floor":48,"turns":4},{"damage":8,"enemies":"Time Eater","floor":50,"turns":16},{"damage":28,"enemies":"Donu and Deca","floor":51,"turns":11},{"damage":7,"enemies":"Shield and Spear","floor":55,"turns":2},{"damage":98,"enemies":"The Heart","floor":56,"turns":8}],"seed_played":"9103953345947268832","potions_obtained":[{"floor":1,"key":"PowerPotion"},{"floor":4,"key":"EssenceOfSteel"},{"floor":8,"key":"Ancient Potion"},{"floor":14,"key":"EntropicBrew"},{"floor":44,"key":"Strength Potion"},{"floor":45,"key":"EssenceOfSteel"},{"floor":46,"key":"SkillPotion"}],"is_trial":false,"path_per_floor":["M","M","M","M","?","E","R","E","T","$","R","?","R","E","R","B",null,"M","?","M","M","$","R","E","R","T","E","?","?","T","T","R","B",null,"M","M","?","M","T","R","?","R","T","E","M","M","E","M","R","B","B",null,"R","$","E","B"],"character_chosen":"DEFECT","items_purchased":["Apotheosis","Tiny Chest","Recycle","Echo Form","Lantern","Pantograph","GamblersBrew"],"campfire_rested":5,"item_purchase_floors":[10,22,22,54,54,54,54],"current_hp_per_floor":[60,60,53,45,62,22,43,6,6,6,27,27,27,5,5,7,55,33,26,19,25,25,46,30,51,51,33,33,13,13,13,35,71,75,39,47,65,68,68,68,68,68,68,40,70,76,76,70,70,76,76,76,76,76,73,0],"gold":219,"neow_bonus":"ONE_RANDOM_RARE_CARD","is_prod":false,"is_daily":false,"chose_seed":false,"campfire_upgraded":5,"win_rate":0,"timestamp":1555485532,"path_taken":["M","M","M","M","?","E","R","E","T","$","R","?","R","E","R","BOSS","M","?","?","M","$","R","E","R","T","E","?","?","?","?","R","BOSS","M","M","?","M","?","R","?","R","T","E","?","M","E","M","R","BOSS","BOSS","R","$","E","BOSS"],"build_version":"2019-01-23","purchased_purges":1,"victory":false,"max_hp_per_floor":[71,71,71,71,71,71,71,71,71,71,71,71,71,71,71,71,71,71,71,71,71,71,71,71,71,71,71,71,76,76,76,76,76,76,76,76,76,76,76,76,76,76,76,76,76,76,76,76,76,76,76,76,76,76,76,76],"card_choices":[{"not_picked":["Redo","Stack","Go for the Eyes"],"picked":"SKIP","floor":1},{"not_picked":["Glacier","Ball Lightning"],"picked":"Creative AI","floor":2},{"not_picked":["Hello World","Steam"],"picked":"Hologram","floor":3},{"not_picked":["Ball Lightning","Rebound"],"picked":"Melter","floor":4},{"not_picked":["Steam","Redo"],"picked":"Darkness","floor":6},{"not_picked":["Chaos","Turbo"],"picked":"Cold Snap","floor":8},{"not_picked":["Beam Cell","Stack","Lockon"],"picked":"SKIP","floor":14},{"not_picked":["Reboot","Seek"],"picked":"Biased Cognition","floor":16},{"not_picked":["Coolheaded","Turbo+1"],"picked":"Scrape","floor":18},{"not_picked":["Skim","Barrage","Rebound"],"picked":"SKIP","floor":20},{"not_picked":["Blizzard","Streamline+1"],"picked":"Echo Form","floor":21},{"not_picked":["Turbo","Ball Lightning","Barrage"],"picked":"SKIP","floor":24},{"not_picked":["Hyperbeam","Compile Driver+1"],"picked":"Cold Snap","floor":27},{"not_picked":["All For One","Amplify","Seek"],"picked":"Core Surge","floor":33},{"not_picked":["Ball Lightning","Stack+1","Lockon"],"picked":"Coolheaded","floor":35},{"not_picked":["Beam Cell+1","Leap+1","Rebound","Barrage"],"picked":"SKIP","floor":36},{"not_picked":["Auto Shields","Turbo","Streamline"],"picked":"Coolheaded","floor":37},{"not_picked":["Hello World","Barrage","Tempest"],"picked":"Glacier","floor":38},{"not_picked":["Turbo","Steam","Sweeping Beam+1","Fusion"],"picked":"SKIP","floor":44},{"not_picked":["Sweeping Beam+1","Conserve Battery+1","FTL+1"],"picked":"Blizzard+1","floor":45},{"not_picked":["Gash+1","Reprogram","Coolheaded"],"picked":"Heatsinks","floor":46},{"not_picked":["Hologram","Sweeping Beam+1","Rebound+1"],"picked":"All For One+1","floor":47},{"not_picked":["Steam Power","Static Discharge","Turbo","Stack"],"picked":"SKIP","floor":48},{"not_picked":["Tempest+1","Reprogram+1","Melter+1","Darkness"],"picked":"SKIP","floor":55}],"player_experience":3196523,"relics_obtained":[{"floor":6,"key":"Blood Vial"},{"floor":8,"key":"MawBank"},{"floor":9,"key":"Mercury Hourglass"},{"floor":14,"key":"Bird Faced Urn"},{"floor":24,"key":"PreservedInsect"},{"floor":27,"key":"Question Card"},{"floor":30,"key":"Mummified Hand"},{"floor":31,"key":"Centennial Puzzle"},{"floor":37,"key":"Incense Burner"},{"floor":39,"key":"Old Coin"},{"floor":43,"key":"Molten Egg 2"},{"floor":44,"key":"Potion Belt"},{"floor":47,"key":"Happy Flower"},{"floor":55,"key":"Cables"}],"event_choices":[{"damage_healed":17,"gold_gain":0,"player_choice":"Healed","damage_taken":0,"max_hp_gain":0,"max_hp_loss":0,"event_name":"The Cleric","floor":5,"gold_loss":35},{"damage_healed":0,"gold_gain":0,"player_choice":"Ignored","damage_taken":0,"max_hp_gain":0,"max_hp_loss":0,"event_name":"Shining Light","floor":12,"gold_loss":0},{"damage_healed":0,"gold_gain":50,"player_choice":"Touch","damage_taken":7,"max_hp_gain":0,"max_hp_loss":0,"event_name":"FaceTrader","floor":19,"gold_loss":0},{"damage_healed":0,"gold_gain":50,"player_choice":"Stole From Cult","damage_taken":0,"max_hp_gain":0,"max_hp_loss":0,"event_name":"Nest","floor":28,"gold_loss":0},{"damage_healed":0,"gold_gain":0,"player_choice":"Shed Blood","damage_taken":25,"max_hp_gain":5,"max_hp_loss":0,"event_name":"Forgotten Altar","floor":29,"gold_loss":0},{"damage_healed":0,"gold_gain":0,"player_choice":"Fight","damage_taken":0,"max_hp_gain":0,"max_hp_loss":0,"event_name":"MindBloom","floor":37,"gold_loss":0},{"damage_healed":0,"gold_gain":0,"player_choice":"Upgraded","damage_taken":0,"max_hp_gain":0,"max_hp_loss":0,"event_name":"Upgrade Shrine","floor":41,"gold_loss":0,"cards_upgraded":["Hologram"]}],"is_beta":false,"boss_relics":[{"not_picked":["Runic Pyramid","FrozenCore"],"picked":"Snecko Eye"},{"not_picked":["White Beast Statue","Black Star"],"picked":"Inserter"}],"items_purged_floors":[54],"is_endless":false,"potions_floor_spawned":[1,4,8,14,21,24,35,37,44,45,46],"killed_by":"The Heart","ascension_level":20}