{"path_per_floor":["M","?","M","M","?","R","?","E","T","M","R","$","T","E","R","B",null,"M","M","M","?","M","E","?","?","T","M","T","R","$","M","R","B",null,"M","M","?","M","M","R","$","R","T","?","M","E","R","M","R"],"character_chosen":"DEFECT","items_purchased":["Tempest","Singing Bowl"],"gold_per_floor":[113,113,132,148,148,148,148,181,181,192,192,37,87,117,117,213,213,224,236,253,178,192,221,221,221,221,232,305,305,160,170,170,271,271,282,296,296,307,321,321,221,221,221,221,239,267,267,278,278,278],"floor_reached":50,"campfire_rested":2,"playtime":2986,"current_hp_per_floor":[75,75,72,71,76,76,76,59,59,52,52,52,52,40,40,28,80,68,63,75,75,58,41,67,67,67,61,61,61,61,58,58,33,82,84,72,67,58,24,49,49,49,49,49,39,21,21,3,30,0],"items_purged":["Strike_B","Static Discharge"],"gold":278,"score":527,"play_id":"9042f622-a586-4b01-a4b7-6f029bb9d4e0","local_time":"20180430223235","is_prod":false,"is_daily":false,"chose_seed":false,"is_ascension_mode":false,"campfire_upgraded":7,"timestamp":1525098755,"path_taken":["M","?","M","M","?","R","?","E","T","M","R","$","?","E","R","BOSS","M","M","M","?","M","E","?","?","T","?","?","R","$","M","R","BOSS","M","M","?","?","?","R","$","R","T","?","M","E","R","M","R","BOSS"],"build_version":"2018-04-27v3","seed_source_timestamp":303506165108082,"purchased_purges":3,"victory":false,"master_deck":["Strike_B+1","Defend_B","Zap+1","Gash+1","Gash+1","Thunder Strike+1","Go for the Eyes+1","Tempest","Genetic Algorithm","All For One+1","Ball Lightning+1","Chaos+1","Streamline+1","Hologram+1","Ball Lightning+1","Defragment+1","Fission+1","Hyperbeam+1","Barrage+1","Barrage+1","Secret Technique","Bandage Up","FTL+1","Defragment+1","Double Energy+1","Reprogram","Coolheaded+1"],"max_hp_per_floor":[75,75,75,75,80,80,80,80,80,80,80,80,80,80,80,80,80,80,80,80,80,80,80,80,80,80,80,80,80,80,82,82,82,82,84,86,86,86,86,86,86,86,86,86,88,88,88,90,90,90],"relics":["Cracked Core","Whetstone","Molten Egg 2","Omamori","Art of War","Lantern","White Beast Statue","Dodecahedron","Prayer Wheel","Mummified Hand","Centennial Puzzle","Singing Bowl","Astrolabe","Smiling Mask","Bottled Tornado"],"card_choices":[{"not_picked":["Heatsinks","Skim"],"picked":"Gash","floor":1},{"not_picked":["Sweeping Beam","Coolheaded"],"picked":"Gash","floor":3},{"not_picked":["Hologram","Stack"],"picked":"Thunder Strike","floor":4},{"not_picked":["Glacier","Rip and Tear"],"picked":"Go for the Eyes","floor":8},{"not_picked":["Rebound","Chaos"],"picked":"Genetic Algorithm","floor":14},{"not_picked":["Fusion","Amplify"],"picked":"All For One","floor":16},{"not_picked":["Barrage","Impulse"],"picked":"Ball Lightning","floor":18},{"not_picked":["Meteor Strike","Sweeping Beam"],"picked":"Chaos","floor":19},{"not_picked":["Go for the Eyes","Aggregate"],"picked":"Streamline","floor":20},{"not_picked":["Sweeping Beam","Scrape"],"picked":"Hologram","floor":22},{"not_picked":["Axe Kick","Turbo"],"picked":"Static Discharge","floor":26},{"not_picked":["Cold Snap","Impulse"],"picked":"Ball Lightning","floor":27},{"not_picked":["Sunder","Aggregate"],"picked":"Defragment","floor":28},{"not_picked":["Reboot","Redo"],"picked":"Fission","floor":33},{"not_picked":["Dark Shackles","Transmutation"],"picked":"Secret Technique","floor":37},{"not_picked":["Deep Breath","Good Instincts"],"picked":"Bandage Up","floor":37},{"not_picked":["Chill","Stack"],"picked":"FTL","floor":38},{"not_picked":["Cold Snap","Hologram"],"picked":"Defragment","floor":39},{"not_picked":["Streamline","Beam Cell"],"picked":"Double Energy","floor":43},{"not_picked":["Redo","Cold Snap"],"picked":"Coolheaded","floor":46}],"player_experience":305542,"potions_floor_usage":[14,19,20,23,31,31,36,38,39,39,46,46,50,50,50],"damage_taken":[{"damage":0,"enemies":"2 Louse","floor":1,"turns":2},{"damage":3,"enemies":"Jaw Worm","floor":3,"turns":3},{"damage":1,"enemies":"Cultist","floor":4,"turns":3},{"damage":17,"enemies":"3 Sentries","floor":8,"turns":7},{"damage":7,"enemies":"3 Louse","floor":10,"turns":3},{"damage":12,"enemies":"Gremlin Nob","floor":14,"turns":3},{"damage":12,"enemies":"Slime Boss","floor":16,"turns":7},{"damage":12,"enemies":"Shell Parasite","floor":18,"turns":4},{"damage":5,"enemies":"3 Byrds","floor":19,"turns":4},{"damage":0,"enemies":"Centurion and Healer","floor":20,"turns":5},{"damage":17,"enemies":"Snake Plant","floor":22,"turns":4},{"damage":17,"enemies":"Book of Stabbing","floor":23,"turns":4},{"damage":6,"enemies":"Snecko","floor":27,"turns":3},{"damage":5,"enemies":"Slaver and Parasite","floor":31,"turns":4},{"damage":25,"enemies":"Automaton","floor":33,"turns":6},{"damage":0,"enemies":"Flame Bruiser 1 Orb","floor":35,"turns":3},{"damage":14,"enemies":"3 Darklings","floor":36,"turns":5},{"damage":13,"enemies":"Sphere and 2 Shapes","floor":38,"turns":3},{"damage":53,"enemies":"Maw","floor":39,"turns":6},{"damage":16,"enemies":"4 Shapes","floor":45,"turns":7},{"damage":34,"enemies":"Nemesis","floor":46,"turns":5},{"damage":24,"enemies":"Flame Bruiser 2 Orb","floor":48,"turns":3},{"damage":64,"enemies":"Awakened One","floor":50,"turns":4}],"event_choices":[{"event_name":"Living Wall","player_choice":"Forget","floor":2,"damage_taken":0},{"event_name":"Big Fish","player_choice":"Donut","floor":5,"damage_taken":0},{"event_name":"Liars Game","player_choice":"disagreed","floor":7,"damage_taken":0},{"event_name":"Beggar","player_choice":"Gave Gold","floor":21,"damage_taken":0},{"event_name":"The Library","player_choice":"Heal","floor":24,"damage_taken":0},{"event_name":"The Mausoleum","player_choice":"Yes","floor":25,"damage_taken":0},{"event_name":"SensoryStone","player_choice":"Memory 2","floor":37,"damage_taken":0},{"event_name":"Transmorgrifier","player_choice":"Transform","floor":44,"damage_taken":0}],"boss_relics":[{"not_picked":["Eternal Feather","Runic Dome"],"picked":"White Beast Statue"},{"not_picked":["Sozu","Orrery"],"picked":"Astrolabe"}],"potions_floor_spawned":[1,8,18,19,20,22,23,27,31,33,35,36,38,39,45,46,48],"seed_played":"-743523354671564915","killed_by":"Awakened One","ascension_level":0,"is_trial":false}