{"gold_per_floor":[117,129,204,479,494,494,513,538,576,638,610,632,182,196,196,270,270,287,303,303,218,218,218,231,259,311,325,325],"floor_reached":28,"playtime":902,"items_purged":["Strike_R"],"score":480,"play_id":"9fcdb27c-fd1b-42b3-82d8-052f32f175e8","local_time":"20190414123953","is_ascension_mode":true,"campfire_choices":[{"data":"Armaments","floor":6,"key":"SMITH"},{"data":"Whirlwind","floor":15,"key":"SMITH"},{"data":"True Grit","floor":23,"key":"SMITH"}],"neow_cost":"NONE","seed_source_timestamp":176179588047000,"circlet_count":0,"master_deck":["AscendersBane","Bash","Armaments+1","Battle Trance","Regret","Second Wind","Entrench","Entrench","Finesse","Whirlwind+1","True Grit+1","Seeing Red","Blood for Blood","Spot Weakness","Anger","Searing Blow","Combust","Feel No Pain","Pummel","Disarm","Ghostly","Ghostly","Ghostly","Offering","Evolve"],"relics":["Burning Blood","NeowsBlessing","MawBank","Oddly Smooth Stone","Happy Flower","Potion Belt","Pandora\u0027s Box","Blood Vial","Bronze Scales"],"potions_floor_usage":[8,8,11,16,16,16,28],"damage_taken":[{"damage":0,"enemies":"Cultist","floor":1,"turns":1},{"damage":0,"enemies":"2 Louse","floor":2,"turns":1},{"damage":0,"enemies":"Jaw Worm","floor":5,"turns":1},{"damage":2,"enemies":"3 Louse","floor":7,"turns":4},{"damage":22,"enemies":"Lagavulin","floor":8,"turns":7},{"damage":14,"enemies":"Red Slaver","floor":12,"turns":4},{"damage":15,"enemies":"Blue Slaver","floor":14,"turns":4},{"damage":36,"enemies":"The Guardian","floor":16,"turns":14},{"damage":15,"enemies":"3 Byrds","floor":18,"turns":3},{"damage":20,"enemies":"Spheric Guardian","floor":19,"turns":4},{"damage":9,"enemies":"Centurion and Healer","floor":24,"turns":8},{"damage":22,"enemies":"Gremlin Leader","floor":25,"turns":6},{"damage":7,"enemies":"Snake Plant","floor":27,"turns":4},{"damage":33,"enemies":"Book of Stabbing","floor":28,"turns":3}],"seed_played":"4492004965668031996","potions_obtained":[{"floor":1,"key":"FearPotion"},{"floor":5,"key":"SpeedPotion"},{"floor":7,"key":"Block Potion"},{"floor":11,"key":"Fruit Juice"},{"floor":11,"key":"Swift Potion"},{"floor":11,"key":"GamblersBrew"},{"floor":16,"key":"FearPotion"},{"floor":24,"key":"Energy Potion"},{"floor":25,"key":"FearPotion"},{"floor":27,"key":"SpeedPotion"}],"is_trial":false,"path_per_floor":["M","M","?","?","M","R","M","E","T","T","?","M","$","M","R","B",null,"M","M","?","?","?","R","M","E","T","M","E"],"character_chosen":"IRONCLAD","items_purchased":["Finesse","Potion Belt","Whirlwind","SteroidPotion"],"campfire_rested":0,"item_purchase_floors":[13,13,13,13],"current_hp_per_floor":[74,75,64,64,70,70,74,58,58,58,63,55,55,46,46,16,64,55,41,41,41,40,40,37,23,23,24,0],"gold":325,"neow_bonus":"THREE_ENEMY_KILL","is_prod":false,"is_daily":false,"chose_seed":false,"campfire_upgraded":3,"win_rate":0,"timestamp":1555213193,"path_taken":["M","M","?","?","?","R","M","E","T","?","?","M","$","M","R","BOSS","M","M","?","?","?","R","M","E","T","?","E"],"build_version":"2019-01-23","purchased_purges":1,"victory":false,"max_hp_per_floor":[75,75,75,75,75,75,75,75,75,75,80,80,80,80,80,80,80,80,80,80,80,40,40,40,40,40,40,40],"card_choices":[{"not_picked":["Rage","Blood for Blood"],"picked":"Armaments","floor":1},{"not_picked":["Pummel","Corruption"],"picked":"Battle Trance","floor":2},{"not_picked":["Flex","Combust"],"picked":"Second Wind","floor":5},{"not_picked":["Twin Strike","Warcry","Armaments"],"picked":"SKIP","floor":7},{"not_picked":["Corruption","Metallicize"],"picked":"Entrench","floor":8},{"not_picked":["Cleave","Warcry"],"picked":"Entrench","floor":12},{"not_picked":["Sword Boomerang","Clothesline"],"picked":"True Grit","floor":14},{"not_picked":["Perfected Strike","Bloodletting","Twin Strike"],"picked":"SKIP","floor":18},{"not_picked":["Rampage","Heavy Blade"],"picked":"Disarm","floor":19},{"not_picked":["Heavy Blade+1","Sword Boomerang","Twin Strike"],"picked":"SKIP","floor":24},{"not_picked":["Clothesline","Dropkick"],"picked":"Offering","floor":25},{"not_picked":["Thunderclap","Pommel Strike"],"picked":"Evolve","floor":27}],"player_experience":3119113,"relics_obtained":[{"floor":8,"key":"MawBank"},{"floor":9,"key":"Oddly Smooth Stone"},{"floor":10,"key":"Happy Flower"},{"floor":25,"key":"Bronze Scales"}],"event_choices":[{"damage_healed":0,"gold_gain":75,"player_choice":"Gather Gold","damage_taken":11,"max_hp_gain":0,"max_hp_loss":0,"event_name":"World of Goop","floor":3,"gold_loss":0},{"damage_healed":0,"gold_gain":275,"player_choice":"Desecrate","damage_taken":0,"max_hp_gain":0,"max_hp_loss":0,"event_name":"Golden Shrine","floor":4,"gold_loss":0,"cards_obtained":["Regret"]},{"damage_healed":0,"gold_gain":0,"player_choice":"Bought 3 Potions","damage_taken":0,"max_hp_gain":0,"max_hp_loss":0,"event_name":"The Woman in Blue","floor":11,"gold_loss":0},{"damage_healed":0,"gold_gain":0,"player_choice":"Ignored","damage_taken":0,"max_hp_gain":0,"max_hp_loss":0,"event_name":"The Mausoleum","floor":20,"gold_loss":0},{"damage_healed":0,"gold_gain":0,"player_choice":"Obtained Relic","damage_taken":0,"relics_obtained":["Blood Vial"],"max_hp_gain":0,"max_hp_loss":0,"event_name":"Addict","floor":21,"gold_loss":85},{"damage_healed":0,"gold_gain":0,"player_choice":"Became a Ghost","damage_taken":0,"max_hp_gain":0,"max_hp_loss":40,"event_name":"Ghosts","floor":22,"gold_loss":0,"cards_obtained":["Ghostly","Ghostly","Ghostly"]}],"is_beta":false,"boss_relics":[{"not_picked":["Black Blood","Runic Cube"],"picked":"Pandora\u0027s Box"}],"items_purged_floors":[13],"is_endless":false,"potions_floor_spawned":[1,5,7,16,24,25,27],"killed_by":"Book of Stabbing","ascension_level":20}