{"gold_per_floor":[115,78,78,98,10,49,49,88,88,4,48,68,103,103,103,199,199,215,53,53,68,91,91,135,135,162,162,201,214,229,254,254,349,349,370,385,409,534,549,549,585,585,585,623,956,982,982,367,367,367,367,367,367,23,50,50],"floor_reached":57,"playtime":3202,"items_purged":["Strike_B","Strike_B","Strike_B"],"score":3072,"play_id":"cf56605d-8f33-429b-b391-a034393c0e74","local_time":"20190315134338","is_ascension_mode":true,"campfire_choices":[{"data":"Sunder","floor":7,"key":"SMITH"},{"data":"Biased Cognition","floor":15,"key":"SMITH"},{"data":"Loop","floor":23,"key":"SMITH"},{"data":"Loop","floor":27,"key":"SMITH"},{"floor":32,"key":"REST"},{"data":"Zap","floor":40,"key":"SMITH"},{"floor":42,"key":"RECALL"},{"data":"Dualcast","floor":49,"key":"SMITH"},{"data":"Strike_B","floor":53,"key":"SMITH"}],"neow_cost":"NONE","seed_source_timestamp":96626490841300,"circlet_count":0,"master_deck":["AscendersBane","Strike_B+1","Defend_B","Defend_B","Defend_B","Defend_B","Zap+1","Dualcast+1","Cold Snap","Glacier","Sunder+1","Biased Cognition+1","Core Surge","Fission+1","Chaos+1","Loop+1","Coolheaded+1","Loop+1","Leap+1","Conserve Battery+1","Reboot+1","BootSequence+1","Consume+1","White Noise+1","Coolheaded+1","Blizzard+1","Glacier+1","Discovery+1","Enlightenment+1","Deep Breath+1","Dark Shackles+1","Hologram+1","Echo Form"],"relics":["Cracked Core","NeowsBlessing","Matryoshka","Strawberry","Ornamental Fan","Oddly Smooth Stone","Bronze Scales","Happy Flower","Toxic Egg 2","Anchor","Philosopher\u0027s Stone","Red Mask","Shuriken","Ancient Tea Set","Blood Vial","Runic Pyramid","Nunchaku","Question Card","Juzu Bracelet","Boot","Pantograph","Bag of Preparation","Centennial Puzzle"],"potions_floor_usage":[8,11,13,30,46,56],"damage_taken":[{"damage":0,"enemies":"Jaw Worm","floor":1,"turns":1},{"damage":0,"enemies":"Small Slimes","floor":4,"turns":1},{"damage":0,"enemies":"Gremlin Nob","floor":6,"turns":1},{"damage":21,"enemies":"Lagavulin","floor":8,"turns":8},{"damage":10,"enemies":"3 Sentries","floor":11,"turns":7},{"damage":0,"enemies":"Cultist","floor":12,"turns":2},{"damage":6,"enemies":"Gremlin Nob","floor":13,"turns":3},{"damage":0,"enemies":"Hexaghost","floor":16,"turns":8},{"damage":3,"enemies":"Shell Parasite","floor":18,"turns":4},{"damage":18,"enemies":"3 Byrds","floor":21,"turns":3},{"damage":4,"enemies":"Centurion and Healer","floor":22,"turns":8},{"damage":0,"enemies":"Masked Bandits","floor":24,"turns":5},{"damage":3,"enemies":"Slavers","floor":28,"turns":6},{"damage":0,"enemies":"3 Cultists","floor":29,"turns":4},{"damage":17,"enemies":"Snecko","floor":30,"turns":4},{"damage":10,"enemies":"Snake Plant","floor":31,"turns":4},{"damage":39,"enemies":"Champ","floor":33,"turns":14},{"damage":0,"enemies":"3 Darklings","floor":35,"turns":6},{"damage":0,"enemies":"Orb Walker","floor":36,"turns":4},{"damage":0,"enemies":"4 Shapes","floor":37,"turns":4},{"damage":0,"enemies":"Mind Bloom Boss Battle","floor":38,"turns":6},{"damage":0,"enemies":"Maw","floor":39,"turns":5},{"damage":0,"enemies":"Giant Head","floor":41,"turns":11},{"damage":25,"enemies":"Nemesis","floor":44,"turns":7},{"damage":0,"enemies":"Reptomancer","floor":46,"turns":8},{"damage":15,"enemies":"Time Eater","floor":50,"turns":13},{"damage":31,"enemies":"Awakened One","floor":51,"turns":16},{"damage":0,"enemies":"Shield and Spear","floor":55,"turns":5},{"damage":57,"enemies":"The Heart","floor":56,"turns":12}],"seed_played":"4724689900979062187","potions_obtained":[{"floor":1,"key":"SkillPotion"},{"floor":8,"key":"FearPotion"},{"floor":11,"key":"Fruit Juice"},{"floor":22,"key":"Regen Potion"},{"floor":28,"key":"Dexterity Potion"},{"floor":30,"key":"Energy Potion"},{"floor":46,"key":"SneckoOil"}],"is_trial":false,"path_per_floor":["M","$","?","M","$","E","R","E","T","?","E","M","E","?","R","B",null,"M","$","?","M","M","R","?","?","T","R","E","M","M","M","R","B",null,"M","M","M","?","M","R","E","R","T","E","?","E","?","$","R","B","B",null,"R","$","E","B",null],"character_chosen":"DEFECT","items_purchased":["Glacier","Sunder","Loop","Pantograph","Dark Shackles+1","Ancient Potion","GamblersBrew","Bag of Preparation","Hologram+1"],"campfire_rested":1,"item_purchase_floors":[2,5,19,48,48,48,48,54,54],"current_hp_per_floor":[64,64,64,64,64,64,64,50,50,50,45,45,39,34,34,34,66,63,63,63,45,41,41,41,41,41,41,38,40,34,26,48,11,60,62,64,66,68,70,70,72,72,72,49,49,51,41,41,41,53,45,68,68,68,70,19],"gold":50,"neow_bonus":"THREE_ENEMY_KILL","is_prod":false,"is_daily":false,"chose_seed":false,"campfire_upgraded":7,"win_rate":0,"timestamp":1552625018,"path_taken":["M","$","?","M","$","E","R","E","T","?","E","?","E","?","R","BOSS","M","$","?","M","?","R","?","?","T","R","E","M","M","?","R","BOSS","M","M","M","?","M","R","E","R","T","E","?","E","?","$","R","BOSS","BOSS","R","$","E","BOSS"],"build_version":"2019-01-23","purchased_purges":3,"victory":true,"max_hp_per_floor":[71,71,64,64,64,64,64,71,71,71,76,76,76,76,76,76,76,76,76,76,76,76,76,76,76,76,76,76,76,76,76,76,76,76,76,76,76,76,76,76,76,76,76,76,76,76,76,76,76,76,76,76,76,76,76,76],"card_choices":[{"not_picked":["FTL","Compile Driver"],"picked":"Cold Snap","floor":1},{"not_picked":["Aggregate","Undo","Steam"],"picked":"SKIP","floor":4},{"not_picked":["Skim","Streamline","Stack"],"picked":"SKIP","floor":6},{"not_picked":["Redo","Sweeping Beam","Gash"],"picked":"SKIP","floor":8},{"not_picked":["Compile Driver","Stack"],"picked":"Biased Cognition","floor":11},{"not_picked":["Sweeping Beam","Double Energy","Conserve Battery"],"picked":"SKIP","floor":12},{"not_picked":["Genetic Algorithm","Melter"],"picked":"Core Surge","floor":13},{"not_picked":["Reboot+1","Buffer"],"picked":"Fission+1","floor":16},{"not_picked":["Hologram+1","Rebound"],"picked":"Chaos+1","floor":18},{"not_picked":["Barrage","Gash","Beam Cell"],"picked":"SKIP","floor":21},{"not_picked":["Steam+1","Barrage","Compile Driver"],"picked":"SKIP","floor":22},{"not_picked":["Steam+1","Barrage","Compile Driver"],"picked":"SKIP","floor":22},{"not_picked":["Conserve Battery+1","Gash"],"picked":"Loop","floor":24},{"not_picked":["Streamline","Rip and Tear","Turbo+1"],"picked":"SKIP","floor":28},{"not_picked":["Beam Cell","Double Energy+1","Turbo+1"],"picked":"SKIP","floor":29},{"not_picked":["Hello World","Rebound"],"picked":"Leap+1","floor":30},{"not_picked":["Doom and Gloom","Streamline"],"picked":"Conserve Battery+1","floor":31},{"not_picked":["Machine Learning","All For One"],"picked":"Reboot+1","floor":33},{"not_picked":["Stack+1","Sweeping Beam"],"picked":"BootSequence+1","floor":35},{"not_picked":["FTL","Stack+1"],"picked":"Consume+1","floor":36},{"not_picked":["Doom and Gloom","Beam Cell"],"picked":"White Noise+1","floor":37},{"not_picked":["Leap+1","Beam Cell"],"picked":"Coolheaded+1","floor":38},{"not_picked":["Rebound+1","Beam Cell+1","Redo+1"],"picked":"SKIP","floor":39},{"not_picked":["Sunder+1","Rebound"],"picked":"Blizzard+1","floor":41},{"not_picked":["Scrape","Conserve Battery+1","Stack+1","Blizzard"],"picked":"SKIP","floor":44},{"not_picked":["Scrape","Conserve Battery+1","Stack+1","Blizzard"],"picked":"SKIP","floor":44},{"not_picked":["Tempest+1","Conserve Battery+1","Stack+1"],"picked":"Glacier+1","floor":46},{"not_picked":["Sadistic Nature","Dark Shackles+1","Impatience+1"],"picked":"Discovery+1","floor":47},{"not_picked":["Secret Technique+1","Mind Blast","Dark Shackles+1"],"picked":"Enlightenment+1","floor":47},{"not_picked":["Violence+1","Metamorphosis+1","The Bomb+1"],"picked":"Deep Breath+1","floor":47},{"not_picked":["BootSequence+1","Hello World","Steam+1"],"picked":"Echo Form","floor":55}],"player_experience":2281845,"relics_obtained":[{"floor":6,"key":"Matryoshka"},{"floor":8,"key":"Strawberry"},{"floor":9,"key":"Ornamental Fan"},{"floor":9,"key":"Oddly Smooth Stone"},{"floor":11,"key":"Happy Flower"},{"floor":13,"key":"Toxic Egg 2"},{"floor":24,"key":"Red Mask"},{"floor":26,"key":"Shuriken"},{"floor":26,"key":"Ancient Tea Set"},{"floor":28,"key":"Blood Vial"},{"floor":38,"key":"Nunchaku"},{"floor":41,"key":"Question Card"},{"floor":44,"key":"Juzu Bracelet"},{"floor":46,"key":"Boot"},{"floor":55,"key":"Centennial Puzzle"}],"event_choices":[{"damage_healed":0,"gold_gain":0,"player_choice":"Lose Max HP","damage_taken":0,"relics_obtained":["Golden Idol"],"max_hp_gain":0,"max_hp_loss":7,"event_name":"Golden Idol","floor":3,"gold_loss":0},{"damage_healed":0,"gold_gain":0,"player_choice":"Paid Gold","damage_taken":0,"relics_obtained":["Bronze Scales"],"max_hp_gain":0,"max_hp_loss":0,"event_name":"WeMeetAgain","floor":10,"gold_loss":84},{"damage_healed":0,"gold_gain":0,"player_choice":"Success","damage_taken":5,"relics_obtained":["Anchor"],"max_hp_gain":0,"max_hp_loss":0,"event_name":"Scrap Ooze","floor":14,"gold_loss":0},{"damage_healed":0,"gold_gain":0,"player_choice":"1 cards matched","damage_taken":0,"max_hp_gain":0,"max_hp_loss":0,"event_name":"Match and Keep!","floor":20,"gold_loss":0,"cards_obtained":["Coolheaded"]},{"damage_healed":0,"gold_gain":0,"player_choice":"Fought Bandits","damage_taken":0,"max_hp_gain":0,"max_hp_loss":0,"event_name":"Masked Bandits","floor":24,"gold_loss":0},{"damage_healed":0,"gold_gain":0,"player_choice":"Ignored","damage_taken":0,"max_hp_gain":0,"max_hp_loss":0,"event_name":"The Mausoleum","floor":25,"gold_loss":0},{"damage_healed":0,"gold_gain":0,"player_choice":"Fight","damage_taken":0,"max_hp_gain":0,"max_hp_loss":0,"event_name":"MindBloom","floor":38,"gold_loss":0},{"damage_healed":0,"gold_gain":333,"player_choice":"Gave Idol","damage_taken":0,"max_hp_gain":0,"max_hp_loss":0,"event_name":"The Moai Head","floor":45,"relics_lost":["Golden Idol"],"gold_loss":0},{"damage_healed":0,"gold_gain":0,"player_choice":"Memory 3","damage_taken":10,"max_hp_gain":0,"max_hp_loss":0,"event_name":"SensoryStone","floor":47,"gold_loss":0}],"is_beta":false,"boss_relics":[{"not_picked":["Velvet Choker","Tiny House"],"picked":"Philosopher\u0027s Stone"},{"not_picked":["FrozenCore","White Beast Statue"],"picked":"Runic Pyramid"}],"items_purged_floors":[19,48,54],"is_endless":false,"potions_floor_spawned":[1,8,11,22,28,29,30,33,35,36,41,44,46,55],"ascension_level":20}