{"gold_per_floor":[16,16,16,31,44,75,75,75,75,90,113,113,125,153,153,231,231,241,441,455,455,467,497,497,517,517,517,531,565,565,665,665,737,737,754,754,765,765,765,798,798,91,91,121,121,121,136,136,136,136,136,136,136,24,54,54],"floor_reached":56,"playtime":1781,"items_purged":["Strike_R"],"score":1952,"play_id":"eaa456cb-ed58-455f-98ad-0b7480db69bd","local_time":"20190326200124","is_ascension_mode":true,"campfire_choices":[{"data":"Whirlwind","floor":7.0,"key":"SMITH"},{"data":"Whirlwind","floor":12.0,"key":"SMITH"},{"floor":15.0,"key":"REST"},{"floor":24,"key":"REST"},{"data":"Barricade","floor":27,"key":"SMITH"},{"data":"Shrug It Off","floor":30,"key":"SMITH"},{"floor":32,"key":"REST"},{"data":"1","floor":41,"key":"LIFT"},{"data":"2","floor":46,"key":"LIFT"},{"floor":49,"key":"RECALL"},{"data":"Demon Form","floor":53,"key":"SMITH"}],"neow_cost":"NO_GOLD","seed_source_timestamp":175237296171000,"circlet_count":0,"master_deck":["AscendersBane","Strike_R","Defend_R","Defend_R","Defend_R","Defend_R","Bash+1","Whirlwind+1","Shrug It Off+1","Ghostly Armor","Spot Weakness","Whirlwind+1","Flame Barrier","Shockwave","Seeing Red","Shrug It Off","Barricade+1","Havoc+1","Feed","Battle Trance","Second Wind","Demon Form+1","Feel No Pain","Shrug It Off+1","Discovery","True Grit+1","Limit Break","Offering"],"special_seed":0,"relics":["Burning Blood","Prayer Wheel","Ice Cream","Gremlin Horn","Whetstone","Cursed Key","Omamori","Dodecahedron","Vajra","Girya","Mercury Hourglass","Coffee Dripper","Kunai","Pear","Mummified Hand","Meat on the Bone","FossilizedHelix"],"potions_floor_usage":[22,23,28,31,31,40,44,55,56,56,56],"damage_taken":[{"damage":10.0,"enemies":"2 Louse","floor":1.0,"turns":2.0},{"damage":6.0,"enemies":"Cultist","floor":4.0,"turns":3.0},{"damage":12.0,"enemies":"Jaw Worm","floor":5.0,"turns":4.0},{"damage":12.0,"enemies":"3 Sentries","floor":6.0,"turns":3.0},{"damage":6.0,"enemies":"Exordium Wildlife","floor":10.0,"turns":3.0},{"damage":0.0,"enemies":"2 Fungi Beasts","floor":13.0,"turns":3.0},{"damage":39.0,"enemies":"Gremlin Nob","floor":14.0,"turns":4.0},{"damage":23,"enemies":"Slime Boss","floor":16,"turns":5},{"damage":25,"enemies":"Chosen","floor":18,"turns":5},{"damage":9,"enemies":"2 Thieves","floor":20,"turns":3},{"damage":8,"enemies":"Cultist and Chosen","floor":22,"turns":4},{"damage":38,"enemies":"Book of Stabbing","floor":23,"turns":4},{"damage":0,"enemies":"Centurion and Healer","floor":25,"turns":3},{"damage":22,"enemies":"Shelled Parasite and Fungi","floor":28,"turns":5},{"damage":0,"enemies":"Gremlin Leader","floor":29,"turns":6},{"damage":18,"enemies":"Colosseum Slavers","floor":31,"turns":5},{"damage":7,"enemies":"Colosseum Nobs","floor":31,"turns":2},{"damage":10,"enemies":"Champ","floor":33,"turns":16},{"damage":14,"enemies":"3 Darklings","floor":35,"turns":3},{"damage":16,"enemies":"3 Shapes","floor":37,"turns":2},{"damage":0,"enemies":"Nemesis","floor":40,"turns":5},{"damage":2,"enemies":"Giant Head","floor":44,"turns":5},{"damage":0,"enemies":"Sphere and 2 Shapes","floor":47,"turns":4},{"damage":55,"enemies":"Time Eater","floor":50,"turns":7},{"damage":20,"enemies":"Donu and Deca","floor":51,"turns":6},{"damage":34,"enemies":"Shield and Spear","floor":55,"turns":3},{"damage":32,"enemies":"The Heart","floor":56,"turns":3}],"seed_played":"6550583478831459361","potions_obtained":[{"floor":4.0,"key":"Weak Potion"},{"floor":13.0,"key":"Ancient Potion"},{"floor":20,"key":"PowerPotion"},{"floor":23,"key":"EssenceOfSteel"},{"floor":25,"key":"Ancient Potion"},{"floor":28,"key":"Regen Potion"},{"floor":37,"key":"Weak Potion"},{"floor":40,"key":"AttackPotion"}],"is_trial":false,"path_per_floor":["M","?","$","M","M","E","R","?","T","M","T","R","M","E","R","B",null,"M","?","M","?","M","E","R","M","T","R","M","E","R","?","R","B",null,"M","?","M","?","?","E","R","$","T","E","?","R","M","?","R","B","B",null,"R","$","E","B"],"character_chosen":"IRONCLAD","items_purchased":["Limit Break","Pear","Offering","Regen Potion","EntropicBrew"],"campfire_rested":3,"item_purchase_floors":[42,42,42,42,54],"current_hp_per_floor":[64,64,64,64,58,52,52,52,52,52,52,52,58,25,47,30,64,45,45,42,42,40,8,30,36,36,36,20,26,26,30,53,49,71,63,63,56,56,56,62,62,72,72,81,81,81,90,89,89,52,50,79,79,79,54,22],"gold":54,"neow_bonus":"ONE_RARE_RELIC","is_prod":false,"is_daily":false,"chose_seed":false,"campfire_upgraded":5,"win_rate":0,"timestamp":1553598084,"path_taken":["M","?","$","?","M","E","R","?","T","M","?","R","M","E","R","BOSS","M","?","?","?","M","E","R","M","T","R","M","E","R","?","R","BOSS","M","?","?","?","?","E","R","$","T","E","?","R","M","?","R","BOSS","BOSS","R","$","E","BOSS"],"build_version":"2019-01-23","purchased_purges":1,"victory":false,"max_hp_per_floor":[75,75,75,75,75,75,75,75,75,75,75,75,75,75,75,75,75,75,75,75,75,75,75,75,75,75,75,75,75,75,78,78,78,78,78,78,81,81,81,81,81,91,91,91,91,91,94,89,89,89,89,89,89,89,92,92],"card_choices":[{"not_picked":["True Grit","Intimidate"],"picked":"Whirlwind","floor":1.0},{"not_picked":["Havoc","Infernal Blade"],"picked":"Shrug It Off","floor":1.0},{"not_picked":["Heavy Blade","Perfected Strike"],"picked":"Ghostly Armor","floor":4.0},{"not_picked":["Heavy Blade","Reckless Charge","Thunderclap"],"picked":"SKIP","floor":4.0},{"not_picked":["Twin Strike","Feel No Pain"],"picked":"Spot Weakness","floor":5.0},{"not_picked":["Clash","Disarm"],"picked":"Whirlwind","floor":5.0},{"not_picked":["Rage","Headbutt"],"picked":"Flame Barrier","floor":6.0},{"not_picked":["Cleave","Wild Strike"],"picked":"Shockwave","floor":10.0},{"not_picked":["Spot Weakness","Blood for Blood","Havoc"],"picked":"SKIP","floor":10.0},{"not_picked":["Reckless Charge","Whirlwind"],"picked":"Seeing Red","floor":13.0},{"not_picked":["Twin Strike","Sever Soul","Berserk"],"picked":"SKIP","floor":13.0},{"not_picked":["Headbutt","Warcry"],"picked":"Shrug It Off","floor":14.0},{"not_picked":["Dark Embrace","Exhume"],"picked":"Barricade","floor":16},{"not_picked":["Armaments","True Grit"],"picked":"Havoc+1","floor":18},{"not_picked":["Flex","Iron Wave","Rampage"],"picked":"SKIP","floor":18},{"not_picked":["Rupture","Wild Strike","Heavy Blade"],"picked":"SKIP","floor":20},{"not_picked":["Blood for Blood+1","Warcry","Cleave"],"picked":"SKIP","floor":20},{"not_picked":["Rupture","Iron Wave"],"picked":"Feed","floor":22},{"not_picked":["Clash","Sentinel"],"picked":"Battle Trance","floor":22},{"not_picked":["Rupture+1","Havoc","Sword Boomerang"],"picked":"SKIP","floor":23},{"not_picked":["Spot Weakness","Infernal Blade","Iron Wave"],"picked":"SKIP","floor":25},{"not_picked":["Battle Trance","Cleave","Sever Soul"],"picked":"SKIP","floor":25},{"not_picked":["Shrug It Off","Sever Soul+1"],"picked":"Second Wind","floor":28},{"not_picked":["Rage","Sword Boomerang","Fire Breathing"],"picked":"SKIP","floor":28},{"not_picked":["Wild Strike","Combust","Uppercut"],"picked":"SKIP","floor":29},{"not_picked":["Immolate","Barricade"],"picked":"Demon Form","floor":33},{"not_picked":["Heavy Blade+1","Wild Strike+1"],"picked":"Feel No Pain","floor":35},{"not_picked":["Armaments","Twin Strike","Dropkick"],"picked":"SKIP","floor":35},{"not_picked":["Flame Barrier","Cleave","Pommel Strike"],"picked":"SKIP","floor":37},{"not_picked":["Warcry","Twin Strike","Rage"],"picked":"SKIP","floor":37},{"not_picked":["Purity","Trip"],"picked":"Discovery","floor":38},{"not_picked":["Thunderclap","Sentinel+1"],"picked":"True Grit+1","floor":40},{"not_picked":["Heavy Blade","Havoc+1","Perfected Strike+1"],"picked":"SKIP","floor":44},{"not_picked":["Clothesline+1","Rage+1","Anger+1"],"picked":"SKIP","floor":47},{"not_picked":["Clash","Rampage","Pommel Strike"],"picked":"SKIP","floor":47},{"not_picked":["Clothesline+1","Body Slam","Infernal Blade+1"],"picked":"SKIP","floor":55}],"player_experience":2610319,"relics_obtained":[{"floor":6.0,"key":"Ice Cream"},{"floor":9.0,"key":"Gremlin Horn"},{"floor":14.0,"key":"Whetstone"},{"floor":23,"key":"Omamori"},{"floor":26,"key":"Dodecahedron"},{"floor":29,"key":"Vajra"},{"floor":31,"key":"Girya"},{"floor":31,"key":"Mercury Hourglass"},{"floor":40,"key":"Kunai"},{"floor":43,"key":"Mummified Hand"},{"floor":44,"key":"Meat on the Bone"},{"floor":55,"key":"FossilizedHelix"}],"event_choices":[{"cards_removed":["Strike_R"],"damage_healed":0.0,"max_hp_gain":0.0,"max_hp_loss":0.0,"gold_gain":0.0,"event_name":"Purifier","player_choice":"Purged","floor":2.0,"gold_loss":0.0,"damage_taken":0.0},{"cards_removed":["Strike_R"],"damage_healed":0.0,"max_hp_gain":0.0,"max_hp_loss":0.0,"gold_gain":0.0,"event_name":"Living Wall","player_choice":"Forget","floor":8.0,"gold_loss":0.0,"damage_taken":0.0},{"damage_healed":0,"gold_gain":200,"player_choice":"Gold","damage_taken":0,"max_hp_gain":0,"max_hp_loss":0,"event_name":"Wheel of Change","floor":19,"gold_loss":0},{"damage_healed":0,"gold_gain":0,"player_choice":"Ignored","damage_taken":0,"max_hp_gain":0,"max_hp_loss":0,"event_name":"The Mausoleum","floor":21,"gold_loss":0},{"damage_healed":0,"gold_gain":0,"player_choice":"Fight","damage_taken":0,"max_hp_gain":0,"max_hp_loss":0,"event_name":"Colosseum","floor":31,"gold_loss":0},{"damage_healed":0,"gold_gain":0,"player_choice":"Fought Nobs","damage_taken":0,"max_hp_gain":0,"max_hp_loss":0,"event_name":"Colosseum","floor":31,"gold_loss":0},{"damage_healed":0,"gold_gain":0,"player_choice":"Copied","damage_taken":0,"max_hp_gain":0,"max_hp_loss":0,"event_name":"Duplicator","floor":36,"gold_loss":0,"cards_obtained":["Shrug It Off"]},{"damage_healed":0,"gold_gain":0,"player_choice":"Memory 1","damage_taken":0,"max_hp_gain":0,"max_hp_loss":0,"event_name":"SensoryStone","floor":38,"gold_loss":0},{"damage_healed":0,"gold_gain":0,"player_choice":"Ignored","damage_taken":0,"max_hp_gain":0,"max_hp_loss":0,"event_name":"Tomb of Lord Red Mask","floor":39,"gold_loss":0},{"cards_removed":["Strike_R"],"damage_healed":0,"gold_gain":0,"player_choice":"Removed Attack","damage_taken":0,"max_hp_gain":0,"max_hp_loss":0,"event_name":"Falling","floor":45,"gold_loss":0},{"damage_healed":0,"gold_gain":0,"player_choice":"Max HP","damage_taken":0,"max_hp_gain":0,"max_hp_loss":5,"event_name":"Winding Halls","floor":48,"gold_loss":0}],"is_beta":false,"boss_relics":[{"not_picked":["Empty Cage","Lizard Tail"],"picked":"Cursed Key"},{"not_picked":["Eternal Feather","Runic Pyramid"],"picked":"Coffee Dripper"}],"items_purged_floors":[42],"is_endless":false,"potions_floor_spawned":[4,13,16,20,23,25,28,37,40],"killed_by":"The Heart","ascension_level":20}