{"gold_per_floor":[16,16,28,28,42,71,71,84,109,164,164,220,220,235,235,314,314,334,98,198,198,210,210,237,253,253,267,281,281,206,221,221,293,293,303,303,323,323,423,423,423,423,450,450,468,481,481,495,495,495],"floor_reached":50,"playtime":1729,"items_purged":["Strike_B"],"score":944,"play_id":"da6fe924-ed61-4675-a601-1dad40ce3615","local_time":"20190403182423","is_ascension_mode":true,"campfire_choices":[{"data":"Sunder","floor":7.0,"key":"SMITH"},{"data":"Rainbow","floor":13.0,"key":"SMITH"},{"data":"Dualcast","floor":15.0,"key":"SMITH"},{"data":"Biased Cognition","floor":23.0,"key":"SMITH"},{"data":"Capacitor","floor":29.0,"key":"SMITH"},{"data":"Buffer","floor":32.0,"key":"SMITH"},{"data":"Consume","floor":40,"key":"SMITH"},{"data":"Capacitor","floor":44,"key":"SMITH"},{"floor":47,"key":"RECALL"},{"data":"Blizzard","floor":49,"key":"SMITH"}],"neow_cost":"NO_GOLD","seed_source_timestamp":456836688335300,"circlet_count":0,"master_deck":["AscendersBane","Strike_B","Defend_B","Defend_B","Defend_B","Zap+1","Dualcast+1","Self Repair","Rainbow+1","Cold Snap","Glacier","Sunder+1","Coolheaded","Self Repair","Biased Cognition+1","Cold Snap","Capacitor+1","Coolheaded","Capacitor+1","Recycle","Gash","Buffer+1","Seek","Consume+1","White Noise","Conserve Battery+1","Blizzard+1","Hologram+1","Loop+1","Clumsy","Glacier+1"],"special_seed":0,"relics":["Cracked Core","Anchor","Bronze Scales","Tiny Chest","Matryoshka","Pear","Philosopher\u0027s Stone","Du-Vu Doll","The Courier","PreservedInsect","Cables","Letter Opener","Orrery","Ginger","Toxic Egg 2","Pen Nib"],"potions_floor_usage":[33,50,50],"damage_taken":[{"damage":2.0,"enemies":"2 Louse","floor":1.0,"turns":3.0},{"damage":0.0,"enemies":"Cultist","floor":3.0,"turns":3.0},{"damage":1.0,"enemies":"Jaw Worm","floor":5.0,"turns":4.0},{"damage":6.0,"enemies":"3 Sentries","floor":6.0,"turns":6.0},{"damage":2.0,"enemies":"2 Fungi Beasts","floor":8.0,"turns":4.0},{"damage":35.0,"enemies":"Gremlin Nob","floor":10.0,"turns":4.0},{"damage":20.0,"enemies":"Gremlin Nob","floor":12.0,"turns":5.0},{"damage":1.0,"enemies":"Looter","floor":14.0,"turns":3.0},{"damage":35.0,"enemies":"Slime Boss","floor":16.0,"turns":7.0},{"damage":9.0,"enemies":"2 Thieves","floor":18.0,"turns":4.0},{"damage":8.0,"enemies":"Colosseum Slavers","floor":20.0,"turns":3.0},{"damage":0.0,"enemies":"Colosseum Nobs","floor":20.0,"turns":6.0},{"damage":28.0,"enemies":"Chosen","floor":22.0,"turns":7.0},{"damage":15.0,"enemies":"Gremlin Leader","floor":24.0,"turns":8.0},{"damage":7.0,"enemies":"Snecko","floor":25.0,"turns":5.0},{"damage":17.0,"enemies":"Shelled Parasite and Fungi","floor":27.0,"turns":5.0},{"damage":10.0,"enemies":"Snake Plant","floor":28.0,"turns":5.0},{"damage":8.0,"enemies":"Centurion and Healer","floor":31.0,"turns":7.0},{"damage":56,"enemies":"Automaton","floor":33,"turns":12},{"damage":5,"enemies":"Orb Walker","floor":35,"turns":4},{"damage":0,"enemies":"3 Shapes","floor":37,"turns":5},{"damage":24,"enemies":"Mind Bloom Boss Battle","floor":39,"turns":7},{"damage":44,"enemies":"Spire Growth","floor":45,"turns":5},{"damage":13,"enemies":"Transient","floor":46,"turns":6},{"damage":11,"enemies":"3 Darklings","floor":48,"turns":5},{"damage":35,"enemies":"Awakened One","floor":50,"turns":3}],"seed_played":"-8521074981831320292","potions_obtained":[{"floor":3.0,"key":"Block Potion"},{"floor":5.0,"key":"Poison Potion"},{"floor":12.0,"key":"GamblersBrew"},{"floor":14.0,"key":"FearPotion"},{"floor":16.0,"key":"FearPotion"},{"floor":22.0,"key":"Poison Potion"},{"floor":27.0,"key":"Energy Potion"},{"floor":28.0,"key":"EssenceOfSteel"},{"floor":31.0,"key":"AttackPotion"},{"floor":33,"key":"FearPotion"},{"floor":46,"key":"Regen Potion"}],"is_trial":false,"path_per_floor":["M","?","M","$","M","E","R","M","T","E","T","?","R","M","R","B",null,"M","$","?","?","M","R","E","M","T","M","M","R","?","M","R","B",null,"M","?","M","?","?","R","T","?","T","R","M","M","R","M","R","B"],"character_chosen":"DEFECT","items_purchased":["Capacitor","Ancient Potion"],"campfire_rested":0,"item_purchase_floors":[19,19],"current_hp_per_floor":[69,69,71,71,71,71,71,71,71,43,43,40,40,53,53,25,67,72,72,78,78,64,64,63,70,70,67,71,71,71,77,77,35,70,79,77,77,77,67,67,67,67,67,67,37,38,38,34,34,8],"gold":495,"neow_bonus":"TRANSFORM_TWO_CARDS","is_prod":false,"is_daily":false,"chose_seed":false,"campfire_upgraded":9,"win_rate":0,"timestamp":1554283463,"path_taken":["M","?","M","$","?","E","R","M","T","E","?","?","R","M","R","BOSS","M","$","?","?","M","R","E","M","T","M","?","R","?","M","R","BOSS","M","?","M","?","?","R","?","?","T","R","?","M","R","M","R","BOSS"],"build_version":"2019-01-23","purchased_purges":1,"victory":false,"max_hp_per_floor":[71,71,71,71,71,71,71,71,71,71,71,81,81,81,81,81,81,81,81,81,81,81,81,81,81,81,81,81,81,81,81,81,81,81,81,77,77,77,77,77,77,77,77,77,77,77,77,77,77,77],"card_choices":[{"not_picked":["Coolheaded","Scrape"],"picked":"Cold Snap","floor":1.0},{"not_picked":["Barrage","Chaos"],"picked":"Glacier","floor":3.0},{"not_picked":["Go for the Eyes","Rebound"],"picked":"Sunder","floor":5.0},{"not_picked":["Steam","Aggregate","Reinforced Body"],"picked":"SKIP","floor":6.0},{"not_picked":["BootSequence","Streamline"],"picked":"Coolheaded","floor":8.0},{"not_picked":["Rebound","Coolheaded","Leap"],"picked":"SKIP","floor":10.0},{"not_picked":["Streamline","Auto Shields"],"picked":"Self Repair","floor":12.0},{"not_picked":["Streamline","Self Repair","Redo"],"picked":"SKIP","floor":14.0},{"not_picked":["Creative AI","Hyperbeam"],"picked":"Biased Cognition","floor":16.0},{"not_picked":["Steam","Sweeping Beam+1"],"picked":"Cold Snap","floor":18.0},{"not_picked":["Barrage","Redo"],"picked":"Coolheaded","floor":20.0},{"not_picked":["Melter","Rebound","Steam"],"picked":"SKIP","floor":22.0},{"not_picked":["Cold Snap","Compile Driver","Leap"],"picked":"SKIP","floor":24.0},{"not_picked":["Steam","Beam Cell+1"],"picked":"Recycle","floor":25.0},{"not_picked":["Hello World","Gash","Static Discharge"],"picked":"SKIP","floor":27.0},{"not_picked":["Go for the Eyes","Rebound","Gash"],"picked":"SKIP","floor":28.0},{"not_picked":["Go for the Eyes","Rebound"],"picked":"Gash","floor":28.0},{"not_picked":["Go for the Eyes","Reprogram+1"],"picked":"Buffer","floor":31.0},{"not_picked":["Hyperbeam","Amplify"],"picked":"Seek","floor":33},{"not_picked":["Stack","Ball Lightning"],"picked":"Consume","floor":34},{"not_picked":["Reprogram","BootSequence"],"picked":"White Noise","floor":34},{"not_picked":["Gash+1","Coolheaded"],"picked":"Conserve Battery+1","floor":34},{"not_picked":["Turbo","Capacitor"],"picked":"Blizzard","floor":35},{"not_picked":["Go for the Eyes+1","Beam Cell"],"picked":"Hologram+1","floor":37},{"not_picked":["Conserve Battery","Redo"],"picked":"Loop+1","floor":39},{"not_picked":["Barrage","Sweeping Beam","Tempest+1"],"picked":"SKIP","floor":45},{"not_picked":["Steam+1","Machine Learning","Sweeping Beam+1"],"picked":"SKIP","floor":46},{"not_picked":["Sweeping Beam","Aggregate+1"],"picked":"Glacier+1","floor":48}],"player_experience":2837633,"relics_obtained":[{"floor":6.0,"key":"Anchor"},{"floor":9.0,"key":"Bronze Scales"},{"floor":10.0,"key":"Tiny Chest"},{"floor":11.0,"key":"Matryoshka"},{"floor":12.0,"key":"Pear"},{"floor":20.0,"key":"Du-Vu Doll"},{"floor":20.0,"key":"The Courier"},{"floor":24.0,"key":"PreservedInsect"},{"floor":26.0,"key":"Cables"},{"floor":26.0,"key":"Letter Opener"},{"floor":39,"key":"Ginger"},{"floor":41,"key":"Toxic Egg 2"},{"floor":43,"key":"Pen Nib"}],"event_choices":[{"damage_healed":0.0,"max_hp_gain":0.0,"max_hp_loss":0.0,"gold_gain":0.0,"event_name":"Upgrade Shrine","player_choice":"Upgraded","floor":2.0,"gold_loss":0.0,"damage_taken":0.0,"cards_upgraded":["Zap"]},{"damage_healed":0.0,"max_hp_gain":0.0,"max_hp_loss":0.0,"gold_gain":0.0,"event_name":"Dead Adventurer","player_choice":"Searched \u00271\u0027 times","floor":12.0,"gold_loss":0.0,"damage_taken":0.0},{"damage_healed":0.0,"max_hp_gain":0.0,"max_hp_loss":0.0,"gold_gain":0.0,"event_name":"Colosseum","player_choice":"Fight","floor":20.0,"gold_loss":0.0,"damage_taken":0.0},{"damage_healed":0.0,"max_hp_gain":0.0,"max_hp_loss":0.0,"gold_gain":0.0,"event_name":"Colosseum","player_choice":"Fought Nobs","floor":20.0,"gold_loss":0.0,"damage_taken":0.0},{"damage_healed":0.0,"max_hp_gain":0.0,"max_hp_loss":0.0,"gold_gain":0.0,"event_name":"Duplicator","player_choice":"Copied","floor":21.0,"gold_loss":0.0,"damage_taken":0.0,"cards_obtained":["Capacitor"]},{"cards_removed":["Strike_B"],"damage_healed":0.0,"max_hp_gain":0.0,"max_hp_loss":0.0,"gold_gain":0.0,"event_name":"Beggar","player_choice":"Gave Gold","floor":30.0,"gold_loss":75.0,"damage_taken":0.0},{"damage_healed":0,"gold_gain":0,"player_choice":"Max HP","damage_taken":0,"max_hp_gain":0,"max_hp_loss":4,"event_name":"Winding Halls","floor":36,"gold_loss":0},{"damage_healed":0,"gold_gain":0,"player_choice":"Ignored","damage_taken":0,"max_hp_gain":0,"max_hp_loss":0,"event_name":"Tomb of Lord Red Mask","floor":38,"gold_loss":0},{"damage_healed":0,"gold_gain":0,"player_choice":"Fight","damage_taken":0,"max_hp_gain":0,"max_hp_loss":0,"event_name":"MindBloom","floor":39,"gold_loss":0},{"damage_healed":0,"gold_gain":0,"player_choice":"1 cards matched","damage_taken":0,"max_hp_gain":0,"max_hp_loss":0,"event_name":"Match and Keep!","floor":42,"gold_loss":0,"cards_obtained":["Clumsy"]}],"is_beta":false,"boss_relics":[{"not_picked":["Fusion Hammer","Empty Cage"],"picked":"Philosopher\u0027s Stone"},{"not_picked":["Nuclear Battery","Tiny House"],"picked":"Orrery"}],"items_purged_floors":[19],"is_endless":false,"potions_floor_spawned":[3,5,12,14,16,20,22,27,28,31,33,37,45,46,48],"killed_by":"Awakened One","ascension_level":20}