{"gold_per_floor":[110,124,141,106,120,120,149,33,33,33,66,76,92,121,121,121],"floor_reached":16,"playtime":467,"items_purged":[],"score":244,"play_id":"8ed3184f-5781-4011-a11a-5a79642e9330","local_time":"20190425204937","is_ascension_mode":true,"campfire_choices":[{"data":"Fiend Fire","floor":6,"key":"SMITH"},{"data":"Whirlwind","floor":15,"key":"SMITH"}],"neow_cost":"PERCENT_DAMAGE","seed_source_timestamp":291625499438500,"circlet_count":0,"master_deck":["AscendersBane","Strike_R","Strike_R","Strike_R","Strike_R","Strike_R","Defend_R","Defend_R","Defend_R","Defend_R","Bash","Fiend Fire+1","Battle Trance","Combust","Shrug It Off","Shrug It Off","Whirlwind+1","Rampage","Feel No Pain","Battle Trance","True Grit"],"relics":["Burning Blood","Calipers","Thread and Needle","Ginger","Torii"],"potions_floor_usage":[11,16,16],"damage_taken":[{"damage":0,"enemies":"Cultist","floor":1,"turns":2},{"damage":12,"enemies":"Jaw Worm","floor":2,"turns":2},{"damage":7,"enemies":"Small Slimes","floor":3,"turns":2},{"damage":8,"enemies":"Blue Slaver","floor":5,"turns":2},{"damage":19,"enemies":"Lagavulin","floor":7,"turns":7},{"damage":15,"enemies":"3 Sentries","floor":11,"turns":4},{"damage":0,"enemies":"Looter","floor":12,"turns":3},{"damage":0,"enemies":"3 Louse","floor":13,"turns":1},{"damage":16,"enemies":"Lagavulin","floor":14,"turns":6},{"damage":32,"enemies":"Hexaghost","floor":16,"turns":11}],"seed_played":"-4336316506991371836","potions_obtained":[{"floor":3,"key":"Explosive Potion"},{"floor":7,"key":"SpeedPotion"},{"floor":11,"key":"SpeedPotion"}],"is_trial":false,"path_per_floor":["M","M","M","?","M","R","E","$","T","$","E","M","M","E","R","B"],"character_chosen":"IRONCLAD","items_purchased":["Whirlwind","Rampage"],"campfire_rested":0,"item_purchase_floors":[8,8],"current_hp_per_floor":[56,50,49,67,65,65,52,52,52,52,43,49,55,45,45,13],"gold":121,"neow_bonus":"THREE_RARE_CARDS","is_prod":false,"is_daily":false,"chose_seed":false,"campfire_upgraded":2,"win_rate":0,"timestamp":1556192977,"path_taken":["M","?","M","?","M","R","E","$","T","?","E","?","?","E","R","BOSS"],"build_version":"2019-01-23","purchased_purges":0,"victory":false,"max_hp_per_floor":[75,75,75,75,75,75,75,75,75,75,75,75,75,75,75,75],"card_choices":[{"not_picked":["Dark Embrace","Brutality"],"picked":"Fiend Fire","floor":0},{"not_picked":["Cleave","Clash","Body Slam"],"picked":"SKIP","floor":1},{"not_picked":["Wild Strike","Rupture"],"picked":"Battle Trance","floor":2},{"not_picked":["Armaments","Burning Pact"],"picked":"Combust","floor":3},{"not_picked":["Clothesline","Iron Wave"],"picked":"Shrug It Off","floor":5},{"not_picked":["Fiend Fire","Flex"],"picked":"Shrug It Off","floor":7},{"not_picked":["Sever Soul","Blood for Blood","Clash"],"picked":"SKIP","floor":11},{"not_picked":["Iron Wave","Carnage"],"picked":"Feel No Pain","floor":12},{"not_picked":["Pommel Strike","Body Slam"],"picked":"Battle Trance","floor":13},{"not_picked":["Clothesline","Thunderclap"],"picked":"True Grit","floor":14}],"player_experience":3378691,"relics_obtained":[{"floor":7,"key":"Calipers"},{"floor":9,"key":"Thread and Needle"},{"floor":11,"key":"Ginger"},{"floor":14,"key":"Torii"}],"event_choices":[{"damage_healed":18,"gold_gain":0,"player_choice":"Healed","damage_taken":0,"max_hp_gain":0,"max_hp_loss":0,"event_name":"The Cleric","floor":4,"gold_loss":35}],"is_beta":false,"boss_relics":[],"items_purged_floors":[],"is_endless":false,"potions_floor_spawned":[3,7,11,13],"killed_by":"Hexaghost","ascension_level":20}