{"gold_per_floor":[112,112,262,262,276,276,304,148,148,148,160,191,209,265,265,340,340,360,25,25,25,41,75,75,104,175,205,218,243,261,78,78,154,154,167,167,167,182,182,182,208,208,208,241,241,267,267,135,135,135,135,135,135,54,84,84],"floor_reached":57,"playtime":2539,"items_purged":["Doubt","Shame"],"score":3260,"play_id":"ccd8dec9-14dd-4b8a-b037-89dcb69907e1","local_time":"20190326123959","is_ascension_mode":true,"campfire_choices":[{"data":"Zap","floor":6,"key":"SMITH"},{"data":"Self Repair","floor":10,"key":"SMITH"},{"data":"Capacitor","floor":15,"key":"SMITH"},{"floor":24,"key":"REST"},{"floor":32,"key":"DIG"},{"floor":40,"key":"RECALL"},{"floor":47,"key":"DIG"},{"floor":49,"key":"DIG"},{"floor":53,"key":"DIG"}],"neow_cost":"NONE","seed_source_timestamp":0,"circlet_count":0,"master_deck":["AscendersBane","Dualcast","Cold Snap","Undo","Ball Lightning","Self Repair+1","Heatsinks","Capacitor+1","Creative AI","Aggregate","Hologram","Machine Learning","Electrodynamics","Go for the Eyes","Creative AI","Capacitor","Creative AI","Force Field","Coolheaded","White Noise+1","Buffer","Glacier+1","Biased Cognition","Cold Snap","Heatsinks","Core Surge","Biased Cognition","Reboot","Capacitor","Cold Snap+1","Heatsinks","Echo Form"],"relics":["Cracked Core","NeowsBlessing","Dream Catcher","Pen Nib","Mummified Hand","Tiny Chest","Pandora\u0027s Box","Singing Bowl","Pantograph","Nloth\u0027s Gift","Mercury Hourglass","Potion Belt","Dodecahedron","Bird Faced Urn","Shovel","Oddly Smooth Stone","Runic Dome","Sundial","Molten Egg 2","Gremlin Horn","Ice Cream","Meat on the Bone","StoneCalendar","Bottled Flame","Gambling Chip"],"potions_floor_usage":[16,23,27,51,55,56,56],"damage_taken":[{"damage":0,"enemies":"Small Slimes","floor":1,"turns":1},{"damage":0,"enemies":"Jaw Worm","floor":5,"turns":1},{"damage":0,"enemies":"Gremlin Nob","floor":7,"turns":1},{"damage":0,"enemies":"2 Louse","floor":11,"turns":2},{"damage":12,"enemies":"Lagavulin","floor":12,"turns":8},{"damage":1,"enemies":"Blue Slaver","floor":13,"turns":3},{"damage":24,"enemies":"Gremlin Nob","floor":14,"turns":4},{"damage":36,"enemies":"Slime Boss","floor":16,"turns":10},{"damage":14,"enemies":"Shell Parasite","floor":18,"turns":4},{"damage":9,"enemies":"Spheric Guardian","floor":22,"turns":5},{"damage":25,"enemies":"Slavers","floor":23,"turns":4},{"damage":28,"enemies":"Book of Stabbing","floor":25,"turns":5},{"damage":22,"enemies":"Gremlin Leader","floor":27,"turns":5},{"damage":10,"enemies":"Snake Plant","floor":28,"turns":4},{"damage":0,"enemies":"Book of Stabbing","floor":29,"turns":5},{"damage":11,"enemies":"Sentry and Sphere","floor":30,"turns":3},{"damage":0,"enemies":"Collector","floor":33,"turns":6},{"damage":0,"enemies":"Orb Walker","floor":35,"turns":4},{"damage":11,"enemies":"3 Shapes","floor":38,"turns":3},{"damage":0,"enemies":"Nemesis","floor":41,"turns":5},{"damage":0,"enemies":"Giant Head","floor":44,"turns":6},{"damage":0,"enemies":"Reptomancer","floor":46,"turns":4},{"damage":22,"enemies":"Donu and Deca","floor":50,"turns":6},{"damage":71,"enemies":"Awakened One","floor":51,"turns":11},{"damage":7,"enemies":"Shield and Spear","floor":55,"turns":4},{"damage":48,"enemies":"The Heart","floor":56,"turns":5}],"seed_played":"-704815331747729286","potions_obtained":[{"floor":1,"key":"Block Potion"},{"floor":5,"key":"FocusPotion"},{"floor":16,"key":"LiquidBronze"},{"floor":25,"key":"Regen Potion"},{"floor":27,"key":"Block Potion"},{"floor":33,"key":"FearPotion"},{"floor":35,"key":"PowerPotion"},{"floor":46,"key":"Swift Potion"}],"is_trial":false,"path_per_floor":["M","?","?","?","M","R","E","$","T","R","M","E","M","E","R","B",null,"M","$","?","?","M","E","R","E","T","E","M","E","M","$","R","B",null,"M","?","T","M","?","R","E","?","T","E","$","E","R","$","R","B","B",null,"R","$","E","B",null],"character_chosen":"DEFECT","items_purchased":["Self Repair","Singing Bowl","Coolheaded","Heatsinks","Cold Snap+1","Heatsinks","GamblersBrew"],"campfire_rested":1,"item_purchase_floors":[8,19,19,31,48,48,54],"current_hp_per_floor":[64,64,64,38,38,38,38,38,38,38,48,46,55,41,41,15,57,53,53,53,53,54,39,60,44,44,46,72,77,77,77,77,77,77,79,79,79,81,81,81,81,77,77,77,77,77,77,77,77,77,72,76,76,76,77,77],"gold":84,"neow_bonus":"THREE_ENEMY_KILL","is_prod":false,"is_daily":false,"chose_seed":true,"campfire_upgraded":3,"win_rate":0,"timestamp":1553571599,"path_taken":["M","?","?","?","M","R","E","$","T","R","?","E","M","E","R","BOSS","M","$","?","?","M","E","R","E","T","E","?","E","M","?","R","BOSS","M","?","?","?","?","R","E","?","T","E","?","E","R","$","R","BOSS","BOSS","R","$","E","BOSS"],"build_version":"2019-01-23","purchased_purges":2,"victory":true,"max_hp_per_floor":[71,71,71,71,71,71,71,71,71,71,71,71,71,71,71,71,71,71,71,71,71,71,71,71,73,73,73,75,77,77,77,77,77,77,79,79,79,81,81,81,81,77,77,77,77,77,77,77,77,77,77,77,77,77,77,77],"card_choices":[{"not_picked":["Conserve Battery","Turbo"],"picked":"Cold Snap","floor":1},{"not_picked":["Turbo","Barrage"],"picked":"Undo","floor":5},{"not_picked":["Compile Driver","Leap"],"picked":"Ball Lightning","floor":7},{"not_picked":["Steam","White Noise"],"picked":"Heatsinks","floor":11},{"not_picked":["Turbo","Steam"],"picked":"Capacitor","floor":12},{"not_picked":["Leap","Turbo","Stack"],"picked":"SKIP","floor":13},{"not_picked":["Sweeping Beam","Stack","Darkness"],"picked":"SKIP","floor":14},{"not_picked":["Amplify","Fission"],"picked":"Creative AI","floor":16},{"not_picked":["Double Energy","Stack"],"picked":"Force Field","floor":18},{"not_picked":["Compile Driver","Coolheaded"],"picked":"White Noise+1","floor":22},{"not_picked":["Leap","Sweeping Beam"],"picked":"Buffer","floor":23},{"not_picked":["Cold Snap","Self Repair"],"picked":"Glacier+1","floor":24},{"not_picked":["Beam Cell","Stack","Tempest"],"picked":"Singing Bowl","floor":25},{"not_picked":["Conserve Battery","Go for the Eyes"],"picked":"Biased Cognition","floor":27},{"not_picked":["Leap","Go for the Eyes+1","Hologram"],"picked":"Singing Bowl","floor":28},{"not_picked":["Conserve Battery","Rebound","Multi-Cast"],"picked":"Singing Bowl","floor":29},{"not_picked":["Go for the Eyes","Doom and Gloom"],"picked":"Cold Snap","floor":30},{"not_picked":["Multi-Cast","Biased Cognition"],"picked":"Core Surge","floor":33},{"not_picked":["Gash+1","Stack","Multi-Cast"],"picked":"Singing Bowl","floor":35},{"not_picked":["Stack+1","Streamline","Beam Cell"],"picked":"Singing Bowl","floor":38},{"not_picked":["Barrage","Redo"],"picked":"Biased Cognition","floor":41},{"not_picked":["Gash+1","Go for the Eyes+1"],"picked":"Reboot","floor":44},{"not_picked":["Streamline+1","Coolheaded"],"picked":"Capacitor","floor":46},{"not_picked":["Conserve Battery","Coolheaded"],"picked":"Echo Form","floor":55}],"player_experience":2593781,"relics_obtained":[{"floor":7,"key":"Pen Nib"},{"floor":9,"key":"Mummified Hand"},{"floor":12,"key":"Ornamental Fan"},{"floor":14,"key":"Tiny Chest"},{"floor":23,"key":"Mercury Hourglass"},{"floor":25,"key":"Potion Belt"},{"floor":26,"key":"Dodecahedron"},{"floor":27,"key":"Bird Faced Urn"},{"floor":29,"key":"Shovel"},{"floor":32,"key":"Oddly Smooth Stone"},{"floor":41,"key":"Sundial"},{"floor":43,"key":"Molten Egg 2"},{"floor":44,"key":"Gremlin Horn"},{"floor":46,"key":"Ice Cream"},{"floor":47,"key":"Meat on the Bone"},{"floor":49,"key":"StoneCalendar"},{"floor":53,"key":"Bottled Flame"},{"floor":55,"key":"Gambling Chip"}],"event_choices":[{"damage_healed":0,"gold_gain":0,"player_choice":"Leave","damage_taken":0,"max_hp_gain":0,"max_hp_loss":0,"event_name":"The Cleric","floor":2,"gold_loss":0},{"damage_healed":0,"gold_gain":150,"player_choice":"AGREE","damage_taken":0,"max_hp_gain":0,"max_hp_loss":0,"event_name":"Liars Game","floor":3,"gold_loss":0,"cards_obtained":["Doubt"]},{"damage_healed":0,"gold_gain":0,"player_choice":"Success","damage_taken":26,"relics_obtained":["Dream Catcher"],"max_hp_gain":0,"max_hp_loss":0,"event_name":"Scrap Ooze","floor":4,"gold_loss":0},{"damage_healed":0,"gold_gain":0,"player_choice":"Stole Relic","damage_taken":0,"relics_obtained":["Pantograph"],"max_hp_gain":0,"max_hp_loss":0,"event_name":"Addict","floor":20,"gold_loss":0,"cards_obtained":["Shame"]},{"damage_healed":0,"gold_gain":0,"player_choice":"Traded Relic","damage_taken":0,"relics_obtained":["Nloth\u0027s Gift"],"max_hp_gain":0,"max_hp_loss":0,"event_name":"N\u0027loth","floor":21,"relics_lost":["Ornamental Fan"],"gold_loss":0},{"damage_healed":0,"gold_gain":0,"player_choice":"Ignored","damage_taken":0,"max_hp_gain":0,"max_hp_loss":0,"event_name":"Tomb of Lord Red Mask","floor":36,"gold_loss":0},{"cards_removed":["Zap"],"damage_healed":0,"gold_gain":0,"player_choice":"Removed Skill","damage_taken":0,"max_hp_gain":0,"max_hp_loss":0,"event_name":"Falling","floor":39,"gold_loss":0},{"damage_healed":0,"gold_gain":0,"player_choice":"Max HP","damage_taken":0,"max_hp_gain":0,"max_hp_loss":4,"event_name":"Winding Halls","floor":42,"gold_loss":0}],"is_beta":false,"boss_relics":[{"not_picked":["Ectoplasm","Tiny House"],"picked":"Pandora\u0027s Box"},{"not_picked":["Runic Pyramid","Astrolabe"],"picked":"Runic Dome"}],"items_purged_floors":[8,31],"is_endless":false,"potions_floor_spawned":[1,5,16,25,27,33,35,41,46],"ascension_level":20}