{"path_per_floor":["M","M","?","?","?","T","M","E","T","E","R","E","R","E","R"],"character_chosen":"THE_SILENT","items_purchased":[],"gold_per_floor":[109,125,225,225,225,277,291,319,371,401,401,436,436,466,466,466],"floor_reached":16,"campfire_rested":1,"playtime":738,"current_hp_per_floor":[63,56,56,56,56,56,56,12,12,9,9,3,24,5,5,0],"items_purged":[],"gold":466,"score":183,"play_id":"03316f00-aaa1-45c5-9f35-630e4345d4a4","local_time":"20180412180200","is_prod":false,"is_daily":false,"chose_seed":false,"is_ascension_mode":true,"campfire_upgraded":2,"timestamp":1523527320,"path_taken":["M","M","?","?","?","?","M","E","T","E","R","E","R","E","R","BOSS"],"build_version":"2018-04-11","seed_source_timestamp":1483651154156368,"purchased_purges":0,"victory":false,"master_deck":["Defend_G","Defend_G","Defend_G","Defend_G","Defend_G","Strike_G","Strike_G","Strike_G","Strike_G","Strike_G","Survivor","Neutralize+1","Cloak And Dagger","Flechettes","Backflip","A Thousand Cuts+1","Blur+1"],"max_hp_per_floor":[70,70,70,70,70,70,70,70,70,70,70,70,70,72,72,72],"relics":["White Beast Statue","Snake Skull","Vajra","Happy Flower","Centennial Puzzle","Bag of Marbles","Singing Bowl"],"card_choices":[{"not_picked":["Masterful Stab","Outmaneuver"],"picked":"Cloak And Dagger","floor":2},{"not_picked":["Prepared","Sucker Punch"],"picked":"Flechettes","floor":7},{"not_picked":["Deadly Poison","Underhanded Strike"],"picked":"Backflip","floor":8},{"not_picked":["Bane","All Out Attack"],"picked":"A Thousand Cuts","floor":10},{"not_picked":["Dagger Spray","Outmaneuver"],"picked":"Blur","floor":12}],"player_experience":277991,"potions_floor_usage":[8,8,10,10,12,16],"damage_taken":[{"damage":0,"enemies":"Small Slimes","floor":1,"turns":3},{"damage":7,"enemies":"Cultist","floor":2,"turns":5},{"damage":0,"enemies":"2 Louse","floor":7,"turns":3},{"damage":44,"enemies":"Lagavulin","floor":8,"turns":12},{"damage":3,"enemies":"3 Sentries","floor":10,"turns":9},{"damage":6,"enemies":"Lagavulin","floor":12,"turns":7},{"damage":21,"enemies":"Gremlin Nob","floor":14,"turns":4},{"damage":17,"enemies":"The Guardian","floor":16,"turns":2}],"event_choices":[{"event_name":"Golden Shrine","player_choice":"Pray","floor":3,"damage_taken":0},{"event_name":"Upgrade Shrine","player_choice":"Upgraded","floor":4,"damage_taken":0},{"event_name":"Liars Game","player_choice":"disagreed","floor":5,"damage_taken":0}],"boss_relics":[],"potions_floor_spawned":[1,2,7,8,10,12,14],"seed_played":"-5566083308315744724","killed_by":"The Guardian","ascension_level":9,"is_trial":false}