{"path_per_floor":["M","?","?","M","$","E","R","T","T","M","M","M","E","M","R","B",null,"M","$","?","?","M","R","?","E","T","$","R","M","$","?","R","B",null,"M","M","$","?","$","R","M","?","T"],"character_chosen":"IRONCLAD","items_purchased":["Fiend Fire","Shuriken","Sentinel","Strength Potion","Flex","Pen Nib"],"gold_per_floor":[111,111,286,299,66,95,95,121,148,158,168,184,216,235,235,337,337,355,34,34,34,44,44,44,74,74,26,26,44,21,21,21,125,125,143,153,9,9,9,9,23,23,50],"floor_reached":44,"campfire_rested":5,"playtime":2225,"current_hp_per_floor":[80,80,80,80,80,19,43,43,43,49,49,54,52,51,78,36,93,90,90,72,72,65,94,94,62,62,62,91,83,83,67,97,47,101,34,21,21,91,91,91,22,22,22],"items_purged":["Doubt"],"gold":50,"score":442,"play_id":"bf1f2bbf-29a5-4d73-8c6f-59400596f644","is_prod":false,"is_daily":false,"is_ascension_mode":true,"campfire_upgraded":1,"path_taken":["M","?","?","?","$","E","R","?","T","M","M","M","E","M","R","BOSS","M","$","?","?","?","R","?","E","T","$","R","M","?","?","R","BOSS","M","M","$","?","?","R","M","?","T","M"],"build_version":"2018-02-22-PROD2","purchased_purges":2,"victory":false,"master_deck":["Bash","Berserk","Infernal Blade+1","Flex","Fiend Fire","Armaments","Uppercut","Feed","Pummel","Infernal Blade+1","Limit Break","Double Tap","Havoc","Headbutt","Thunderclap","Cleave","Cleave","Sentinel","Havoc","Clothesline","Ghostly Armor","Sentinel","Cleave","Carnage","Limit Break","Flex","Dark Shackles","Feed","Seeing Red+1","Infernal Blade+1","Inflame+1"],"max_hp_per_floor":[80,80,80,80,80,80,80,80,80,80,80,80,90,93,93,93,93,93,93,98,98,98,98,98,98,98,98,98,101,101,101,101,101,101,104,104,104,91,91,91,94,94,94],"relics":["Black Blood","Vajra","Lantern","War Paint","Strawberry","Pandora\u0027s Box","Shuriken","Bag of Marbles","Torii","Blue Candle","Pen Nib","Art of War"],"card_choices":[{"not_picked":["Evolve","Cleave"],"picked":"Infernal Blade"},{"not_picked":["Sword Boomerang","Body Slam"],"picked":"Flex"},{"not_picked":["Feel No Pain","Dark Embrace"],"picked":"Armaments"},{"not_picked":["Pommel Strike","Heavy Blade"],"picked":"Uppercut"},{"not_picked":["Pommel Strike","Uppercut"],"picked":"Feed"},{"not_picked":["Flex","Battle Trance"],"picked":"Pummel"},{"not_picked":["True Grit","Clothesline"],"picked":"Infernal Blade"},{"not_picked":["Hemokinesis","Twin Strike"],"picked":"Limit Break"},{"not_picked":["Barricade","Impervious"],"picked":"Double Tap"},{"not_picked":["Metallicize","Headbutt"],"picked":"Ghostly Armor"},{"not_picked":["Heavy Blade","Iron Wave"],"picked":"Cleave"},{"not_picked":["Flex","Pommel Strike"],"picked":"Carnage"},{"not_picked":["Shrug It Off","Clash"],"picked":"Limit Break"},{"not_picked":["Juggernaut","Immolate"],"picked":"Feed"},{"not_picked":["Rampage","Cleave"],"picked":"Seeing Red"},{"not_picked":["Seeing Red","Shockwave"],"picked":"Infernal Blade"},{"not_picked":["Flame Barrier","Headbutt"],"picked":"Inflame"}],"player_experience":198673,"potions_floor_usage":[4,6,10,22,25,25,33,33,36],"damage_taken":[{"damage":5,"enemies":"Small Slimes","floor":1,"turns":3},{"damage":3,"enemies":"2 Louse","floor":4,"turns":2},{"damage":67,"enemies":"Gremlin Nob","floor":6,"turns":5},{"damage":0,"enemies":"Jaw Worm","floor":10,"turns":1},{"damage":6,"enemies":"Looter","floor":11,"turns":2},{"damage":1,"enemies":"Red Slaver","floor":12,"turns":2},{"damage":18,"enemies":"3 Sentries","floor":13,"turns":4},{"damage":10,"enemies":"Gremlin Gang","floor":14,"turns":4},{"damage":48,"enemies":"Slime Boss","floor":16,"turns":11},{"damage":9,"enemies":"Chosen","floor":18,"turns":3},{"damage":13,"enemies":"3 Byrds","floor":22,"turns":3},{"damage":38,"enemies":"Book of Stabbing","floor":25,"turns":6},{"damage":17,"enemies":"Snake Plant","floor":29,"turns":4},{"damage":56,"enemies":"Champ","floor":33,"turns":9},{"damage":80,"enemies":"3 Shapes","floor":35,"turns":5},{"damage":23,"enemies":"3 Darklings","floor":36,"turns":5},{"damage":82,"enemies":"4 Shapes","floor":41,"turns":5},{"damage":22,"enemies":"Maw","floor":44,"turns":5}],"event_choices":[{"event_name":"Living Wall","player_choice":"Grow","floor":2,"damage_taken":0},{"event_name":"Liars Game","player_choice":"agreed","floor":3,"damage_taken":0},{"event_name":"Forgotten Altar","player_choice":"Shed Blood","floor":20,"damage_taken":0},{"event_name":"Addict","player_choice":"Ignored","floor":21,"damage_taken":0},{"event_name":"The Mausoleum","player_choice":"Yes","floor":24,"damage_taken":0},{"event_name":"Knowing Skull","player_choice":"CARD ","floor":31,"damage_taken":0},{"event_name":"The Moai Head","player_choice":"Heal","floor":38,"damage_taken":0}],"boss_relics":[{"not_picked":["Runic Cube","Calling Bell"],"picked":"Pandora\u0027s Box"},{"not_picked":["Eternal Feather","Philosopher\u0027s Stone"],"picked":"Black Blood"}],"potions_floor_spawned":[1,4,6,16,18,22,29,35],"seed_played":"6919026674399695273","killed_by":"Maw","ascension_level":3,"is_trial":false}