{"gold_per_floor":[109,134,134,151,50,81,81,113,137,137,172,184,219,232,232,305,305,323,337,337],"floor_reached":20,"playtime":852,"items_purged":["Pain"],"score":454,"play_id":"ddca73b9-a478-42ff-9e06-77f31585072b","local_time":"20190225133543","is_ascension_mode":true,"campfire_choices":[{"data":"Consume","floor":7,"key":"SMITH"},{"data":"Capacitor","floor":10,"key":"SMITH"},{"data":"Zap","floor":15,"key":"SMITH"}],"neow_cost":"NONE","seed_source_timestamp":437885692563600,"circlet_count":0,"master_deck":["AscendersBane","Strike_B","Strike_B+1","Strike_B","Strike_B+1","Defend_B","Defend_B","Defend_B","Defend_B","Zap+1","Dualcast","Consume+1","Capacitor+1","Conserve Battery","Gash","Double Energy","Cold Snap","Core Surge","Chill","Melter","Conserve Battery","Undo+1"],"relics":["Cracked Core","NeowsBlessing","Blood Vial","WarpedTongs","Incense Burner","Bottled Lightning","Ancient Tea Set","DataDisk","Whetstone","Orrery"],"potions_floor_usage":[16,16,19],"damage_taken":[{"damage":0,"enemies":"Cultist","floor":1,"turns":1},{"damage":0,"enemies":"Small Slimes","floor":4,"turns":1},{"damage":0,"enemies":"Gremlin Nob","floor":6,"turns":1},{"damage":19,"enemies":"Lagavulin","floor":8,"turns":6},{"damage":29,"enemies":"3 Sentries","floor":11,"turns":9},{"damage":2,"enemies":"Jaw Worm","floor":12,"turns":5},{"damage":3,"enemies":"Lagavulin","floor":13,"turns":7},{"damage":10,"enemies":"Large Slime","floor":14,"turns":6},{"damage":23,"enemies":"The Guardian","floor":16,"turns":10},{"damage":21,"enemies":"Shell Parasite","floor":18,"turns":5},{"damage":32,"enemies":"3 Byrds","floor":19,"turns":8},{"damage":0,"enemies":"Colosseum Slavers","floor":20,"turns":1}],"seed_played":"-4252319003748766255","potions_obtained":[{"floor":1,"key":"Energy Potion"},{"floor":8,"key":"Weak Potion"},{"floor":14,"key":"Regen Potion"},{"floor":16,"key":"GamblersBrew"}],"is_trial":false,"path_per_floor":["M","T","?","M","$","E","R","E","T","R","E","M","E","M","R","B",null,"M","M","?"],"character_chosen":"DEFECT","items_purchased":["Conserve Battery"],"campfire_rested":0,"item_purchase_floors":[5],"current_hp_per_floor":[64,64,64,66,66,68,68,51,51,51,24,24,23,15,15,9,56,37,7,9],"gold":337,"neow_bonus":"THREE_ENEMY_KILL","is_prod":false,"is_daily":false,"chose_seed":false,"campfire_upgraded":3,"win_rate":0,"timestamp":1551069343,"path_taken":["M","?","?","M","$","E","R","E","T","R","E","?","E","M","R","BOSS","M","M","?"],"build_version":"2019-01-23","purchased_purges":1,"victory":false,"max_hp_per_floor":[71,71,71,71,71,71,71,71,71,71,71,71,71,71,71,71,71,71,71,71],"card_choices":[{"not_picked":["Tempest","Stack"],"picked":"Consume","floor":1},{"not_picked":["Blizzard","Auto Shields"],"picked":"Capacitor","floor":4},{"not_picked":["Skim","Redo"],"picked":"Gash","floor":6},{"not_picked":["Beam Cell","Go for the Eyes"],"picked":"Double Energy","floor":8},{"not_picked":["Multi-Cast","Rebound","Meteor Strike"],"picked":"SKIP","floor":11},{"not_picked":["Rebound","Gash"],"picked":"Cold Snap","floor":12},{"not_picked":["Tempest","Leap","Fusion"],"picked":"SKIP","floor":13},{"not_picked":["Auto Shields","Skim","Turbo"],"picked":"SKIP","floor":14},{"not_picked":["Meteor Strike","Seek"],"picked":"Core Surge","floor":16},{"not_picked":["Rebound","Heatsinks"],"picked":"Chill","floor":17},{"not_picked":["Blizzard","Ball Lightning"],"picked":"Melter","floor":17},{"not_picked":["Aggregate","Ball Lightning"],"picked":"Conserve Battery","floor":17},{"not_picked":["Doom and Gloom","Hologram","Ball Lightning+1"],"picked":"SKIP","floor":18},{"not_picked":["Barrage","Beam Cell+1"],"picked":"Undo+1","floor":19}],"player_experience":1810526,"relics_obtained":[{"floor":2,"key":"Blood Vial"},{"floor":6,"key":"Incense Burner"},{"floor":8,"key":"Bottled Lightning"},{"floor":9,"key":"Ancient Tea Set"},{"floor":11,"key":"DataDisk"},{"floor":13,"key":"Whetstone"}],"event_choices":[{"damage_healed":0,"gold_gain":0,"player_choice":"Rummage","damage_taken":0,"relics_obtained":["WarpedTongs"],"max_hp_gain":0,"max_hp_loss":0,"event_name":"Accursed Blacksmith","floor":3,"gold_loss":0,"cards_obtained":["Pain"]},{"damage_healed":0,"gold_gain":0,"player_choice":"Fight","damage_taken":0,"max_hp_gain":0,"max_hp_loss":0,"event_name":"Colosseum","floor":20,"gold_loss":0}],"is_beta":false,"boss_relics":[{"not_picked":["White Beast Statue","Nuclear Battery"],"picked":"Orrery"}],"items_purged_floors":[5],"is_endless":false,"potions_floor_spawned":[1,8,14,16],"killed_by":"Colosseum Slavers","ascension_level":20}