{"gold_per_floor":[116,79,79,98,117,149,27,27,27,82,115,115,146,146,146,225,225,236,236,250,250,262,262,282,282,282,207,220,220,190,208,208,282,282,295,308,325,325],"floor_reached":38,"playtime":1126,"items_purged":["Strike_B"],"score":838,"play_id":"862cdf4e-78fc-4122-ae64-a0f5e866210e","local_time":"20190411141926","is_ascension_mode":true,"campfire_choices":[{"data":"Loop","floor":8,"key":"SMITH"},{"floor":12,"key":"REST"},{"data":"Consume","floor":15,"key":"SMITH"},{"floor":23,"key":"REST"},{"data":"Self Repair","floor":25,"key":"SMITH"},{"data":"Capacitor","floor":29,"key":"SMITH"},{"data":"Turbo","floor":32,"key":"SMITH"}],"neow_cost":"NONE","seed_source_timestamp":389371616807400,"circlet_count":0,"master_deck":["AscendersBane","Strike_B","Strike_B","Defend_B","Defend_B","Defend_B","Defend_B","Zap","Dualcast","Ball Lightning","Doom and Gloom+1","Ball Lightning","Turbo","Conserve Battery","Consume+1","Loop+1","White Noise","Conserve Battery","Capacitor+1","Echo Form","Darkness+1","Self Repair+1","Cold Snap","Turbo+1","Conserve Battery+1","Chill","Hologram+1","Cold Snap","Chill","Redo+1","Multi-Cast","Hologram","Chill"],"relics":["Cracked Core","NeowsBlessing","Girya","Prayer Wheel","Art of War","Oddly Smooth Stone","Gremlin Horn","Runic Dome","Pantograph","Inserter"],"potions_floor_usage":[10,10,10,11,24,31,33],"damage_taken":[{"damage":0,"enemies":"Cultist","floor":1,"turns":1},{"damage":0,"enemies":"Small Slimes","floor":4,"turns":1},{"damage":0,"enemies":"2 Louse","floor":5,"turns":1},{"damage":30,"enemies":"Lagavulin","floor":6,"turns":4},{"damage":38,"enemies":"Gremlin Nob","floor":10,"turns":4},{"damage":4,"enemies":"Gremlin Nob","floor":11,"turns":3},{"damage":20,"enemies":"Lagavulin","floor":13,"turns":5},{"damage":18,"enemies":"Hexaghost","floor":16,"turns":6},{"damage":28,"enemies":"2 Thieves","floor":18,"turns":4},{"damage":3,"enemies":"Spheric Guardian","floor":20,"turns":3},{"damage":22,"enemies":"Centurion and Healer","floor":22,"turns":7},{"damage":19,"enemies":"Chosen and Byrds","floor":24,"turns":7},{"damage":22,"enemies":"Snake Plant","floor":28,"turns":4},{"damage":0,"enemies":"Snecko","floor":31,"turns":6},{"damage":7,"enemies":"Champ","floor":33,"turns":11},{"damage":43,"enemies":"3 Shapes","floor":35,"turns":5},{"damage":23,"enemies":"3 Darklings","floor":36,"turns":5},{"damage":26,"enemies":"Maw","floor":37,"turns":8},{"damage":46,"enemies":"Spire Growth","floor":38,"turns":7}],"seed_played":"3230838071805852558","potions_obtained":[{"floor":1,"key":"Dexterity Potion"},{"floor":5,"key":"EntropicBrew"},{"floor":18,"key":"Explosive Potion"},{"floor":22,"key":"Strength Potion"},{"floor":30,"key":"FairyPotion"},{"floor":30,"key":"Regen Potion"},{"floor":31,"key":"Poison Potion"},{"floor":33,"key":"Fruit Juice"}],"is_trial":false,"path_per_floor":["M","$","?","M","M","E","$","R","T","?","E","R","E","?","R","B",null,"M","?","M","?","M","R","M","R","T","$","M","R","?","M","R","B",null,"M","M","M","M"],"character_chosen":"DEFECT","items_purchased":["Doom and Gloom","Consume","Loop"],"campfire_rested":2,"item_purchase_floors":[2,7,7],"current_hp_per_floor":[64,64,64,64,64,34,34,34,34,5,1,22,2,25,25,7,55,27,27,24,24,16,37,25,25,25,25,23,23,23,47,47,76,76,43,40,34,0],"gold":325,"neow_bonus":"THREE_ENEMY_KILL","is_prod":false,"is_daily":false,"chose_seed":false,"campfire_upgraded":5,"win_rate":0,"timestamp":1554959966,"path_taken":["M","?","?","?","M","E","$","R","T","?","E","R","E","?","R","BOSS","M","?","M","?","M","R","M","R","T","$","?","R","?","?","R","BOSS","M","?","M","M"],"build_version":"2019-01-23","purchased_purges":1,"victory":false,"max_hp_per_floor":[71,71,71,71,71,71,71,71,71,71,71,71,71,71,71,71,71,71,71,71,71,71,71,71,71,71,71,71,71,71,71,71,76,76,76,76,76,76],"card_choices":[{"not_picked":["Hello World","Turbo"],"picked":"Ball Lightning","floor":1},{"not_picked":["FTL","Genetic Algorithm"],"picked":"Ball Lightning","floor":4},{"not_picked":["Compile Driver","Go for the Eyes"],"picked":"Turbo","floor":5},{"not_picked":["Stack","Blizzard"],"picked":"Conserve Battery","floor":6},{"not_picked":["Static Discharge","FTL"],"picked":"White Noise","floor":10},{"not_picked":["Gash","Streamline"],"picked":"Conserve Battery","floor":11},{"not_picked":["Reinforced Body","Barrage"],"picked":"Capacitor","floor":13},{"not_picked":["Amplify","Thunder Strike"],"picked":"Echo Form","floor":16},{"not_picked":["Compile Driver","Rebound"],"picked":"Darkness+1","floor":18},{"not_picked":["Redo+1","Sunder","Scrape"],"picked":"SKIP","floor":18},{"not_picked":["Heatsinks","Sweeping Beam"],"picked":"Self Repair","floor":20},{"not_picked":["Consume","Capacitor"],"picked":"Cold Snap","floor":20},{"not_picked":["Leap","Reprogram"],"picked":"Conserve Battery+1","floor":22},{"not_picked":["Rebound","Amplify"],"picked":"Chill","floor":22},{"not_picked":["Barrage","BootSequence"],"picked":"Hologram+1","floor":24},{"not_picked":["Gash","Undo"],"picked":"Cold Snap","floor":24},{"not_picked":["Conserve Battery","Tempest","Double Energy"],"picked":"SKIP","floor":28},{"not_picked":["Conserve Battery","Lockon","Auto Shields"],"picked":"SKIP","floor":28},{"not_picked":["Go for the Eyes+1","Fusion"],"picked":"Chill","floor":31},{"not_picked":["Conserve Battery","Cold Snap"],"picked":"Redo+1","floor":31},{"not_picked":["Machine Learning","Thunder Strike"],"picked":"Multi-Cast","floor":33},{"not_picked":["Ball Lightning","Rebound"],"picked":"Hologram","floor":35},{"not_picked":["Genetic Algorithm","Turbo"],"picked":"Chill","floor":35},{"not_picked":["Force Field","Turbo","Hologram+1"],"picked":"SKIP","floor":36},{"not_picked":["Streamline","Scrape+1","Ball Lightning+1"],"picked":"SKIP","floor":36},{"not_picked":["Hologram","Stack","Steam Power"],"picked":"SKIP","floor":37},{"not_picked":["Reprogram","Rebound+1","Tempest"],"picked":"SKIP","floor":37}],"player_experience":3053424,"relics_obtained":[{"floor":6,"key":"Girya"},{"floor":9,"key":"Prayer Wheel"},{"floor":10,"key":"Art of War"},{"floor":11,"key":"Oddly Smooth Stone"},{"floor":13,"key":"Gremlin Horn"},{"floor":26,"key":"Pantograph"}],"event_choices":[{"damage_healed":0,"gold_gain":0,"player_choice":"Upgraded","damage_taken":0,"max_hp_gain":0,"max_hp_loss":0,"event_name":"Upgrade Shrine","floor":3,"gold_loss":0,"cards_upgraded":["Doom and Gloom"]},{"damage_healed":0,"gold_gain":30,"player_choice":"Searched \u00272\u0027 times","damage_taken":0,"max_hp_gain":0,"max_hp_loss":0,"event_name":"Dead Adventurer","floor":10,"gold_loss":0},{"damage_healed":23,"gold_gain":0,"player_choice":"Banana","damage_taken":0,"max_hp_gain":0,"max_hp_loss":0,"event_name":"Big Fish","floor":14,"gold_loss":0},{"damage_healed":0,"gold_gain":0,"player_choice":"Ignored","damage_taken":0,"max_hp_gain":0,"max_hp_loss":0,"event_name":"The Mausoleum","floor":19,"gold_loss":0},{"damage_healed":0,"gold_gain":0,"cards_transformed":["Strike_B"],"player_choice":"Transformed","damage_taken":0,"max_hp_gain":0,"max_hp_loss":0,"event_name":"Transmorgrifier","floor":21,"gold_loss":0,"cards_obtained":["Turbo"]},{"damage_healed":0,"gold_gain":0,"player_choice":"Bought 2 Potions","damage_taken":0,"max_hp_gain":0,"max_hp_loss":0,"event_name":"The Woman in Blue","floor":30,"gold_loss":0}],"is_beta":false,"boss_relics":[{"not_picked":["Eternal Feather","Fusion Hammer"],"picked":"Runic Dome"},{"not_picked":["Snecko Eye","Cursed Key"],"picked":"Inserter"}],"items_purged_floors":[27],"is_endless":false,"potions_floor_spawned":[1,5,6,18,22,31,33],"killed_by":"Spire Growth","ascension_level":20}