{"gold_per_floor":[115,265,282,10,10,10,36,36,36,55,67,92,92,120,120,195,195,211,211,211,211],"floor_reached":21,"playtime":623,"items_purged":["Doubt"],"score":590,"play_id":"cb04fd62-8193-40fb-9ebb-2d972c910a83","local_time":"20190327130749","is_ascension_mode":true,"campfire_choices":[{"data":"Carnage","floor":6,"key":"SMITH"},{"data":"Whirlwind","floor":8,"key":"SMITH"},{"data":"Armaments","floor":13,"key":"SMITH"},{"data":"Pain","floor":15,"key":"PURGE"}],"neow_cost":"NONE","seed_source_timestamp":38123150867100,"circlet_count":0,"master_deck":["AscendersBane","Strike_R","Strike_R","Strike_R","Strike_R","Strike_R","Defend_R","Defend_R","Defend_R","Defend_R","Bash","Armaments+1","Carnage+1","Whirlwind+1","True Grit","Disarm","Disarm","Disarm","Barricade","Ghostly","Ghostly","Ghostly"],"relics":["Burning Blood","NeowsBlessing","WarpedTongs","Lantern","FossilizedHelix","Blue Candle","Peace Pipe","Sozu"],"potions_floor_usage":[16,21,21],"damage_taken":[{"damage":0,"enemies":"Jaw Worm","floor":1,"turns":1},{"damage":0,"enemies":"Small Slimes","floor":3,"turns":1},{"damage":1,"enemies":"3 Sentries","floor":7,"turns":2},{"damage":10,"enemies":"Cultist","floor":10,"turns":4},{"damage":10,"enemies":"Lots of Slimes","floor":11,"turns":3},{"damage":32,"enemies":"Lagavulin","floor":12,"turns":8},{"damage":1,"enemies":"3 Sentries","floor":14,"turns":4},{"damage":0,"enemies":"Hexaghost","floor":16,"turns":9},{"damage":38,"enemies":"Spheric Guardian","floor":18,"turns":6},{"damage":13,"enemies":"Colosseum Slavers","floor":21,"turns":6},{"damage":21,"enemies":"Colosseum Nobs","floor":21,"turns":6}],"seed_played":"-2597770207276711666","potions_obtained":[{"floor":3,"key":"PowerPotion"},{"floor":16,"key":"SteroidPotion"}],"is_trial":false,"path_per_floor":["M","?","M","$","?","R","E","R","T","M","M","E","R","E","R","B",null,"M","?","?","?"],"character_chosen":"IRONCLAD","items_purchased":["Whirlwind","True Grit","AttackPotion"],"campfire_rested":0,"item_purchase_floors":[4,4,4],"current_hp_per_floor":[74,74,75,75,75,75,75,75,75,71,67,41,41,46,46,52,69,37,37,37,9],"gold":211,"neow_bonus":"THREE_ENEMY_KILL","is_prod":false,"is_daily":false,"chose_seed":false,"campfire_upgraded":3,"win_rate":0,"timestamp":1553659669,"path_taken":["M","?","M","$","?","R","E","R","T","?","?","E","R","E","R","BOSS","M","?","?","?"],"build_version":"2019-01-23","purchased_purges":1,"victory":false,"max_hp_per_floor":[75,75,75,75,75,75,75,75,75,75,75,75,75,75,75,75,75,75,75,37,37],"card_choices":[{"not_picked":["Clash","Body Slam"],"picked":"Armaments","floor":1},{"not_picked":["Twin Strike","Pommel Strike"],"picked":"Carnage","floor":3},{"not_picked":["Combust","Iron Wave"],"picked":"Disarm","floor":7},{"not_picked":["Perfected Strike","Rupture","Dual Wield"],"picked":"SKIP","floor":10},{"not_picked":["Clash","Sentinel","Body Slam"],"picked":"SKIP","floor":11},{"not_picked":["Power Through","Ghostly Armor"],"picked":"Disarm","floor":12},{"not_picked":["Warcry","Iron Wave"],"picked":"Disarm","floor":14},{"not_picked":["Fiend Fire","Reaper"],"picked":"Barricade","floor":16},{"not_picked":["Metallicize","Havoc","Headbutt"],"picked":"SKIP","floor":18}],"player_experience":2626453,"relics_obtained":[{"floor":7,"key":"Lantern"},{"floor":9,"key":"FossilizedHelix"},{"floor":12,"key":"Blue Candle"},{"floor":14,"key":"Peace Pipe"}],"event_choices":[{"damage_healed":0,"gold_gain":150,"player_choice":"AGREE","damage_taken":0,"max_hp_gain":0,"max_hp_loss":0,"event_name":"Liars Game","floor":2,"gold_loss":0,"cards_obtained":["Doubt"]},{"damage_healed":0,"gold_gain":0,"player_choice":"Rummage","damage_taken":0,"relics_obtained":["WarpedTongs"],"max_hp_gain":0,"max_hp_loss":0,"event_name":"Accursed Blacksmith","floor":5,"gold_loss":0,"cards_obtained":["Pain"]},{"damage_healed":0,"gold_gain":0,"player_choice":"Ignored","damage_taken":0,"max_hp_gain":0,"max_hp_loss":0,"event_name":"The Mausoleum","floor":19,"gold_loss":0},{"damage_healed":0,"gold_gain":0,"player_choice":"Became a Ghost","damage_taken":0,"max_hp_gain":0,"max_hp_loss":38,"event_name":"Ghosts","floor":20,"gold_loss":0,"cards_obtained":["Ghostly","Ghostly","Ghostly"]},{"damage_healed":0,"gold_gain":0,"player_choice":"Fight","damage_taken":0,"max_hp_gain":0,"max_hp_loss":0,"event_name":"Colosseum","floor":21,"gold_loss":0},{"damage_healed":0,"gold_gain":0,"player_choice":"Fought Nobs","damage_taken":0,"max_hp_gain":0,"max_hp_loss":0,"event_name":"Colosseum","floor":21,"gold_loss":0}],"is_beta":false,"boss_relics":[{"not_picked":["Tiny House","Black Star"],"picked":"Sozu"}],"items_purged_floors":[4],"is_endless":false,"potions_floor_spawned":[3,12,16,18,21],"killed_by":"Colosseum Nobs","ascension_level":20}