{"gold_per_floor":[116,127,127,127,138,138,167,186,235,235,235,252,252,252,252,326,326,340,340,360,377,390,410,14,14,67,67,67,67],"floor_reached":29,"playtime":1245,"items_purged":["Strike_R"],"score":475,"play_id":"b112a867-bb99-4911-9867-5655912df6a4","local_time":"20190411124728","is_ascension_mode":true,"campfire_choices":[{"data":"Carnage","floor":6,"key":"SMITH"},{"data":"Bash","floor":11,"key":"SMITH"},{"data":"True Grit","floor":13,"key":"SMITH"},{"floor":15,"key":"REST"},{"data":"Armaments","floor":25,"key":"SMITH"},{"data":"Entrench","floor":28,"key":"SMITH"}],"neow_cost":"NONE","seed_source_timestamp":383734684071800,"circlet_count":0,"master_deck":["AscendersBane","Strike_R","Strike_R+1","Defend_R+1","Defend_R","Defend_R+1","Defend_R+1","Bash+1","Spot Weakness","Carnage+1","Feed","True Grit+1","Offering","Entrench+1","Dual Wield","Armaments+1","Burning Pact","Body Slam","Shrug It Off"],"relics":["Burning Blood","NeowsBlessing","War Paint","Sundial","Runic Pyramid","Mummified Hand"],"potions_floor_usage":[7,8,16,23,23],"damage_taken":[{"damage":0,"enemies":"Cultist","floor":1,"turns":1},{"damage":0,"enemies":"Small Slimes","floor":2,"turns":1},{"damage":0,"enemies":"Jaw Worm","floor":5,"turns":1},{"damage":30,"enemies":"3 Sentries","floor":7,"turns":8},{"damage":13,"enemies":"Large Slime","floor":8,"turns":4},{"damage":5,"enemies":"Blue Slaver","floor":12,"turns":2},{"damage":18,"enemies":"The Guardian","floor":16,"turns":15},{"damage":6,"enemies":"Spheric Guardian","floor":18,"turns":3},{"damage":16,"enemies":"Colosseum Slavers","floor":19,"turns":5},{"damage":10,"enemies":"Chosen","floor":20,"turns":3},{"damage":21,"enemies":"Snake Plant","floor":21,"turns":3},{"damage":10,"enemies":"Snecko","floor":22,"turns":5},{"damage":6,"enemies":"Cultist and Chosen","floor":23,"turns":14},{"damage":55,"enemies":"Book of Stabbing","floor":29,"turns":7}],"seed_played":"-4618230555568199978","potions_obtained":[{"floor":1,"key":"AttackPotion"},{"floor":2,"key":"SpeedPotion"},{"floor":7,"key":"Poison Potion"},{"floor":16,"key":"PowerPotion"},{"floor":18,"key":"Ancient Potion"},{"floor":21,"key":"PowerPotion"}],"is_trial":false,"path_per_floor":["M","M","?","$","M","R","E","M","T","?","R","M","R","T","R","B",null,"M","?","M","M","M","M","$","R","T","?","R","E"],"character_chosen":"IRONCLAD","items_purchased":["Mummified Hand","Shrug It Off"],"campfire_rested":1,"item_purchase_floors":[24,24],"current_hp_per_floor":[74,75,75,75,75,75,51,44,44,21,21,25,25,25,48,36,68,71,64,63,51,51,55,55,55,55,55,55,0],"gold":67,"neow_bonus":"THREE_ENEMY_KILL","is_prod":false,"is_daily":false,"chose_seed":false,"campfire_upgraded":5,"win_rate":0,"timestamp":1554954448,"path_taken":["M","M","?","?","?","R","E","M","T","?","R","M","R","?","R","BOSS","M","?","M","M","M","M","$","R","T","?","R","E"],"build_version":"2019-01-23","purchased_purges":1,"victory":false,"max_hp_per_floor":[75,75,75,75,75,75,75,75,75,75,75,78,78,78,78,78,78,81,84,87,90,94,98,98,98,98,98,98,98],"card_choices":[{"not_picked":["Warcry","Blood for Blood"],"picked":"Spot Weakness","floor":1},{"not_picked":["Rage","Headbutt"],"picked":"Carnage","floor":2},{"not_picked":["Clash","Body Slam","Burning Pact"],"picked":"SKIP","floor":5},{"not_picked":["Twin Strike","Thunderclap","Heavy Blade"],"picked":"SKIP","floor":7},{"not_picked":["Twin Strike","Thunderclap","Heavy Blade"],"picked":"SKIP","floor":7},{"not_picked":["Armaments","Clash"],"picked":"Feed","floor":8},{"not_picked":["Metallicize","Power Through"],"picked":"True Grit","floor":12},{"not_picked":["Immolate","Impervious"],"picked":"Offering","floor":16},{"not_picked":["Clothesline+1","Heavy Blade"],"picked":"Entrench","floor":18},{"not_picked":["Searing Blow","Twin Strike"],"picked":"Dual Wield","floor":20},{"not_picked":["Sword Boomerang","Headbutt+1"],"picked":"Armaments","floor":21},{"not_picked":["Fire Breathing","Havoc+1"],"picked":"Burning Pact","floor":22},{"not_picked":["Combust","Intimidate+1"],"picked":"Body Slam","floor":23}],"player_experience":3047916,"relics_obtained":[{"floor":9,"key":"War Paint"},{"floor":14,"key":"Sundial"}],"event_choices":[{"cards_removed":["Strike_R"],"damage_healed":0,"gold_gain":0,"player_choice":"Offered Basic","damage_taken":0,"max_hp_gain":0,"max_hp_loss":0,"event_name":"Bonfire Elementals","floor":3,"gold_loss":0},{"damage_healed":0,"gold_gain":0,"player_choice":"Entered Light","damage_taken":23,"max_hp_gain":0,"max_hp_loss":0,"event_name":"Shining Light","floor":10,"gold_loss":0,"cards_upgraded":["Defend_R","Strike_R"]},{"damage_healed":0,"gold_gain":0,"player_choice":"Fight","damage_taken":0,"max_hp_gain":0,"max_hp_loss":0,"event_name":"Colosseum","floor":19,"gold_loss":0},{"damage_healed":0,"gold_gain":0,"player_choice":"Fled From Nobs","damage_taken":0,"max_hp_gain":0,"max_hp_loss":0,"event_name":"Colosseum","floor":19,"gold_loss":0},{"cards_removed":["Strike_R"],"damage_healed":0,"gold_gain":0,"player_choice":"Elegance","damage_taken":0,"max_hp_gain":0,"max_hp_loss":0,"event_name":"Back to Basics","floor":27,"gold_loss":0}],"is_beta":false,"boss_relics":[{"not_picked":["Runic Cube","Eternal Feather"],"picked":"Runic Pyramid"}],"items_purged_floors":[24],"is_endless":false,"potions_floor_spawned":[1,2,7,16,18,19,21],"killed_by":"Book of Stabbing","ascension_level":20}