{"path_per_floor":["M","M","M","M","M","E","R","E","T","M","R","?","R","E","R","B",null,"M","?","?","M","M","E","R","E","T","$","E","?","R","?","R","B",null,"M","?","M","$","M","E","R","E","T","R","?","?","M","M","R","B"],"character_chosen":"IRONCLAD","items_purchased":["Shuriken","Panache"],"gold_per_floor":[19,33,45,60,71,98,98,132,155,172,172,172,172,207,207,337,337,355,280,195,209,228,268,268,311,311,64,102,102,102,102,102,225,225,243,243,258,48,73,109,109,144,192,192,0,0,25,38,38,38],"floor_reached":51,"campfire_rested":0,"playtime":2716,"current_hp_per_floor":[80,80,80,76,80,66,66,62,62,61,61,41,41,47,47,36,80,79,79,79,75,67,71,71,53,53,53,55,39,39,39,39,70,80,80,80,62,62,68,74,74,77,77,77,77,67,69,77,77,84],"items_purged":[],"gold":38,"score":1051,"play_id":"65e40fef-8fa6-43d3-8b84-8ac9fae9785d","local_time":"20180303125511","is_prod":false,"is_daily":false,"is_ascension_mode":true,"campfire_upgraded":9,"timestamp":1520052911,"path_taken":["M","M","M","M","M","E","R","E","T","M","R","?","R","E","R","BOSS","M","?","?","M","M","E","R","E","T","?","E","?","R","?","R","BOSS","M","?","M","$","M","E","R","E","T","R","?","?","M","M","R","BOSS"],"build_version":"2018-03-02-BETA2","purchased_purges":0,"victory":true,"master_deck":["Strike_R","Defend_R","Defend_R","Defend_R","Bash+1","Intimidate","Flex+1","Clash+1","Clash+1","Metallicize+1","Corruption+1","Clash+1","Ghostly Armor","Clash+1","Flame Barrier+1","Dark Embrace+1","Havoc+1","Thunderclap","Dual Wield+1","Offering","Flex+1","Panache+1","Body Slam+1","Madness","Madness"],"max_hp_per_floor":[80,80,80,80,80,80,80,80,80,80,80,80,80,80,80,80,80,80,80,80,80,80,80,80,80,80,80,80,80,80,80,80,80,80,80,80,80,80,80,80,80,80,80,80,80,80,82,84,84,84],"relics":["Black Blood","Omamori","Unceasing Top","Oddly Smooth Stone","Golden Idol","Bag of Preparation","White Beast Statue","Juzu Bracelet","Pantograph","War Paint","Red Skull","Shuriken","Ice Cream","Necronomicon","Dream Catcher","Shovel","Singing Bowl","Red Mask","Bronze Scales"],"card_choices":[{"not_picked":["Sentinel","Shrug It Off"],"picked":"Clash"},{"not_picked":["Perfected Strike","Flex"],"picked":"Clash"},{"not_picked":["Fiend Fire","Sword Boomerang"],"picked":"Metallicize"},{"not_picked":["Wild Strike","Perfected Strike"],"picked":"Corruption"},{"not_picked":["Twin Strike","Iron Wave"],"picked":"Clash"},{"not_picked":["Warcry","Pummel"],"picked":"Ghostly Armor"},{"not_picked":["Burning Pact","Twin Strike"],"picked":"Clash"},{"not_picked":["Flex","Iron Wave"],"picked":"Flame Barrier"},{"not_picked":["Impervious","Juggernaut"],"picked":"Dark Embrace"},{"not_picked":["Wild Strike","Perfected Strike"],"picked":"Havoc"},{"not_picked":["Flame Barrier","Evolve"],"picked":"Thunderclap"},{"not_picked":["Shrug It Off","Dark Embrace"],"picked":"Dual Wield"},{"not_picked":["Fiend Fire","Juggernaut"],"picked":"Offering"},{"not_picked":["Clothesline","Havoc"],"picked":"Flex"},{"not_picked":["Juggernaut","Heavy Blade"],"picked":"Body Slam"}],"player_experience":127325,"potions_floor_usage":[18,23,25,28,42,50,50,50],"damage_taken":[{"damage":1,"enemies":"Small Slimes","floor":1,"turns":3},{"damage":3,"enemies":"2 Louse","floor":2,"turns":2},{"damage":4,"enemies":"Jaw Worm","floor":3,"turns":2},{"damage":10,"enemies":"Blue Slaver","floor":4,"turns":3},{"damage":2,"enemies":"2 Fungi Beasts","floor":5,"turns":3},{"damage":20,"enemies":"Gremlin Nob","floor":6,"turns":4},{"damage":10,"enemies":"Lagavulin","floor":8,"turns":4},{"damage":7,"enemies":"Large Slime","floor":10,"turns":2},{"damage":0,"enemies":"Gremlin Nob","floor":14,"turns":3},{"damage":17,"enemies":"Hexaghost","floor":16,"turns":4},{"damage":7,"enemies":"2 Thieves","floor":18,"turns":3},{"damage":10,"enemies":"3 Byrds","floor":21,"turns":3},{"damage":14,"enemies":"Snake Plant","floor":22,"turns":3},{"damage":14,"enemies":"Book of Stabbing","floor":23,"turns":5},{"damage":24,"enemies":"Slavers","floor":25,"turns":5},{"damage":13,"enemies":"Gremlin Leader","floor":28,"turns":4},{"damage":0,"enemies":"Collector","floor":33,"turns":4},{"damage":4,"enemies":"3 Darklings","floor":35,"turns":2},{"damage":28,"enemies":"Flame Bruiser 1 Orb","floor":37,"turns":3},{"damage":4,"enemies":"Spire Growth","floor":39,"turns":2},{"damage":4,"enemies":"Giant Head","floor":40,"turns":2},{"damage":7,"enemies":"2 Orb Walkers","floor":42,"turns":3},{"damage":10,"enemies":"Sphere and 2 Shapes","floor":47,"turns":4},{"damage":4,"enemies":"3 Darklings","floor":48,"turns":1},{"damage":8,"enemies":"Time Eater","floor":50,"turns":5}],"event_choices":[{"event_name":"Golden Idol","player_choice":"Take Damage","floor":12,"damage_taken":0},{"event_name":"Beggar","player_choice":"Gave Gold","floor":19,"damage_taken":0},{"event_name":"Addict","player_choice":"Obtained Relic","floor":20,"damage_taken":0},{"event_name":"Cursed Tome","player_choice":"Obtained Book","floor":29,"damage_taken":0},{"event_name":"Back to Basics","player_choice":"Elegance","floor":31,"damage_taken":0},{"event_name":"Tomb of Lord Red Mask","player_choice":"Paid","floor":45,"damage_taken":0},{"event_name":"Winding Halls","player_choice":"Embrace Madness","floor":46,"damage_taken":0}],"boss_relics":[{"not_picked":["Eternal Feather","Runic Pyramid"],"picked":"White Beast Statue"},{"not_picked":["Snecko Eye","Runic Cube"],"picked":"Black Blood"}],"potions_floor_spawned":[1,5,6,10,18,21,22,23,25,28,33,35,37,39,40,42,47,48],"seed_played":"-5875243241400750711","ascension_level":4,"is_trial":false}