{"gold_per_floor":[366,291,303,315,325,325,338,373,373,387,404,6,6,24,24,24],"floor_reached":16,"playtime":879,"items_purged":["Defend_R","Defend_R"],"score":106,"play_id":"5e27584d-ac38-4e92-825b-0390e5ff8936","local_time":"20180814134240","is_ascension_mode":false,"campfire_choices":[{"floor":15,"key":"REST"}],"neow_cost":"TEN_PERCENT_HP_LOSS","seed_source_timestamp":1966918286894338,"circlet_count":0,"master_deck":["Strike_R","Strike_R","Strike_R","Strike_R","Defend_R","Defend_R","Bash","Flex","Clash","Finesse","Panache","Clash"],"relics":["Burning Blood","Singing Bowl","Pear"],"potions_floor_usage":[4,5,8,11],"damage_taken":[{"damage":6,"enemies":"Cultist","floor":1,"turns":3},{"damage":6,"enemies":"Jaw Worm","floor":3,"turns":3},{"damage":0,"enemies":"Small Slimes","floor":4,"turns":3},{"damage":0,"enemies":"3 Louse","floor":5,"turns":1},{"damage":16,"enemies":"Blue Slaver","floor":7,"turns":4},{"damage":39,"enemies":"3 Sentries","floor":8,"turns":13},{"damage":12,"enemies":"Lots of Slimes","floor":10,"turns":7},{"damage":3,"enemies":"Exordium Wildlife","floor":11,"turns":4},{"damage":14,"enemies":"Blue Slaver","floor":14,"turns":3},{"damage":40,"enemies":"Hexaghost","floor":16,"turns":7}],"seed_played":"-7039650770721409206","potions_obtained":[{"floor":3,"key":"Fruit Juice"},{"floor":4,"key":"Explosive Potion"},{"floor":5,"key":"SkillPotion"},{"floor":10,"key":"SkillPotion"}],"is_trial":false,"path_per_floor":["M","$","M","M","M","?","M","E","T","M","M","$","?","M","R"],"character_chosen":"IRONCLAD","items_purchased":["Finesse","Panache"],"campfire_rested":1,"item_purchase_floors":[12,12],"current_hp_per_floor":[72,72,72,77,77,70,60,29,39,35,38,38,20,12,39,0],"gold":24,"neow_bonus":"TWO_FIFTY_GOLD","is_prod":false,"is_daily":false,"chose_seed":false,"campfire_upgraded":0,"win_rate":0,"timestamp":1534243360,"path_taken":["M","$","M","?","M","?","?","E","T","M","M","$","?","M","R","BOSS"],"build_version":"2018-08-09","purchased_purges":2,"victory":false,"max_hp_per_floor":[72,72,72,77,77,77,77,79,89,91,91,91,91,91,91,91],"card_choices":[{"not_picked":["Headbutt","Metallicize","Sentinel"],"picked":"SKIP","floor":1},{"not_picked":["Metallicize","Heavy Blade","Clothesline"],"picked":"SKIP","floor":3},{"not_picked":["Burning Pact","Thunderclap","True Grit"],"picked":"SKIP","floor":4},{"not_picked":["Wild Strike","Sword Boomerang"],"picked":"Flex","floor":5},{"not_picked":["Sever Soul","Iron Wave","Rampage"],"picked":"SKIP","floor":7},{"not_picked":["Feed","Blood for Blood","Juggernaut"],"picked":"Singing Bowl","floor":8},{"not_picked":["Iron Wave","True Grit","Pommel Strike"],"picked":"Singing Bowl","floor":10},{"not_picked":["Warcry","Headbutt"],"picked":"Clash","floor":11},{"not_picked":["Twin Strike","Iron Wave"],"picked":"Clash","floor":14}],"player_experience":639440,"relics_obtained":[{"floor":8,"key":"Singing Bowl"},{"floor":9,"key":"Pear"}],"event_choices":[{"event_name":"Golden Wing","player_choice":"Card Removal","floor":6,"damage_taken":0},{"event_name":"Scrap Ooze","player_choice":"unsuccessful","floor":13,"damage_taken":18}],"is_beta":false,"boss_relics":[],"items_purged_floors":[2,12],"is_endless":false,"potions_floor_spawned":[3,4,5,10],"killed_by":"Hexaghost","ascension_level":0}