{"gold_per_floor":[12,12,12,29,29,60,20,20,74,94,94,94,138,138,138,232,232,257,257,382,398,68,102,102,117,117,117,38,38,61,100,100,199,199,217,232,232,232,251,251,287,287,287,303,77,100,131,151,151,151,151,151,151,40,83,83],"floor_reached":57,"playtime":2360,"items_purged":["Strike_R"],"score":3262,"play_id":"250fc276-3694-4ecb-a91f-9ab2003fb2f4","local_time":"20190331003832","is_ascension_mode":true,"campfire_choices":[{"data":"True Grit","floor":8.0,"key":"SMITH"},{"data":"Body Slam","floor":12.0,"key":"SMITH"},{"floor":15.0,"key":"REST"},{"data":"Fiend Fire","floor":27.0,"key":"SMITH"},{"data":"1","floor":29.0,"key":"LIFT"},{"floor":32.0,"key":"REST"},{"floor":40,"key":"RECALL"},{"floor":49,"key":"REST"},{"floor":53,"key":"REST"}],"neow_cost":"NO_GOLD","seed_source_timestamp":132903081530100,"circlet_count":0,"master_deck":["AscendersBane","Strike_R","Strike_R","Strike_R","Strike_R","Defend_R","Defend_R","Defend_R","Defend_R","Bash+1","Inflame+1","True Grit+1","Evolve","Body Slam+1","Fiend Fire+1","Exhume","Injury","Clumsy","Writhe","Battle Trance+1","Writhe","Entrench","Sentinel","Seeing Red","Shrug It Off","Entrench","Fiend Fire","Armaments+1","Limit Break","Bandage Up","Purity","Madness","Madness","Fire Breathing","Power Through+1","True Grit+1","Feel No Pain","Second Wind+1"],"special_seed":0,"relics":["Burning Blood","Charon\u0027s Ashes","Golden Idol","Blue Candle","Bronze Scales","Kunai","Dead Branch","Calling Bell","Anchor","Pear","Incense Burner","StoneCalendar","Girya","Paper Frog","Bird Faced Urn","Matryoshka","Omamori","Pantograph","Strawberry","Snecko Eye","Question Card","The Courier","Potion Belt","Toxic Egg 2","Shuriken"],"potions_floor_usage":[33,47,47,47,47,47,56,56,56,56],"damage_taken":[{"damage":1.0,"enemies":"Cultist","floor":1.0,"turns":3.0},{"damage":10.0,"enemies":"Small Slimes","floor":4.0,"turns":3.0},{"damage":24.0,"enemies":"Gremlin Nob","floor":6.0,"turns":4.0},{"damage":3.0,"enemies":"Jaw Worm","floor":10.0,"turns":3.0},{"damage":34.0,"enemies":"Lagavulin","floor":13.0,"turns":8.0},{"damage":15.0,"enemies":"The Guardian","floor":16.0,"turns":11.0},{"damage":7.0,"enemies":"Spheric Guardian","floor":18.0,"turns":1.0},{"damage":16.0,"enemies":"Colosseum Slavers","floor":20.0,"turns":3.0},{"damage":6.0,"enemies":"Colosseum Nobs","floor":20.0,"turns":3.0},{"damage":7.0,"enemies":"Shell Parasite","floor":21.0,"turns":2.0},{"damage":3.0,"enemies":"Gremlin Leader","floor":23.0,"turns":2.0},{"damage":9.0,"enemies":"Centurion and Healer","floor":25.0,"turns":4.0},{"damage":6.0,"enemies":"3 Cultists","floor":30.0,"turns":4.0},{"damage":72.0,"enemies":"Slavers","floor":31.0,"turns":4.0},{"damage":68,"enemies":"Collector","floor":33,"turns":7},{"damage":2,"enemies":"3 Darklings","floor":35,"turns":1},{"damage":2,"enemies":"Orb Walker","floor":36,"turns":1},{"damage":9,"enemies":"Transient","floor":39,"turns":6},{"damage":2,"enemies":"Reptomancer","floor":41,"turns":2},{"damage":3,"enemies":"Jaw Worm Horde","floor":44,"turns":3},{"damage":9,"enemies":"Maw","floor":46,"turns":4},{"damage":80,"enemies":"Giant Head","floor":47,"turns":8},{"damage":12,"enemies":"Sphere and 2 Shapes","floor":48,"turns":4},{"damage":9,"enemies":"Awakened One","floor":50,"turns":3},{"damage":67,"enemies":"Time Eater","floor":51,"turns":8},{"damage":13,"enemies":"Shield and Spear","floor":55,"turns":5},{"damage":3,"enemies":"The Heart","floor":56,"turns":5}],"seed_played":"7717928869271410630","potions_obtained":[{"floor":4.0,"key":"Weak Potion"},{"floor":13.0,"key":"SneckoOil"},{"floor":18.0,"key":"Swift Potion"},{"floor":23.0,"key":"Strength Potion"},{"floor":25.0,"key":"Dexterity Potion"},{"floor":30.0,"key":"Energy Potion"},{"floor":35,"key":"Strength Potion"},{"floor":36,"key":"SpeedPotion"},{"floor":42,"key":"EntropicBrew"},{"floor":46,"key":"AttackPotion"},{"floor":55,"key":"SteroidPotion"}],"is_trial":false,"path_per_floor":["M","?","?","M","?","E","$","R","T","M","T","R","E","?","R","B",null,"M","?","?","M","$","E","?","M","T","R","$","R","M","E","R","B",null,"M","M","?","?","M","R","E","?","T","M","$","M","E","M","R","B","B",null,"R","$","E","B",null],"character_chosen":"IRONCLAD","items_purchased":["Evolve","Bird Faced Urn","Seeing Red","Fire Breathing","Potion Belt","Feel No Pain","PowerPotion"],"campfire_rested":4,"item_purchase_floors":[7,22,28,45,45,54,54],"current_hp_per_floor":[73,73,73,69,68,50,50,50,50,53,53,53,25,5,25,16,65,64,64,54,53,53,58,58,61,61,61,61,61,71,16,41,12,67,71,77,67,52,63,63,71,71,71,78,78,85,11,23,48,85,36,73,85,85,85,85],"gold":83,"neow_bonus":"ONE_RARE_RELIC","is_prod":false,"is_daily":false,"chose_seed":false,"campfire_upgraded":3,"win_rate":0,"timestamp":1553960312,"path_taken":["M","?","?","?","?","E","$","R","T","M","?","R","E","?","R","BOSS","M","?","?","M","$","E","?","M","T","R","$","R","?","E","R","BOSS","M","?","?","?","M","R","E","?","T","M","$","?","E","M","R","BOSS","BOSS","R","$","E","BOSS"],"build_version":"2019-01-23","purchased_purges":1,"victory":true,"max_hp_per_floor":[75,75,75,75,68,68,68,68,68,68,68,68,68,68,68,68,78,78,78,78,78,78,78,78,78,78,78,78,78,78,85,85,85,85,85,85,85,85,85,85,85,85,85,85,85,85,85,85,85,85,85,85,85,85,85,85],"card_choices":[{"not_picked":["Twin Strike","Inflame","Combust"],"picked":"SKIP","floor":1.0},{"not_picked":["Clash","Sword Boomerang","Pommel Strike"],"picked":"SKIP","floor":4.0},{"not_picked":["Flex","Perfected Strike"],"picked":"True Grit","floor":6.0},{"not_picked":["Headbutt","Metallicize"],"picked":"Body Slam","floor":10.0},{"not_picked":["Perfected Strike","Intimidate"],"picked":"Fiend Fire","floor":13.0},{"not_picked":["Double Tap","Bludgeon"],"picked":"Exhume","floor":16.0},{"not_picked":["Armaments","Shrug It Off"],"picked":"Battle Trance+1","floor":18.0},{"not_picked":["Cleave+1","Spot Weakness","Demon Form"],"picked":"SKIP","floor":21.0},{"not_picked":["Twin Strike+1","Dark Embrace"],"picked":"Entrench","floor":23.0},{"not_picked":["Metallicize","Iron Wave"],"picked":"Sentinel","floor":25.0},{"not_picked":["Rupture","Heavy Blade"],"picked":"Shrug It Off","floor":30.0},{"not_picked":["Fire Breathing","Rage"],"picked":"Entrench","floor":31.0},{"not_picked":["Limit Break","Brutality"],"picked":"Fiend Fire","floor":33},{"not_picked":["Disarm","Wild Strike"],"picked":"Armaments+1","floor":35},{"not_picked":["Body Slam","Twin Strike+1"],"picked":"Limit Break","floor":36},{"not_picked":["Mind Blast","Master of Strategy"],"picked":"Bandage Up","floor":37},{"not_picked":["Violence","Trip"],"picked":"Purity","floor":37},{"not_picked":["Sever Soul","Clothesline","Twin Strike"],"picked":"SKIP","floor":39},{"not_picked":["Clothesline","Warcry","Sword Boomerang"],"picked":"SKIP","floor":41},{"not_picked":["Clash+1","Clothesline","Anger","Twin Strike"],"picked":"SKIP","floor":44},{"not_picked":["Fiend Fire","Anger","Cleave"],"picked":"Power Through+1","floor":46},{"not_picked":["Clothesline","Sword Boomerang","Thunderclap"],"picked":"True Grit","floor":47},{"not_picked":["Anger","Clash","Spot Weakness+1","Clothesline"],"picked":"SKIP","floor":48},{"not_picked":["Shrug It Off+1","Thunderclap","Double Tap+1"],"picked":"Second Wind+1","floor":55}],"player_experience":2766215,"relics_obtained":[{"floor":6.0,"key":"Blue Candle"},{"floor":9.0,"key":"Bronze Scales"},{"floor":11.0,"key":"Kunai"},{"floor":13.0,"key":"Dead Branch"},{"floor":17.0,"key":"Anchor"},{"floor":17.0,"key":"Pear"},{"floor":17.0,"key":"Incense Burner"},{"floor":20.0,"key":"Girya"},{"floor":20.0,"key":"Paper Frog"},{"floor":23.0,"key":"Matryoshka"},{"floor":26.0,"key":"Omamori"},{"floor":26.0,"key":"Pantograph"},{"floor":31.0,"key":"Strawberry"},{"floor":41,"key":"Question Card"},{"floor":43,"key":"The Courier"},{"floor":47,"key":"Toxic Egg 2"},{"floor":55,"key":"Shuriken"}],"event_choices":[{"damage_healed":0.0,"max_hp_gain":0.0,"max_hp_loss":0.0,"gold_gain":0.0,"event_name":"The Cleric","player_choice":"Leave","floor":2.0,"gold_loss":0.0,"damage_taken":0.0},{"damage_healed":0.0,"max_hp_gain":0.0,"max_hp_loss":0.0,"gold_gain":0.0,"event_name":"Match and Keep!","player_choice":"1 cards matched","floor":3.0,"gold_loss":0.0,"damage_taken":0.0,"cards_obtained":["Inflame"]},{"damage_healed":0.0,"max_hp_gain":0.0,"max_hp_loss":7.0,"gold_gain":0.0,"event_name":"Golden Idol","player_choice":"Lose Max HP","floor":5.0,"gold_loss":0.0,"damage_taken":0.0,"relics_obtained":["Golden Idol"]},{"damage_healed":0.0,"max_hp_gain":0.0,"max_hp_loss":0.0,"gold_gain":0.0,"event_name":"Shining Light","player_choice":"Entered Light","floor":14.0,"gold_loss":0.0,"damage_taken":20.0,"cards_upgraded":["Inflame","Bash"]},{"damage_healed":0.0,"max_hp_gain":0.0,"max_hp_loss":0.0,"gold_gain":0.0,"event_name":"The Mausoleum","player_choice":"Opened","floor":19.0,"gold_loss":0.0,"damage_taken":0.0,"relics_obtained":["StoneCalendar"],"cards_obtained":["Writhe"]},{"damage_healed":0.0,"max_hp_gain":0.0,"max_hp_loss":0.0,"gold_gain":0.0,"event_name":"Colosseum","player_choice":"Fight","floor":20.0,"gold_loss":0.0,"damage_taken":0.0},{"damage_healed":0.0,"max_hp_gain":0.0,"max_hp_loss":0.0,"gold_gain":0.0,"event_name":"Colosseum","player_choice":"Fought Nobs","floor":20.0,"gold_loss":0.0,"damage_taken":0.0},{"damage_healed":0.0,"max_hp_gain":0.0,"max_hp_loss":0.0,"gold_gain":0.0,"event_name":"Vampires","player_choice":"Ignored","floor":24.0,"gold_loss":0.0,"damage_taken":0.0},{"damage_healed":0,"gold_gain":0,"player_choice":"Memory 3","damage_taken":10,"max_hp_gain":0,"max_hp_loss":0,"event_name":"SensoryStone","floor":37,"gold_loss":0},{"damage_healed":0,"gold_gain":0,"player_choice":"Embrace Madness","damage_taken":15,"max_hp_gain":0,"max_hp_loss":0,"event_name":"Winding Halls","floor":38,"gold_loss":0,"cards_obtained":["Madness","Madness"]},{"damage_healed":0,"gold_gain":0,"player_choice":"Got Potions","damage_taken":0,"max_hp_gain":0,"max_hp_loss":0,"event_name":"Lab","floor":42,"gold_loss":0}],"is_beta":false,"boss_relics":[{"not_picked":["Ectoplasm","Tiny House"],"picked":"Calling Bell"},{"not_picked":["Astrolabe","Busted Crown"],"picked":"Snecko Eye"}],"items_purged_floors":[45],"is_endless":false,"potions_floor_spawned":[4,13,18,23,25,30,35,36,46,55],"ascension_level":20}