{"gold_per_floor":[113,113,113,126,145,174,174,189,212,212,212],"floor_reached":11,"playtime":184,"items_purged":[],"score":146,"play_id":"4ab1ba99-5c4e-4948-af3e-f76879fbc93a","local_time":"20190328115306","is_ascension_mode":true,"campfire_choices":[{"floor":7,"key":"REST"},{"data":"Bash","floor":10,"key":"SMITH"}],"neow_cost":"NONE","seed_source_timestamp":35330470368300,"circlet_count":0,"master_deck":["AscendersBane","Strike_R","Strike_R","Strike_R","Strike_R","Strike_R","Defend_R","Defend_R","Defend_R","Defend_R","Bash+1"],"relics":["Burning Blood","Vajra","Juzu Bracelet","Smiling Mask","Bag of Preparation"],"potions_floor_usage":[6,8],"damage_taken":[{"damage":9,"enemies":"Jaw Worm","floor":1,"turns":3},{"damage":8,"enemies":"Small Slimes","floor":4,"turns":4},{"damage":3,"enemies":"2 Louse","floor":5,"turns":3},{"damage":42,"enemies":"Gremlin Nob","floor":6,"turns":5},{"damage":19,"enemies":"Exordium Wildlife","floor":8,"turns":5},{"damage":0,"enemies":"Lagavulin","floor":11,"turns":2}],"seed_played":"-5409403739879169314","potions_obtained":[{"floor":4,"key":"SpeedPotion"},{"floor":5,"key":"Weak Potion"}],"is_trial":false,"path_per_floor":["M","?","?","M","M","E","R","M","T","R","E"],"character_chosen":"IRONCLAD","items_purchased":[],"campfire_rested":1,"item_purchase_floors":[],"current_hp_per_floor":[65,70,59,57,60,24,48,35,35,35,35],"gold":212,"neow_bonus":"RANDOM_COMMON_RELIC","is_prod":false,"is_daily":false,"chose_seed":false,"campfire_upgraded":1,"win_rate":0,"timestamp":1553741586,"path_taken":["M","?","?","M","M","E","R","M","T","R","E"],"build_version":"2019-01-23","purchased_purges":0,"victory":false,"max_hp_per_floor":[75,80,80,80,80,80,80,80,80,80,80],"card_choices":[{"not_picked":["Wild Strike","Hemokinesis","Iron Wave"],"picked":"SKIP","floor":1},{"not_picked":["Havoc","Iron Wave","Clothesline"],"picked":"SKIP","floor":4},{"not_picked":["Havoc","Flex","Armaments"],"picked":"SKIP","floor":5},{"not_picked":["Pommel Strike","Cleave","Headbutt"],"picked":"SKIP","floor":6},{"not_picked":["Wild Strike","Combust","Searing Blow"],"picked":"SKIP","floor":8}],"player_experience":2662360,"relics_obtained":[{"floor":6,"key":"Smiling Mask"},{"floor":9,"key":"Bag of Preparation"}],"event_choices":[{"damage_healed":0,"gold_gain":0,"player_choice":"Donut","damage_taken":0,"max_hp_gain":5,"max_hp_loss":0,"event_name":"Big Fish","floor":2,"gold_loss":0},{"damage_healed":0,"gold_gain":0,"player_choice":"Success","damage_taken":11,"relics_obtained":["Juzu Bracelet"],"max_hp_gain":0,"max_hp_loss":0,"event_name":"Scrap Ooze","floor":3,"gold_loss":0}],"is_beta":false,"boss_relics":[],"items_purged_floors":[],"is_endless":false,"potions_floor_spawned":[4,5],"killed_by":"Lagavulin","ascension_level":20}