{"gold_per_floor":[741,102,219,335,457,469,51,51,51],"floor_reached":9,"playtime":412,"items_purged":["Strike_R","Strike_R"],"score":402,"play_id":"505cead7-f6f1-4f9d-a69c-393b7d1d0e3c","local_time":"20190404222717","daily_mods":["Uncertain Future"],"is_ascension_mode":true,"campfire_choices":[{"data":"1","floor":8,"key":"LIFT"}],"neow_cost":"","seed_source_timestamp":0,"circlet_count":0,"master_deck":["AscendersBane","Strike_R","Strike_R","Strike_R","Defend_R","Defend_R","Defend_R","Defend_R","Bash","Evolve+1","Panacea+1","Flex+1","Discovery+1","Feel No Pain+1","Feel No Pain+1","Corruption+1","Seeing Red+1","Seeing Red+1","Flame Barrier+1","Armaments+1","Dual Wield+1","Impervious+1","True Grit+1","Shrug It Off+1"],"relics":["Burning Blood","The Courier","Molten Egg 2","Toxic Egg 2","Frozen Egg 2","Vajra","Girya","MawBank","Bottled Tornado","Fusion Hammer","Meat on the Bone"],"potions_floor_usage":[5],"damage_taken":[{"damage":17,"enemies":"Slime Boss","floor":3,"turns":11},{"damage":24,"enemies":"The Guardian","floor":4,"turns":9},{"damage":4,"enemies":"Hexaghost","floor":5,"turns":10},{"damage":24,"enemies":"Champ","floor":9,"turns":7}],"seed_played":"7248963452300590134","potions_obtained":[{"floor":4,"key":"BloodPotion"},{"floor":5,"key":"Energy Potion"}],"is_trial":true,"path_per_floor":["$","$","M","M","M","T","$","R","M"],"character_chosen":"IRONCLAD","items_purchased":["Vajra","Evolve+1","Panacea+1","Flex+1","Discovery+1","Feel No Pain+1","Feel No Pain+1","Corruption+1","Seeing Red+1","Seeing Red+1","Flame Barrier+1","Impervious+1","True Grit+1","Shrug It Off+1","Meat on the Bone"],"campfire_rested":0,"item_purchase_floors":[1,1,2,2,2,2,2,2,2,2,2,7,7,7,7],"current_hp_per_floor":[68,68,57,39,48,48,48,48,24],"gold":51,"neow_bonus":"","is_prod":false,"is_daily":false,"chose_seed":false,"campfire_upgraded":0,"win_rate":0,"timestamp":1554384437,"path_taken":["$","$","M","M","M","T","$","R","M"],"build_version":"2019-01-23","purchased_purges":2,"victory":false,"max_hp_per_floor":[75,75,75,75,75,75,75,75,75],"card_choices":[{"not_picked":["Anger+1","Reckless Charge+1","Havoc+1"],"picked":"SKIP","floor":3},{"not_picked":["Sever Soul+1","Headbutt+1"],"picked":"Armaments+1","floor":4},{"not_picked":["Perfected Strike+1","Anger+1"],"picked":"Dual Wield+1","floor":5}],"player_experience":2879412,"relics_obtained":[{"floor":3,"key":"Girya"},{"floor":4,"key":"MawBank"},{"floor":5,"key":"Bottled Tornado"}],"event_choices":[],"is_beta":false,"boss_relics":[{"not_picked":["Calling Bell","Sozu"],"picked":"Fusion Hammer"}],"items_purged_floors":[1,2],"is_endless":false,"potions_floor_spawned":[4,5],"killed_by":"Champ","ascension_level":20}