{"gold_per_floor":[119,44,44,63,63,63,63,63,88,122,122,136,136,151,151,151],"floor_reached":16,"playtime":336,"items_purged":[],"score":196,"play_id":"2277d9ed-0870-4781-bb2d-dbea7732e709","local_time":"20190306143726","is_ascension_mode":true,"campfire_choices":[{"data":"Bash","floor":6,"key":"SMITH"},{"floor":8,"key":"REST"},{"floor":11,"key":"REST"},{"data":"Immolate","floor":13,"key":"SMITH"},{"data":"Strike_R","floor":15,"key":"SMITH"}],"neow_cost":"NONE","seed_source_timestamp":133452541053500,"circlet_count":0,"master_deck":["AscendersBane","Strike_R","Strike_R","Strike_R","Strike_R+1","Defend_R","Defend_R","Defend_R","Defend_R","Bash+1","Impatience","Pain","Immolate+1"],"relics":["Burning Blood","WarpedTongs","Golden Idol","Magic Flower","Ancient Tea Set","Art of War"],"potions_floor_usage":[10,12,16,16],"damage_taken":[{"damage":23,"enemies":"Jaw Worm","floor":1,"turns":6},{"damage":10,"enemies":"Cultist","floor":4,"turns":3},{"damage":59,"enemies":"Gremlin Nob","floor":10,"turns":5},{"damage":7,"enemies":"2 Louse","floor":12,"turns":3},{"damage":11,"enemies":"Exordium Wildlife","floor":14,"turns":3},{"damage":42,"enemies":"Hexaghost","floor":16,"turns":7}],"seed_played":"2670120682337054352","potions_obtained":[{"floor":4,"key":"Regen Potion"},{"floor":10,"key":"Explosive Potion"},{"floor":12,"key":"Fruit Juice"},{"floor":14,"key":"Energy Potion"}],"is_trial":false,"path_per_floor":["M","?","?","M","?","R","T","R","T","E","R","M","R","M","R","B"],"character_chosen":"IRONCLAD","items_purchased":[],"campfire_rested":2,"item_purchase_floors":[],"current_hp_per_floor":[51,51,51,47,21,21,21,43,43,15,37,44,44,42,42,0],"gold":151,"neow_bonus":"RANDOM_COLORLESS","is_prod":false,"is_daily":false,"chose_seed":false,"campfire_upgraded":3,"win_rate":0,"timestamp":1551850646,"path_taken":["M","?","?","?","?","R","?","R","T","E","R","?","R","M","R","BOSS"],"build_version":"2019-01-23","purchased_purges":0,"victory":false,"max_hp_per_floor":[75,75,75,75,75,75,75,75,75,75,75,80,80,80,80,80],"card_choices":[{"not_picked":["Pummel","Thunderclap","Clash"],"picked":"SKIP","floor":1},{"not_picked":["Corruption","Perfected Strike","Thunderclap"],"picked":"SKIP","floor":4},{"not_picked":["Armaments","Heavy Blade","Seeing Red"],"picked":"SKIP","floor":10},{"not_picked":["Clash","Heavy Blade"],"picked":"Immolate","floor":12},{"not_picked":["Burning Pact","Headbutt","Twin Strike"],"picked":"SKIP","floor":14}],"player_experience":2034129,"relics_obtained":[{"floor":7,"key":"Magic Flower"},{"floor":9,"key":"Ancient Tea Set"},{"floor":10,"key":"Art of War"}],"event_choices":[{"cards_removed":["Strike_R"],"damage_healed":0,"gold_gain":0,"player_choice":"Card Removal","damage_taken":0,"max_hp_gain":0,"max_hp_loss":0,"event_name":"The Cleric","floor":2,"gold_loss":75},{"damage_healed":0,"gold_gain":0,"player_choice":"Rummage","damage_taken":0,"relics_obtained":["WarpedTongs"],"max_hp_gain":0,"max_hp_loss":0,"event_name":"Accursed Blacksmith","floor":3,"gold_loss":0,"cards_obtained":["Pain"]},{"damage_healed":0,"gold_gain":0,"player_choice":"Take Damage","damage_taken":26,"relics_obtained":["Golden Idol"],"max_hp_gain":0,"max_hp_loss":0,"event_name":"Golden Idol","floor":5,"gold_loss":0}],"is_beta":false,"boss_relics":[],"items_purged_floors":[],"is_endless":false,"potions_floor_spawned":[4,10,12,14],"killed_by":"Hexaghost","ascension_level":20}