{"gold_per_floor":[118,61,81,156,156,156,214,214,214,214,247,260,185,199,199,271,271,282,299,13,213,231,231,262,38,62,62,62,62,62,23,23,100,100,113,1112,1112,872,882,946,946,977,977,989,1022,1040,1074,1087,1087,1087,1087,1087,1087,332,357,357],"floor_reached":57,"playtime":3254,"items_purged":["Normality","Gash"],"score":2868,"play_id":"54e95889-f358-4570-ac57-3209ee45c9ba","local_time":"20190310171416","is_ascension_mode":true,"campfire_choices":[{"data":"Genetic Algorithm","floor":6.0,"key":"SMITH"},{"data":"Zap","floor":8.0,"key":"SMITH"},{"data":"Dualcast","floor":10.0,"key":"SMITH"},{"data":"Doom and Gloom","floor":15.0,"key":"SMITH"},{"data":"Blizzard","floor":23.0,"key":"SMITH"},{"data":"Turbo","floor":28.0,"key":"SMITH"},{"floor":32.0,"key":"REST"},{"floor":41.0,"key":"REST"},{"floor":49.0,"key":"RECALL"},{"data":"Defragment","floor":53.0,"key":"SMITH"}],"neow_cost":"NONE","seed_source_timestamp":108469452510300,"circlet_count":0,"master_deck":["AscendersBane","Zap+1","Dualcast+1","Cold Snap","Genetic Algorithm+1","Cold Snap","Glacier","Doom and Gloom+1","Core Surge","Auto Shields","Skim","Go for the Eyes","Steam Power","Core Surge","Blizzard+1","Coolheaded","Glacier","Turbo+1","Defragment+1","Biased Cognition","Coolheaded","Blizzard","Compile Driver+1","Loop+1","Hologram","Conserve Battery+1","Creative AI","Turbo+1"],"special_seed":0,"relics":["Cracked Core","NeowsBlessing","Emotion Chip","Blood Vial","Bag of Preparation","Pandora\u0027s Box","Mummified Hand","Regal Pillow","Art of War","Nilry\u0027s Codex","Sozu","Centennial Puzzle","Tiny Chest","Bag of Marbles","PreservedInsect","DataDisk","Omamori","Toy Ornithopter","Sundial","Pen Nib"],"potions_floor_usage":[],"damage_taken":[{"damage":0.0,"enemies":"2 Louse","floor":1.0,"turns":1.0},{"damage":0.0,"enemies":"Small Slimes","floor":3.0,"turns":2.0},{"damage":0.0,"enemies":"3 Sentries","floor":7.0,"turns":1.0},{"damage":20.0,"enemies":"Gremlin Nob","floor":11.0,"turns":4.0},{"damage":0.0,"enemies":"Jaw Worm","floor":12.0,"turns":3.0},{"damage":2.0,"enemies":"Blue Slaver","floor":14.0,"turns":4.0},{"damage":16.0,"enemies":"Slime Boss","floor":16.0,"turns":8.0},{"damage":4.0,"enemies":"3 Byrds","floor":18.0,"turns":4.0},{"damage":0.0,"enemies":"Chosen","floor":19.0,"turns":4.0},{"damage":22.0,"enemies":"Shelled Parasite and Fungi","floor":22.0,"turns":6.0},{"damage":0.0,"enemies":"Gremlin Leader","floor":24.0,"turns":7.0},{"damage":19.0,"enemies":"Collector","floor":33.0,"turns":10.0},{"damage":30.0,"enemies":"3 Darklings","floor":35.0,"turns":5.0},{"damage":0.0,"enemies":"3 Shapes","floor":39.0,"turns":5.0},{"damage":19.0,"enemies":"Giant Head","floor":40.0,"turns":10.0},{"damage":1.0,"enemies":"Reptomancer","floor":42.0,"turns":7.0},{"damage":0.0,"enemies":"Sphere and 2 Shapes","floor":44.0,"turns":7.0},{"damage":38.0,"enemies":"Nemesis","floor":45.0,"turns":11.0},{"damage":15.0,"enemies":"Jaw Worm Horde","floor":46.0,"turns":4.0},{"damage":0.0,"enemies":"Giant Head","floor":47.0,"turns":7.0},{"damage":0.0,"enemies":"Writhing Mass","floor":48.0,"turns":12.0},{"damage":1.0,"enemies":"Time Eater","floor":50.0,"turns":19.0},{"damage":12.0,"enemies":"Awakened One","floor":51.0,"turns":26.0},{"damage":21.0,"enemies":"Shield and Spear","floor":55.0,"turns":6.0},{"damage":35,"enemies":"The Heart","floor":56,"turns":15}],"seed_played":"458914903965693417","potions_obtained":[{"floor":3.0,"key":"SpeedPotion"},{"floor":7.0,"key":"FearPotion"},{"floor":11.0,"key":"FearPotion"},{"floor":16.0,"key":"Explosive Potion"},{"floor":22.0,"key":"SkillPotion"}],"is_trial":false,"path_per_floor":["M","$","M","?","?","R","?","R","T","R","E","M","?","M","R","B",null,"M","M","$","?","M","R","E","$","T","$","R","?","?","$","R","B",null,"M","?","?","$","M","E","R","E","T","M","E","M","E","M","R","B","B",null,"R","$","E","B",null],"character_chosen":"DEFECT","items_purchased":["PowerPotion","Mummified Hand","Art of War","Turbo","Defragment","Centennial Puzzle","Creative AI","Toy Ornithopter","Sundial"],"campfire_rested":2,"item_purchase_floors":[2,20,25,25,31,38,54,54,54],"current_hp_per_floor":[64,64,64,53,53,53,53,53,53,53,35,37,37,37,37,23,59,57,59,59,59,39,39,41,41,41,41,41,41,20,20,56,39,63,35,35,35,35,37,20,56,57,57,59,23,10,12,14,14,15,5,55,55,55,36,3],"gold":357,"neow_bonus":"THREE_ENEMY_KILL","is_prod":false,"is_daily":false,"chose_seed":false,"campfire_upgraded":7,"win_rate":0,"timestamp":1552205656,"path_taken":["M","$","M","?","?","R","?","R","T","R","E","?","?","M","R","BOSS","M","M","$","?","?","R","E","$","T","?","R","?","?","$","R","BOSS","M","?","?","$","M","E","R","E","T","?","E","M","E","M","R","BOSS","BOSS","R","$","E","BOSS"],"build_version":"2019-01-23","purchased_purges":2,"victory":true,"max_hp_per_floor":[71,71,71,71,71,71,71,71,71,71,71,71,71,71,71,71,71,71,71,71,71,71,71,71,71,71,71,71,71,71,71,71,71,71,71,71,71,71,71,71,71,71,71,71,71,71,71,71,71,71,71,71,71,71,71,71],"card_choices":[{"not_picked":["Beam Cell","Scrape"],"picked":"Cold Snap","floor":1.0},{"not_picked":["Recycle","Beam Cell","Leap"],"picked":"SKIP","floor":3.0},{"not_picked":["Hologram","Hello World"],"picked":"Cold Snap","floor":7.0},{"not_picked":["Thunder Strike","Leap","Storm"],"picked":"SKIP","floor":11.0},{"not_picked":["Barrage","Stack"],"picked":"Glacier","floor":12.0},{"not_picked":["Leap","Barrage"],"picked":"Doom and Gloom","floor":14.0},{"not_picked":["Hyperbeam","Amplify"],"picked":"Core Surge","floor":16.0},{"not_picked":["Leap","Hologram"],"picked":"Coolheaded","floor":18.0},{"not_picked":["Ball Lightning","Go for the Eyes"],"picked":"Gash","floor":19.0},{"not_picked":["Chaos","Beam Cell","Ball Lightning"],"picked":"SKIP","floor":22.0},{"not_picked":["Rebound+1","Amplify"],"picked":"Glacier","floor":24.0},{"not_picked":["Hyperbeam","Reboot"],"picked":"Biased Cognition","floor":33.0},{"not_picked":["Hologram","Leap"],"picked":"Coolheaded","floor":35.0},{"not_picked":["Undo","Scrape+1"],"picked":"Blizzard","floor":39.0},{"not_picked":["Leap","Sweeping Beam+1","Steam+1"],"picked":"SKIP","floor":40.0},{"not_picked":["Conserve Battery","Turbo+1"],"picked":"Compile Driver+1","floor":42.0},{"not_picked":["Redo","Leap","Melter"],"picked":"SKIP","floor":44.0},{"not_picked":["Consume","Electrodynamics"],"picked":"Loop+1","floor":45.0},{"not_picked":["Aggregate","Tempest+1","Beam Cell+1"],"picked":"SKIP","floor":46.0},{"not_picked":["Ball Lightning+1","Go for the Eyes+1"],"picked":"Hologram","floor":47.0},{"not_picked":["Hello World","Hologram"],"picked":"Conserve Battery+1","floor":48.0},{"not_picked":["Chill","Blizzard"],"picked":"Turbo+1","floor":55.0}],"player_experience":2152069,"relics_obtained":[{"floor":7.0,"key":"Emotion Chip"},{"floor":9.0,"key":"Blood Vial"},{"floor":11.0,"key":"Bag of Preparation"},{"floor":24.0,"key":"Regal Pillow"},{"floor":30.0,"key":"Nilry\u0027s Codex"},{"floor":40.0,"key":"Tiny Chest"},{"floor":42.0,"key":"Bag of Marbles"},{"floor":43.0,"key":"PreservedInsect"},{"floor":45.0,"key":"DataDisk"},{"floor":47.0,"key":"Omamori"},{"floor":55.0,"key":"Pen Nib"}],"event_choices":[{"damage_healed":0.0,"max_hp_gain":0.0,"max_hp_loss":0.0,"gold_gain":75.0,"event_name":"World of Goop","player_choice":"Gather Gold","floor":4.0,"gold_loss":0.0,"damage_taken":11.0},{"damage_healed":0.0,"max_hp_gain":0.0,"max_hp_loss":0.0,"gold_gain":0.0,"cards_transformed":["Defend_B"],"event_name":"Living Wall","player_choice":"Change","floor":5.0,"gold_loss":0.0,"damage_taken":0.0,"cards_obtained":["Genetic Algorithm"]},{"damage_healed":0.0,"max_hp_gain":0.0,"max_hp_loss":0.0,"gold_gain":0.0,"event_name":"Dead Adventurer","player_choice":"Searched \u00271\u0027 times","floor":7.0,"gold_loss":0.0,"damage_taken":0.0},{"cards_removed":["Defend_B"],"damage_healed":0.0,"max_hp_gain":0.0,"max_hp_loss":0.0,"gold_gain":0.0,"event_name":"The Cleric","player_choice":"Card Removal","floor":13.0,"gold_loss":75.0,"damage_taken":0.0},{"damage_healed":0.0,"max_hp_gain":0.0,"max_hp_loss":0.0,"gold_gain":200.0,"event_name":"Wheel of Change","player_choice":"Gold","floor":21.0,"gold_loss":0.0,"damage_taken":0.0},{"damage_healed":0.0,"max_hp_gain":0.0,"max_hp_loss":0.0,"gold_gain":0.0,"event_name":"Beggar","player_choice":"Ignored","floor":29.0,"gold_loss":0.0,"damage_taken":0.0},{"damage_healed":0.0,"max_hp_gain":0.0,"max_hp_loss":0.0,"gold_gain":0.0,"event_name":"Cursed Tome","player_choice":"Obtained Book","floor":30.0,"gold_loss":0.0,"damage_taken":21.0},{"damage_healed":0.0,"max_hp_gain":0.0,"max_hp_loss":0.0,"gold_gain":999.0,"event_name":"MindBloom","player_choice":"Gold","floor":36.0,"gold_loss":0.0,"damage_taken":0.0,"cards_obtained":["Normality","Normality"]},{"cards_removed":["Normality"],"damage_healed":0.0,"max_hp_gain":0.0,"max_hp_loss":0.0,"gold_gain":0.0,"event_name":"Purifier","player_choice":"Purged","floor":37.0,"gold_loss":0.0,"damage_taken":0.0}],"is_beta":false,"boss_relics":[{"not_picked":["Velvet Choker","Empty Cage"],"picked":"Pandora\u0027s Box"},{"not_picked":["Philosopher\u0027s Stone","Eternal Feather"],"picked":"Sozu"}],"items_purged_floors":[38,54],"is_endless":false,"potions_floor_spawned":[3,7,11,16,22,35,40,44,45,47],"ascension_level":20}