{"gold_per_floor":[118,30,76,95,95,95,122,122,198,198,211,221,241,275,275,351,351,322,237,237,257,257],"floor_reached":22,"playtime":677,"items_purged":[],"score":438,"play_id":"3e3aa663-513c-46df-9672-d4aa710da354","local_time":"20190215141310","is_ascension_mode":true,"campfire_choices":[{"data":"Defragment","floor":6,"key":"SMITH"},{"data":"Zap","floor":8,"key":"SMITH"},{"data":"Beam Cell","floor":10,"key":"SMITH"},{"data":"Loop","floor":15,"key":"SMITH"}],"neow_cost":"NONE","seed_source_timestamp":101786880527900,"circlet_count":0,"master_deck":["AscendersBane","Strike_B","Strike_B","Strike_B","Strike_B","Defend_B","Defend_B","Defend_B","Defend_B","Zap+1","Dualcast+1","Self Repair","Defragment+1","Beam Cell+1","Hologram+1","Loop+1","Ball Lightning","Cold Snap","Melter","Echo Form","Creative AI","Self Repair"],"relics":["Cracked Core","NeowsBlessing","Lantern","Pantograph","Prayer Wheel","Anchor","Sozu","War Paint"],"potions_floor_usage":[21],"damage_taken":[{"damage":0,"enemies":"Cultist","floor":1,"turns":1},{"damage":0,"enemies":"Small Slimes","floor":4,"turns":1},{"damage":0,"enemies":"Gremlin Nob","floor":7,"turns":1},{"damage":1,"enemies":"2 Louse","floor":11,"turns":3},{"damage":3,"enemies":"2 Fungi Beasts","floor":12,"turns":3},{"damage":6,"enemies":"Looter","floor":13,"turns":2},{"damage":14,"enemies":"Lagavulin","floor":14,"turns":5},{"damage":39,"enemies":"Hexaghost","floor":16,"turns":9},{"damage":24,"enemies":"2 Thieves","floor":18,"turns":4},{"damage":36,"enemies":"Colosseum Slavers","floor":20,"turns":4},{"damage":3,"enemies":"Chosen","floor":21,"turns":5},{"damage":39,"enemies":"Masked Bandits","floor":22,"turns":3}],"seed_played":"3872895703778376722","potions_obtained":[{"floor":1,"key":"FocusPotion"},{"floor":12,"key":"Block Potion"}],"is_trial":false,"path_per_floor":["M","$","T","M","?","R","E","R","T","R","M","M","M","E","R","B",null,"M","?","?","M","?"],"character_chosen":"DEFECT","items_purchased":["Defragment"],"campfire_rested":0,"item_purchase_floors":[2],"current_hp_per_floor":[64,64,64,64,64,64,64,64,64,64,70,67,61,54,54,46,65,48,48,12,23,0],"gold":257,"neow_bonus":"THREE_ENEMY_KILL","is_prod":false,"is_daily":false,"chose_seed":false,"campfire_upgraded":4,"win_rate":0,"timestamp":1550207590,"path_taken":["M","?","?","M","?","R","E","R","T","R","M","M","?","E","R","BOSS","M","?","?","M","?"],"build_version":"2019-01-23","purchased_purges":0,"victory":false,"max_hp_per_floor":[71,71,71,71,71,71,71,71,71,71,71,71,71,71,71,71,71,71,71,71,71,71],"card_choices":[{"not_picked":["Auto Shields","Cold Snap"],"picked":"Self Repair","floor":1},{"not_picked":["Hologram","Heatsinks"],"picked":"Beam Cell","floor":4},{"not_picked":["Self Repair","Hologram","Beam Cell"],"picked":"SKIP","floor":7},{"not_picked":["Self Repair","Hologram","Beam Cell"],"picked":"SKIP","floor":7},{"not_picked":["Self Repair","Beam Cell"],"picked":"Hologram","floor":7},{"not_picked":["Sweeping Beam","Streamline"],"picked":"Loop","floor":11},{"not_picked":["Sweeping Beam","Stack"],"picked":"Ball Lightning","floor":11},{"not_picked":["Stack","Leap"],"picked":"Cold Snap","floor":12},{"not_picked":["Hologram","Beam Cell","Go for the Eyes"],"picked":"SKIP","floor":12},{"not_picked":["Scrape","Conserve Battery"],"picked":"Melter","floor":13},{"not_picked":["Hologram","Stack","Sunder"],"picked":"SKIP","floor":13},{"not_picked":["Go for the Eyes","Steam"],"picked":"Echo Form","floor":14},{"not_picked":["Seek","Rainbow"],"picked":"Creative AI","floor":16},{"not_picked":["Go for the Eyes","Leap","Redo"],"picked":"SKIP","floor":18},{"not_picked":["Force Field","Hello World","Gash"],"picked":"SKIP","floor":18},{"not_picked":["Double Energy","Hologram"],"picked":"Self Repair","floor":21},{"not_picked":["Streamline","Barrage","Redo+1"],"picked":"SKIP","floor":21}],"player_experience":1591844,"relics_obtained":[{"floor":3,"key":"Lantern"},{"floor":5,"key":"Pantograph"},{"floor":7,"key":"Prayer Wheel"},{"floor":14,"key":"Anchor"}],"event_choices":[{"damage_healed":0,"gold_gain":0,"player_choice":"Relic","damage_taken":0,"max_hp_gain":0,"max_hp_loss":0,"event_name":"Wheel of Change","floor":5,"gold_loss":0},{"damage_healed":0,"gold_gain":0,"player_choice":"Obtained Relic","damage_taken":0,"relics_obtained":["War Paint"],"max_hp_gain":0,"max_hp_loss":0,"event_name":"Addict","floor":19,"gold_loss":85},{"damage_healed":0,"gold_gain":0,"player_choice":"Fight","damage_taken":0,"max_hp_gain":0,"max_hp_loss":0,"event_name":"Colosseum","floor":20,"gold_loss":0},{"damage_healed":0,"gold_gain":0,"player_choice":"Fled From Nobs","damage_taken":0,"max_hp_gain":0,"max_hp_loss":0,"event_name":"Colosseum","floor":20,"gold_loss":0},{"damage_healed":0,"gold_gain":0,"player_choice":"Fought Bandits","damage_taken":0,"max_hp_gain":0,"max_hp_loss":0,"event_name":"Masked Bandits","floor":22,"gold_loss":0}],"is_beta":false,"boss_relics":[{"not_picked":["Pandora\u0027s Box","Velvet Choker"],"picked":"Sozu"}],"items_purged_floors":[],"is_endless":false,"potions_floor_spawned":[1,12,13,14,20,21],"killed_by":"Masked Bandits","ascension_level":20}