{"path_per_floor":["M","?","M","$","M","E","$","M","T","R","$","M","R","E","R","B",null,"M","M","M","?","?","R","$","R","T","M","M","?","?","E","R"],"character_chosen":"IRONCLAD","items_purchased":["Armaments","Uppercut","Clothesline","Rage","Jack Of All Trades"],"gold_per_floor":[111,186,197,146,159,188,83,97,97,97,19,34,34,67,67,169,169,185,203,215,215,215,215,122,122,173,193,206,206,121,155,155],"floor_reached":33,"campfire_rested":5,"playtime":7154,"current_hp_per_floor":[80,69,65,65,71,59,59,54,64,90,90,90,90,64,90,36,90,71,60,31,31,31,58,58,85,85,40,40,70,70,35,62],"items_purged":[],"gold":155,"play_id":"57448f43-1983-4000-883d-e29e58e163b5","is_prod":false,"is_daily":false,"is_ascension_mode":false,"campfire_upgraded":1,"path_taken":["M","?","M","$","M","E","?","M","T","R","$","M","R","E","R","BOSS","M","?","M","?","?","R","$","R","T","M","M","?","?","E","R","BOSS"],"build_version":"2018-01-25-PROD3","purchased_purges":0,"victory":false,"master_deck":["Strike_R","Strike_R","Strike_R","Strike_R","Strike_R","Defend_R","Defend_R","Defend_R","Defend_R","Bash","Anger","Flex+1","Armaments","Cleave","Dropkick","Uppercut","Clothesline","Sword Boomerang","Rage","Armaments","Clothesline","Double Tap","Infernal Blade+1","Dropkick","Iron Wave+1","Jack Of All Trades","Fire Breathing+1","Disarm","Metallicize+1"],"max_hp_per_floor":[80,80,80,80,80,80,80,80,90,90,90,90,90,90,90,90,90,90,90,90,90,90,90,90,90,90,90,90,90,90,90,90],"relics":["Burning Blood","Pantograph","Pear","Anchor","Runic Pyramid","Orichalcum","Mercury Hourglass","Bottled Flame"],"card_choices":[{"not_picked":["Body Slam","Twin Strike"],"picked":"Anger"},{"not_picked":["Blood for Blood","Shockwave"],"picked":"Flex"},{"not_picked":["Headbutt","Pummel"],"picked":"Cleave"},{"not_picked":["Sever Soul","Combust"],"picked":"Dropkick"},{"not_picked":["Corruption","Intimidate"],"picked":"Sword Boomerang"},{"not_picked":["Second Wind","Offering"],"picked":"Armaments"},{"not_picked":["Sword Boomerang","Burning Pact"],"picked":"Clothesline"},{"not_picked":["Berserk","Brutality"],"picked":"Double Tap"},{"not_picked":["Cleave","Bloodletting"],"picked":"Infernal Blade"},{"not_picked":["Clash","Combust"],"picked":"Dropkick"},{"not_picked":["Headbutt","Rampage"],"picked":"Iron Wave"},{"not_picked":["Burning Pact","Offering"],"picked":"Fire Breathing"},{"not_picked":["Flex","Sword Boomerang"],"picked":"Disarm"},{"not_picked":["Flex","Impervious"],"picked":"Metallicize"}],"player_experience":12689,"potions_floor_usage":[5,6,6,14,16,16,28,31,33,33],"damage_taken":[{"damage":6,"enemies":"2 Louse","floor":1,"turns":3},{"damage":10,"enemies":"Small Slimes","floor":3,"turns":4},{"damage":0,"enemies":"Cultist","floor":5,"turns":4},{"damage":33,"enemies":"3 Sentries","floor":6,"turns":7},{"damage":11,"enemies":"Lots of Slimes","floor":8,"turns":5},{"damage":6,"enemies":"Exordium Wildlife","floor":12,"turns":3},{"damage":32,"enemies":"Lagavulin","floor":14,"turns":6},{"damage":60,"enemies":"Hexaghost","floor":16,"turns":12},{"damage":25,"enemies":"2 Thieves","floor":18,"turns":5},{"damage":17,"enemies":"3 Byrds","floor":19,"turns":5},{"damage":35,"enemies":"Snecko","floor":20,"turns":7},{"damage":51,"enemies":"Sentry and Sphere","floor":27,"turns":8},{"damage":6,"enemies":"Snake Plant","floor":28,"turns":5},{"damage":41,"enemies":"Gremlin Leader","floor":31,"turns":8},{"damage":89,"enemies":"Champ","floor":33,"turns":18}],"event_choices":[{"event_name":"World of Goop","player_choice":"Gather Gold","floor":2,"damage_taken":0},{"event_name":"The Mausoleum","player_choice":"No","floor":21,"damage_taken":0},{"event_name":"Beggar","player_choice":"Ignored","floor":22,"damage_taken":0},{"event_name":"The Library","player_choice":"Heal","floor":29,"damage_taken":0},{"event_name":"Addict","player_choice":"Obtained Relic","floor":30,"damage_taken":0}],"boss_relics":[{"not_picked":["Astrolabe","Mark of Pain"],"picked":"Runic Pyramid"}],"potions_floor_spawned":[3,5,8,12,14,20,28,31],"seed_played":"-3428330772445727546","killed_by":"Champ","ascension_level":0,"is_trial":false}