{"gold_per_floor":[368,443,456,32,43,62,62,62,62,78,78,89,124,137,137,214,214],"floor_reached":17,"playtime":464,"items_purged":["Normality"],"score":318,"play_id":"f39fdbcf-392f-47f5-a991-450a39f7ce86","local_time":"20190216215936","is_ascension_mode":true,"campfire_choices":[{"data":"Apotheosis","floor":7,"key":"SMITH"},{"data":"Defragment","floor":11,"key":"SMITH"},{"floor":15,"key":"REST"}],"neow_cost":"CURSE","seed_source_timestamp":216385871002400,"circlet_count":0,"master_deck":["AscendersBane","Strike_B","Strike_B","Strike_B","Strike_B","Defend_B","Defend_B","Defend_B","Defend_B","Zap","Dualcast","Rip and Tear","Apotheosis+1","Defragment+1","Beam Cell","Reinforced Body","Rip and Tear","Echo Form","Core Surge"],"relics":["Cracked Core","Omamori","Ornamental Fan"],"potions_floor_usage":[16,16],"damage_taken":[{"damage":0,"enemies":"Small Slimes","floor":1,"turns":2},{"damage":0,"enemies":"Cultist","floor":3,"turns":4},{"damage":7,"enemies":"Jaw Worm","floor":5,"turns":3},{"damage":21,"enemies":"Lots of Slimes","floor":6,"turns":5},{"damage":9,"enemies":"Red Slaver","floor":10,"turns":3},{"damage":12,"enemies":"Exordium Wildlife","floor":12,"turns":4},{"damage":2,"enemies":"Lagavulin","floor":13,"turns":7},{"damage":3,"enemies":"Blue Slaver","floor":14,"turns":3},{"damage":24,"enemies":"Hexaghost","floor":16,"turns":7}],"seed_played":"-2667885844358630910","potions_obtained":[{"floor":3,"key":"Energy Potion"},{"floor":6,"key":"SpeedPotion"},{"floor":14,"key":"Weak Potion"}],"is_trial":false,"path_per_floor":["M","?","M","$","M","M","R","?","T","M","R","M","E","M","R","B",null],"character_chosen":"DEFECT","items_purchased":["Apotheosis","Omamori"],"campfire_rested":1,"item_purchase_floors":[4,4],"current_hp_per_floor":[64,53,53,53,46,25,25,42,42,33,33,21,19,16,37,13,13],"gold":214,"neow_bonus":"TWO_FIFTY_GOLD","is_prod":false,"is_daily":false,"chose_seed":false,"campfire_upgraded":2,"win_rate":0,"timestamp":1550321976,"path_taken":["M","?","M","$","M","M","R","?","T","M","R","M","E","M","R","BOSS"],"build_version":"2019-01-23","purchased_purges":1,"victory":false,"max_hp_per_floor":[71,71,71,71,71,71,71,71,71,71,71,71,71,71,71,71,71],"card_choices":[{"not_picked":["Compile Driver","Rebound"],"picked":"Rip and Tear","floor":1},{"not_picked":["Skim","Scrape","Compile Driver"],"picked":"SKIP","floor":3},{"not_picked":["Barrage","Redo","Genetic Algorithm"],"picked":"SKIP","floor":5},{"not_picked":["Stack","Chaos"],"picked":"Defragment","floor":6},{"not_picked":["Leap","Blizzard"],"picked":"Beam Cell","floor":10},{"not_picked":["Steam Power","Barrage"],"picked":"Reinforced Body","floor":12},{"not_picked":["Undo","Rip and Tear","Redo"],"picked":"SKIP","floor":13},{"not_picked":["Undo","Redo"],"picked":"Rip and Tear","floor":13},{"not_picked":["Rebound","Compile Driver"],"picked":"Echo Form","floor":14},{"not_picked":["Creative AI","Buffer"],"picked":"Core Surge","floor":16}],"player_experience":102861,"relics_obtained":[{"floor":9,"key":"Ornamental Fan"}],"event_choices":[{"damage_healed":0,"gold_gain":75,"player_choice":"Gather Gold","damage_taken":11,"max_hp_gain":0,"max_hp_loss":0,"event_name":"World of Goop","floor":2,"gold_loss":0},{"damage_healed":17,"gold_gain":0,"player_choice":"Healed and dodged fight","damage_taken":0,"max_hp_gain":0,"max_hp_loss":0,"event_name":"Mushrooms","floor":8,"gold_loss":0,"cards_obtained":["Parasite"]}],"is_beta":false,"boss_relics":[],"items_purged_floors":[4],"is_endless":false,"potions_floor_spawned":[3,6,12,13,14],"ascension_level":20}