{"path_per_floor":["M","M","?","M","M","$","E","R","T","?","R","M","E","M","R","B",null,"M","$","?","M","M","R","M","R","T","E","?","R","M","?","R","B",null,"M","M","M","$","M","R","M","R","T","M","E","?","?","$","R"],"character_chosen":"THE_SILENT","items_purchased":["Dodge and Roll","Footwork","Calculated Gamble","Infinite Blades","Infinite Blades"],"gold_per_floor":[114,133,133,145,164,66,97,97,124,199,199,213,241,254,254,353,353,368,120,45,45,62,62,81,81,81,115,115,115,128,128,128,230,230,246,260,278,112,124,124,138,138,164,177,204,204,204,15,15],"floor_reached":50,"campfire_rested":0,"playtime":6233,"current_hp_per_floor":[70,69,57,57,54,54,37,37,44,33,33,32,20,19,19,19,77,66,66,66,66,63,63,59,59,59,57,43,43,40,40,40,39,82,72,62,53,53,41,41,41,41,41,49,31,72,72,72,72],"items_purged":["Defend_G","Strike_G","Injury","Clumsy"],"gold":15,"score":504,"play_id":"14322f47-c318-4a7e-9c22-4ff1ff5cd1fb","is_prod":false,"is_daily":false,"is_ascension_mode":false,"campfire_upgraded":10,"path_taken":["M","M","?","M","M","?","E","R","T","?","R","M","E","M","R","BOSS","M","$","?","M","M","R","M","R","T","E","?","R","M","?","R","BOSS","M","M","M","$","M","R","M","R","T","M","E","?","?","$","R","BOSS"],"build_version":"2018-02-07-BETA1","purchased_purges":4,"victory":false,"master_deck":["Defend_G","Defend_G","Defend_G","Defend_G","Strike_G","Strike_G","Survivor","Neutralize+1","Malaise","Caltrops+1","Footwork+1","Dodge and Roll","Acrobatics+1","Dodge and Roll","Skewer+1","Adrenaline+1","Adrenaline+1","Footwork+1","Calculated Gamble+1","Flying Knee+1","Terror","Bouncing Flask","Envenom+1","Dagger Spray+1","Infinite Blades+1","Dagger Spray+1","Bane+1","Infinite Blades"],"max_hp_per_floor":[70,70,70,70,70,70,70,70,77,77,77,77,77,77,77,77,77,77,77,77,77,77,77,77,77,77,77,82,82,82,82,82,82,82,82,82,82,82,82,82,82,82,82,82,82,72,72,72,72],"relics":["Ring of the Snake","Snake Skull","Gremlin Horn","Strawberry","Anchor","Cursed Key","Oddly Smooth Stone","Juzu Bracelet","White Beast Statue","Regal Pillow","Blood Vial"],"card_choices":[{"not_picked":["Catalyst","Escape Plan"],"picked":"Malaise"},{"not_picked":["Eviscerate","Slice"],"picked":"Caltrops"},{"not_picked":["Quick Slash","All Out Attack"],"picked":"Backstab"},{"not_picked":["Backflip","Finisher"],"picked":"Footwork"},{"not_picked":["Night Terror","Outmaneuver"],"picked":"Acrobatics"},{"not_picked":["PiercingWail","Slice"],"picked":"Dodge and Roll"},{"not_picked":["All Out Attack","Slice"],"picked":"Skewer"},{"not_picked":["PiercingWail","Bane"],"picked":"Adrenaline"},{"not_picked":["A Thousand Cuts","Glass Knife"],"picked":"Adrenaline"},{"not_picked":["Malaise","Acrobatics"],"picked":"Flying Knee"},{"not_picked":["Deadly Poison","Expertise"],"picked":"Terror"},{"not_picked":["Dagger Throw","Poisoned Stab"],"picked":"Bouncing Flask"},{"not_picked":["Unload","Venomology"],"picked":"Envenom"},{"not_picked":["Dagger Throw","Blade Dance"],"picked":"Dagger Spray"},{"not_picked":["Predator","Outmaneuver"],"picked":"Dagger Spray"},{"not_picked":["Bouncing Flask","Outmaneuver"],"picked":"Bane"}],"player_experience":18668,"potions_floor_usage":[5,7,13,16,30,33,37,39,39,44,45,45,50],"damage_taken":[{"damage":0,"enemies":"Small Slimes","floor":1,"turns":4},{"damage":1,"enemies":"Jaw Worm","floor":2,"turns":4},{"damage":0,"enemies":"Cultist","floor":4,"turns":3},{"damage":3,"enemies":"Large Slime","floor":5,"turns":10},{"damage":17,"enemies":"Lagavulin","floor":7,"turns":9},{"damage":1,"enemies":"2 Fungi Beasts","floor":12,"turns":4},{"damage":27,"enemies":"Gremlin Nob","floor":13,"turns":7},{"damage":1,"enemies":"Exordium Wildlife","floor":14,"turns":3},{"damage":0,"enemies":"Hexaghost","floor":16,"turns":10},{"damage":11,"enemies":"Spheric Guardian","floor":18,"turns":4},{"damage":0,"enemies":"2 Thieves","floor":21,"turns":5},{"damage":3,"enemies":"Snake Plant","floor":22,"turns":4},{"damage":4,"enemies":"Snecko","floor":24,"turns":5},{"damage":2,"enemies":"Slavers","floor":27,"turns":6},{"damage":3,"enemies":"Chosen and Byrds","floor":30,"turns":8},{"damage":16,"enemies":"Champ","floor":33,"turns":14},{"damage":10,"enemies":"3 Shapes","floor":35,"turns":7},{"damage":10,"enemies":"3 Darklings","floor":36,"turns":7},{"damage":9,"enemies":"Maw","floor":37,"turns":6},{"damage":12,"enemies":"Flame Bruiser 2 Orb","floor":39,"turns":4},{"damage":0,"enemies":"3 Darklings","floor":41,"turns":4},{"damage":7,"enemies":"Sphere and 2 Shapes","floor":44,"turns":6},{"damage":33,"enemies":"Nemesis","floor":45,"turns":7},{"damage":72,"enemies":"Time Eater","floor":50,"turns":6}],"event_choices":[{"event_name":"Scrap Ooze","player_choice":"success","floor":3,"damage_taken":12},{"event_name":"World of Goop","player_choice":"Gather Gold","floor":10,"damage_taken":0},{"event_name":"Beggar","player_choice":"Gave Gold","floor":20,"damage_taken":0},{"event_name":"Forgotten Altar","player_choice":"Shed Blood","floor":28,"damage_taken":0},{"event_name":"Back to Basics","player_choice":"Elegance","floor":31,"damage_taken":0},{"event_name":"The Moai Head","player_choice":"Heal","floor":46,"damage_taken":0}],"boss_relics":[{"not_picked":["Orrery","Question Card"],"picked":"Cursed Key"},{"not_picked":["Calling Bell","Snecko Eye"],"picked":"White Beast Statue"}],"potions_floor_spawned":[1,2,4,14,21,22,33,35,36,37,39,41,44,45],"seed_played":"-1448993620999878096","killed_by":"Time Eater","ascension_level":0,"is_trial":false}