{"gold_per_floor":[111,111,76,94,169,198,37,67,121,152,152,178,188,201,201,201],"floor_reached":16,"playtime":378,"items_purged":[],"score":286,"play_id":"e8570cff-c659-4684-a411-dc4d9f93d8c5","local_time":"20190226132358","is_ascension_mode":true,"campfire_choices":[{"data":"Defragment","floor":11,"key":"SMITH"},{"data":"Defragment","floor":15,"key":"SMITH"}],"neow_cost":"NONE","seed_source_timestamp":17392804321900,"circlet_count":0,"master_deck":["AscendersBane","Strike_B+1","Strike_B+1","Strike_B","Strike_B","Defend_B","Defend_B","Defend_B","Defend_B","Zap","Dualcast","Glacier","Defragment+1","Consume","Defragment+1","Turbo","Cold Snap"],"relics":["Cracked Core","NeowsBlessing","Meat on the Bone","Omamori","Tiny Chest","Dream Catcher","Darkstone Periapt"],"potions_floor_usage":[14],"damage_taken":[{"damage":0,"enemies":"2 Louse","floor":1,"turns":1},{"damage":0,"enemies":"Jaw Worm","floor":4,"turns":1},{"damage":0,"enemies":"Lagavulin","floor":6,"turns":1},{"damage":36,"enemies":"Gremlin Nob","floor":10,"turns":4},{"damage":1,"enemies":"Lagavulin","floor":12,"turns":6},{"damage":0,"enemies":"Cultist","floor":13,"turns":4},{"damage":0,"enemies":"2 Fungi Beasts","floor":14,"turns":4},{"damage":34,"enemies":"Hexaghost","floor":16,"turns":16}],"seed_played":"8752185704518802032","potions_obtained":[{"floor":6,"key":"Weak Potion"},{"floor":10,"key":"FairyPotion"},{"floor":14,"key":"Fruit Juice"}],"is_trial":false,"path_per_floor":["M","?","?","M","?","E","$","?","T","E","R","E","M","M","R","B"],"character_chosen":"DEFECT","items_purchased":["Omamori"],"campfire_rested":0,"item_purchase_floors":[7],"current_hp_per_floor":[64,43,60,60,49,49,49,49,49,25,25,36,36,41,41,7],"gold":201,"neow_bonus":"THREE_ENEMY_KILL","is_prod":false,"is_daily":false,"chose_seed":false,"campfire_upgraded":2,"win_rate":0,"timestamp":1551155038,"path_taken":["M","?","?","M","?","E","$","?","T","E","R","E","M","?","R","BOSS"],"build_version":"2019-01-23","purchased_purges":0,"victory":false,"max_hp_per_floor":[71,71,71,71,71,71,71,71,71,71,71,71,71,76,76,76],"card_choices":[{"not_picked":["Coolheaded","Steam"],"picked":"Glacier","floor":1},{"not_picked":["Conserve Battery","Compile Driver","Stack"],"picked":"SKIP","floor":4},{"not_picked":["Core Surge","Double Energy"],"picked":"Defragment","floor":6},{"not_picked":["Genetic Algorithm","White Noise"],"picked":"Consume","floor":10},{"not_picked":["Gash","Skim"],"picked":"Defragment","floor":12},{"not_picked":["Conserve Battery","Go for the Eyes"],"picked":"Turbo","floor":13},{"not_picked":["Redo","Ball Lightning"],"picked":"Cold Snap","floor":14}],"player_experience":1831564,"relics_obtained":[{"floor":6,"key":"Meat on the Bone"},{"floor":10,"key":"Dream Catcher"},{"floor":12,"key":"Darkstone Periapt"}],"event_choices":[{"damage_healed":0,"gold_gain":0,"player_choice":"Entered Light","damage_taken":21,"max_hp_gain":0,"max_hp_loss":0,"event_name":"Shining Light","floor":2,"gold_loss":0,"cards_upgraded":["Strike_B","Strike_B"]},{"damage_healed":17,"gold_gain":0,"player_choice":"Healed","damage_taken":0,"max_hp_gain":0,"max_hp_loss":0,"event_name":"The Cleric","floor":3,"gold_loss":35},{"damage_healed":0,"gold_gain":75,"player_choice":"Gather Gold","damage_taken":11,"max_hp_gain":0,"max_hp_loss":0,"event_name":"World of Goop","floor":5,"gold_loss":0},{"damage_healed":0,"gold_gain":0,"player_choice":"Gave Potion","damage_taken":0,"relics_obtained":["Tiny Chest"],"max_hp_gain":0,"max_hp_loss":0,"event_name":"WeMeetAgain","floor":8,"gold_loss":0}],"is_beta":false,"boss_relics":[],"items_purged_floors":[],"is_endless":false,"potions_floor_spawned":[6,10,14],"killed_by":"Hexaghost","ascension_level":20}