{"gold_per_floor":[119,39,39,100,110,143,143,169,192,205,205,255,255,290,290,290],"floor_reached":16,"playtime":374,"items_purged":[],"score":236,"play_id":"9c185359-a309-484c-8b3f-628bab4887c6","local_time":"20190221153155","is_ascension_mode":true,"campfire_choices":[{"floor":7,"key":"REST"},{"data":"Zap","floor":11,"key":"SMITH"},{"data":"Dualcast","floor":13,"key":"SMITH"},{"data":"Static Discharge","floor":15,"key":"SMITH"}],"neow_cost":"NONE","seed_source_timestamp":99732859017900,"circlet_count":0,"master_deck":["AscendersBane","Strike_B","Strike_B","Strike_B","Strike_B","Defend_B","Defend_B","Defend_B","Defend_B","Zap+1","Dualcast+1","Self Repair","Self Repair","Cold Snap","Coolheaded","Static Discharge+1"],"relics":["Cracked Core","NeowsBlessing","SsserpentHead","Bag of Marbles","Anchor","Bag of Preparation","Kunai"],"potions_floor_usage":[8,8],"damage_taken":[{"damage":0,"enemies":"Cultist","floor":1,"turns":1},{"damage":0,"enemies":"2 Louse","floor":4,"turns":1},{"damage":0,"enemies":"Small Slimes","floor":5,"turns":1},{"damage":67,"enemies":"Gremlin Nob","floor":6,"turns":5},{"damage":25,"enemies":"3 Sentries","floor":8,"turns":9},{"damage":5,"enemies":"Blue Slaver","floor":10,"turns":5},{"damage":30,"enemies":"Lagavulin","floor":14,"turns":8},{"damage":0,"enemies":"The Guardian","floor":16,"turns":2}],"seed_played":"-8298731286525033187","potions_obtained":[{"floor":1,"key":"SpeedPotion"},{"floor":6,"key":"FocusPotion"},{"floor":8,"key":"Energy Potion"},{"floor":14,"key":"Dexterity Potion"}],"is_trial":false,"path_per_floor":["M","$","?","M","M","E","R","E","T","M","R","?","R","E","R","B"],"character_chosen":"DEFECT","items_purchased":["Self Repair"],"campfire_rested":1,"item_purchase_floors":[2],"current_hp_per_floor":[64,64,64,64,71,18,39,28,28,37,37,37,37,21,21,21],"gold":290,"neow_bonus":"THREE_ENEMY_KILL","is_prod":false,"is_daily":false,"chose_seed":false,"campfire_upgraded":3,"win_rate":0,"timestamp":1550730715,"path_taken":["M","?","?","?","M","E","R","E","T","M","R","?","R","E","R","BOSS"],"build_version":"2019-01-23","purchased_purges":0,"victory":false,"max_hp_per_floor":[71,71,71,71,71,71,71,71,71,71,71,71,71,71,71,71],"card_choices":[{"not_picked":["Steam Power","Steam","Skim"],"picked":"SKIP","floor":1},{"not_picked":["Fusion","Leap","Go for the Eyes"],"picked":"SKIP","floor":4},{"not_picked":["Double Energy","Fusion"],"picked":"Self Repair","floor":5},{"not_picked":["Compile Driver","Scrape"],"picked":"Cold Snap","floor":6},{"not_picked":["Thunder Strike","Skim","Genetic Algorithm"],"picked":"SKIP","floor":8},{"not_picked":["Steam","Self Repair"],"picked":"Coolheaded","floor":10},{"not_picked":["Undo","Stack"],"picked":"Static Discharge","floor":14}],"player_experience":1694534,"relics_obtained":[{"floor":6,"key":"Bag of Marbles"},{"floor":8,"key":"Anchor"},{"floor":9,"key":"Bag of Preparation"},{"floor":14,"key":"Kunai"}],"event_choices":[{"damage_healed":0,"gold_gain":0,"player_choice":"Trade","damage_taken":0,"relics_obtained":["SsserpentHead"],"max_hp_gain":0,"max_hp_loss":0,"event_name":"FaceTrader","floor":3,"gold_loss":0},{"damage_healed":0,"gold_gain":0,"player_choice":"Ignored","damage_taken":0,"max_hp_gain":0,"max_hp_loss":0,"event_name":"Liars Game","floor":12,"gold_loss":0}],"is_beta":false,"boss_relics":[],"items_purged_floors":[],"is_endless":false,"potions_floor_spawned":[1,6,8,14],"killed_by":"The Guardian","ascension_level":20}