{"gold_per_floor":[117,117,82,93,6,6,71,71,71,99,109,134,146,175,175,175],"floor_reached":16,"playtime":316,"items_purged":[],"score":286,"play_id":"a5f66710-7a25-4f76-9bef-19384412e715","local_time":"20190328114953","is_ascension_mode":true,"campfire_choices":[{"data":"Rampage","floor":6,"key":"SMITH"},{"data":"Bash","floor":8,"key":"SMITH"},{"data":"Immolate","floor":15,"key":"SMITH"}],"neow_cost":"NONE","seed_source_timestamp":35005787646899,"circlet_count":0,"master_deck":["AscendersBane","Strike_R","Strike_R+1","Strike_R","Strike_R","Strike_R","Defend_R+1","Defend_R","Defend_R","Defend_R","Bash+1","Battle Trance","Rampage+1","True Grit","Shockwave","Immolate+1"],"relics":["Burning Blood","NeowsBlessing","Tiny Chest","Omamori","Juzu Bracelet","Smiling Mask","Pen Nib"],"potions_floor_usage":[14,14,16],"damage_taken":[{"damage":0,"enemies":"2 Louse","floor":1,"turns":1},{"damage":0,"enemies":"Small Slimes","floor":4,"turns":1},{"damage":0,"enemies":"3 Sentries","floor":7,"turns":1},{"damage":44,"enemies":"Gremlin Nob","floor":10,"turns":4},{"damage":1,"enemies":"Cultist","floor":11,"turns":3},{"damage":1,"enemies":"Exordium Wildlife","floor":13,"turns":3},{"damage":27,"enemies":"3 Sentries","floor":14,"turns":14},{"damage":31,"enemies":"Slime Boss","floor":16,"turns":6}],"seed_played":"-5474537914045381731","potions_obtained":[{"floor":7,"key":"Dexterity Potion"},{"floor":10,"key":"SkillPotion"},{"floor":14,"key":"LiquidBronze"}],"is_trial":false,"path_per_floor":["M","?","?","M","$","R","E","R","T","E","M","T","M","E","R","B"],"character_chosen":"IRONCLAD","items_purchased":["Rampage"],"campfire_rested":0,"item_purchase_floors":[5],"current_hp_per_floor":[74,51,69,75,75,75,75,75,75,37,42,42,47,26,26,0],"gold":175,"neow_bonus":"THREE_ENEMY_KILL","is_prod":false,"is_daily":false,"chose_seed":false,"campfire_upgraded":3,"win_rate":0,"timestamp":1553741393,"path_taken":["M","?","?","M","$","R","E","R","T","E","M","?","M","E","R","BOSS"],"build_version":"2019-01-23","purchased_purges":0,"victory":false,"max_hp_per_floor":[75,75,75,75,75,75,75,75,75,75,75,75,75,75,75,75],"card_choices":[{"not_picked":["Perfected Strike","Thunderclap"],"picked":"Battle Trance","floor":1},{"not_picked":["Dropkick","Clash","Pommel Strike"],"picked":"SKIP","floor":4},{"not_picked":["Hemokinesis","Perfected Strike","Havoc"],"picked":"SKIP","floor":7},{"not_picked":["Entrench","Warcry"],"picked":"True Grit","floor":10},{"not_picked":["Wild Strike","Thunderclap"],"picked":"Shockwave","floor":11},{"not_picked":["Rage","Flex","Warcry"],"picked":"SKIP","floor":13},{"not_picked":["Dropkick","Spot Weakness"],"picked":"Immolate","floor":14}],"player_experience":2662044,"relics_obtained":[{"floor":7,"key":"Tiny Chest"},{"floor":9,"key":"Omamori"},{"floor":10,"key":"Juzu Bracelet"},{"floor":12,"key":"Smiling Mask"},{"floor":14,"key":"Pen Nib"}],"event_choices":[{"damage_healed":0,"gold_gain":0,"player_choice":"Entered Light","damage_taken":23,"max_hp_gain":0,"max_hp_loss":0,"event_name":"Shining Light","floor":2,"gold_loss":0,"cards_upgraded":["Strike_R","Defend_R"]},{"damage_healed":18,"gold_gain":0,"player_choice":"Healed","damage_taken":0,"max_hp_gain":0,"max_hp_loss":0,"event_name":"The Cleric","floor":3,"gold_loss":35}],"is_beta":false,"boss_relics":[],"items_purged_floors":[],"is_endless":false,"potions_floor_spawned":[7,10,13,14],"killed_by":"Slime Boss","ascension_level":20}