{"path_per_floor":["M","M","$","M","?","?","E","R","T","$","M","R","M","?","R","B",null,"M","?","?","$","?","E","M","E","T","R","M","R","?","M","R","B",null,"M","?","$","M","M"],"character_chosen":"IRONCLAD","items_purchased":["Armaments","Iron Wave","Sadistic Nature","Regen Potion","Clash","Apotheosis"],"gold_per_floor":[361,377,36,48,48,48,73,73,99,51,71,71,91,147,147,247,247,187,187,187,39,39,66,85,119,119,119,135,135,135,152,152,252,252,269,269,68,82,96],"floor_reached":40,"campfire_rested":2,"playtime":4963,"current_hp_per_floor":[72,78,78,80,68,61,36,60,60,60,55,55,71,72,72,69,77,71,55,80,80,80,80,80,80,80,80,78,78,78,42,66,15,64,80,80,80,41,23],"items_purged":["Writhe","Defend_R"],"gold":96,"score":570,"play_id":"ff929da0-6d24-4c99-aede-0572b17df8ee","local_time":"20180311154848","is_prod":false,"is_daily":false,"is_ascension_mode":true,"campfire_upgraded":4,"timestamp":1520776128,"path_taken":["M","M","$","?","?","?","E","R","T","?","M","R","M","?","R","BOSS","M","?","?","$","?","E","M","E","T","R","M","R","?","M","R","BOSS","M","?","$","M","M","E"],"build_version":"2018-03-09","purchased_purges":3,"victory":false,"master_deck":["Strike_R","Strike_R","Strike_R","Defend_R","Bash","Intimidate+1","Iron Wave","Armaments+1","Iron Wave","Sadistic Nature","Dropkick","Infernal Blade+1","Armaments+1","Flex","Reaper","Flex","Offering","Fiend Fire+1","Berserk+1","Spot Weakness+1","Clash","Spot Weakness+1","Reaper","Body Slam+1","Apotheosis","Infernal Blade+1"],"max_hp_per_floor":[80,80,80,80,80,80,80,80,80,80,80,80,80,80,80,80,80,80,80,80,80,80,80,80,80,80,80,80,80,80,80,80,80,80,80,80,80,80,83],"relics":["Burning Blood","Prayer Wheel","Juzu Bracelet","Oddly Smooth Stone","Pen Nib","Nilry\u0027s Codex","Happy Flower","Unceasing Top","Frozen Eye","Nloth\u0027s Gift","Eternal Feather"],"card_choices":[{"not_picked":["Sword Boomerang","Thunderclap"],"picked":"Intimidate"},{"not_picked":["Sword Boomerang","Battle Trance"],"picked":"Iron Wave"},{"not_picked":["Flex","Flame Barrier"],"picked":"Dropkick"},{"not_picked":["Seeing Red","Anger"],"picked":"Infernal Blade"},{"not_picked":["Sever Soul","Headbutt"],"picked":"Armaments"},{"not_picked":["Second Wind","Havoc"],"picked":"Flex"},{"not_picked":["Thunderclap","True Grit"],"picked":"Reaper"},{"not_picked":["Pommel Strike","Wild Strike"],"picked":"Flex"},{"not_picked":["Berserk","Limit Break"],"picked":"Offering"},{"not_picked":["Shrug It Off","Twin Strike"],"picked":"Spot Weakness"},{"not_picked":["Berserk","Barricade"],"picked":"Reaper"},{"not_picked":["Battle Trance","Carnage"],"picked":"Body Slam"},{"not_picked":["Shockwave","Clothesline"],"picked":"Infernal Blade"}],"player_experience":278622,"potions_floor_usage":[39,39],"damage_taken":[{"damage":6.0,"enemies":"Cultist","floor":1.0,"turns":3.0},{"damage":0.0,"enemies":"2 Louse","floor":2.0,"turns":3.0},{"damage":3.0,"enemies":"Small Slimes","floor":4.0,"turns":4.0},{"damage":31.0,"enemies":"3 Sentries","floor":7.0,"turns":9.0},{"damage":11.0,"enemies":"Looter","floor":11.0,"turns":3.0},{"damage":2.0,"enemies":"Blue Slaver","floor":13.0,"turns":5.0},{"damage":15.0,"enemies":"3 Sentries","floor":14.0,"turns":10.0},{"damage":19.0,"enemies":"The Guardian","floor":16.0,"turns":12.0},{"damage":22.0,"enemies":"2 Thieves","floor":18.0,"turns":4.0},{"damage":34.0,"enemies":"Gremlin Leader","floor":23.0,"turns":5.0},{"damage":23.0,"enemies":"3 Byrds","floor":24.0,"turns":5.0},{"damage":25.0,"enemies":"Book of Stabbing","floor":25.0,"turns":4.0},{"damage":8.0,"enemies":"Snake Plant","floor":28.0,"turns":2.0},{"damage":42.0,"enemies":"Cultist and Chosen","floor":31.0,"turns":6.0},{"damage":79.0,"enemies":"Automaton","floor":33.0,"turns":7.0},{"damage":26.0,"enemies":"3 Darklings","floor":35.0,"turns":4.0},{"damage":62,"enemies":"3 Shapes","floor":38,"turns":6},{"damage":60,"enemies":"Maw","floor":39,"turns":8},{"damage":29,"enemies":"2 Orb Walkers","floor":40,"turns":2}],"event_choices":[{"event_name":"Scrap Ooze","player_choice":"success","floor":5.0,"damage_taken":12.0},{"event_name":"Golden Wing","player_choice":"Card Removal","floor":6.0,"damage_taken":0.0},{"event_name":"Dead Adventurer","player_choice":"Searched \u00272\u0027 times","floor":14.0,"damage_taken":0.0},{"event_name":"Cursed Tome","player_choice":"Obtained Book","floor":19.0,"damage_taken":0.0},{"event_name":"The Library","player_choice":"Heal","floor":20.0,"damage_taken":0.0},{"event_name":"Wheel of Change","player_choice":"Full Heal","floor":22.0,"damage_taken":0.0},{"event_name":"N\u0027loth","player_choice":"Traded a Astrolabe","floor":30.0,"damage_taken":0.0},{"event_name":"Tomb of Lord Red Mask","player_choice":"Ignored","floor":36,"damage_taken":0}],"boss_relics":[],"potions_floor_spawned":[1,7,11,13,23,25,28,35,38],"seed_played":"6911714393375082421","killed_by":"2 Orb Walkers","ascension_level":7,"is_trial":false}