{"gold_per_floor":[111,111,164,164,177,204,204,232,314,338,366,366,381,35,35,109,109,127,146,157,207,220,220,250,250,250,250,276,287,287,287,287,361,361,371,391,404,404,219,219,219,229,306,321,321,321,59,59,59,59],"floor_reached":51,"playtime":2334,"items_purged":["Strike_B","Writhe"],"score":1264,"play_id":"d7135071-9b18-4082-8f93-cf70d38c5879","local_time":"20181209203509","is_ascension_mode":true,"campfire_choices":[{"data":"Streamline","floor":7,"key":"SMITH"},{"data":"Zap","floor":12,"key":"SMITH"},{"data":"Hologram","floor":15,"key":"SMITH"},{"floor":23,"key":"REST"},{"data":"Consume","floor":25,"key":"SMITH"},{"floor":27,"key":"REST"},{"data":"Loop","floor":30,"key":"SMITH"},{"floor":32,"key":"REST"},{"data":"Defragment","floor":40,"key":"SMITH"},{"floor":41,"key":"REST"},{"floor":46,"key":"REST"},{"floor":49,"key":"REST"}],"neow_cost":"NONE","seed_source_timestamp":1230805967183420,"circlet_count":0,"master_deck":["AscendersBane","Strike_B+1","Strike_B+1","Strike_B+1","Defend_B+1","Defend_B+1","Defend_B+1","Defend_B+1","Zap+1","Dualcast+1","Streamline+1","Sweeping Beam+1","Hologram+1","Cold Snap+1","Loop+1","Hologram+1","Conserve Battery+1","Electrodynamics+1","Ball Lightning+1","Compile Driver+1","Leap+1","Lockon+1","Consume+1","Electrodynamics+1","BootSequence+1","Cold Snap+1","Master of Strategy+1","Defragment+1","Glacier+1","Compile Driver+1"],"relics":["Cracked Core","NeowsBlessing","Ancient Tea Set","Happy Flower","Bag of Marbles","The Courier","Blood Vial","Orichalcum","Runic Capacitor","Vajra","Sozu","Ginger","WingedGreaves","Red Mask","MutagenicStrength","Snecko Eye","Mummified Hand","ClockworkSouvenir","Mark of the Bloom"],"potions_floor_usage":[8,11,29],"damage_taken":[{"damage":0,"enemies":"Small Slimes","floor":1,"turns":1},{"damage":0,"enemies":"Jaw Worm","floor":5,"turns":1},{"damage":0,"enemies":"3 Sentries","floor":6,"turns":1},{"damage":6,"enemies":"Gremlin Nob","floor":8,"turns":3},{"damage":13,"enemies":"Lagavulin","floor":11,"turns":5},{"damage":0,"enemies":"2 Louse","floor":13,"turns":1},{"damage":10,"enemies":"The Guardian","floor":16,"turns":9},{"damage":3,"enemies":"Chosen","floor":18,"turns":5},{"damage":21,"enemies":"Shell Parasite","floor":19,"turns":5},{"damage":28,"enemies":"Cultist and Chosen","floor":20,"turns":4},{"damage":9,"enemies":"Centurion and Healer","floor":22,"turns":5},{"damage":14,"enemies":"Slavers","floor":24,"turns":4},{"damage":1,"enemies":"Masked Bandits","floor":28,"turns":3},{"damage":7,"enemies":"Snecko","floor":29,"turns":3},{"damage":34,"enemies":"Automaton","floor":33,"turns":8},{"damage":5,"enemies":"3 Shapes","floor":35,"turns":3},{"damage":1,"enemies":"Orb Walker","floor":36,"turns":2},{"damage":43,"enemies":"Spire Growth","floor":37,"turns":4},{"damage":13,"enemies":"Transient","floor":42,"turns":6},{"damage":19,"enemies":"Writhing Mass","floor":44,"turns":4},{"damage":19,"enemies":"Time Eater","floor":50,"turns":10}],"seed_played":"5543910774435612033","potions_obtained":[{"floor":5,"key":"Block Potion"},{"floor":8,"key":"Weak Potion"},{"floor":11,"key":"FocusPotion"}],"is_trial":false,"path_per_floor":["M","?","?","?","M","E","R","E","T","T","E","R","M","$","R","B",null,"M","M","M","?","M","R","E","R","T","R","?","M","R","?","R","B",null,"M","M","M","?","$","R","R","M","T","M","?","R","$","?","R","B",null],"character_chosen":"DEFECT","items_purchased":["Runic Capacitor","Vajra","Conserve Battery","Defragment","Glacier","ClockworkSouvenir"],"campfire_rested":6,"item_purchase_floors":[14,14,14,39,39,47],"current_hp_per_floor":[64,64,64,53,53,53,53,47,47,47,36,36,38,38,38,30,61,60,41,15,15,8,29,17,17,17,38,39,34,34,34,55,23,59,56,57,16,16,16,16,37,26,26,9,23,44,44,44,44,25],"gold":59,"neow_bonus":"THREE_ENEMY_KILL","is_prod":false,"is_daily":false,"chose_seed":false,"campfire_upgraded":6,"win_rate":0,"timestamp":1544358909,"path_taken":["M","?","?","?","M","E","R","E","T","?","E","R","M","?","R","BOSS","M","M","M","?","M","R","E","R","T","R","?","M","R","?","R","BOSS","M","M","M","?","?","R","R","M","T","M","?","R","$","?","R","BOSS"],"build_version":"2018-11-15","purchased_purges":2,"victory":true,"max_hp_per_floor":[71,71,71,71,71,71,71,71,71,71,71,71,71,71,71,71,71,71,71,71,71,71,71,71,71,71,71,71,71,71,71,71,71,71,71,71,71,71,71,71,71,71,71,71,71,71,71,71,71,71],"card_choices":[{"not_picked":["Compile Driver","Melter"],"picked":"Streamline","floor":1},{"not_picked":["Barrage","Steam"],"picked":"Sweeping Beam","floor":5},{"not_picked":["Double Energy","Darkness"],"picked":"Hologram","floor":6},{"not_picked":["Streamline","Capacitor"],"picked":"Cold Snap","floor":8},{"not_picked":["Consume","Go for the Eyes"],"picked":"Loop","floor":11},{"not_picked":["Darkness","Barrage"],"picked":"Hologram","floor":13},{"not_picked":["Seek","Multi-Cast"],"picked":"Electrodynamics","floor":16},{"not_picked":["Hologram","Coolheaded+1"],"picked":"Ball Lightning","floor":18},{"not_picked":["Capacitor","Rebound"],"picked":"Compile Driver","floor":19},{"not_picked":["Sunder","Conserve Battery"],"picked":"Leap","floor":20},{"not_picked":["Leap","Rebound"],"picked":"Lockon+1","floor":22},{"not_picked":["Lockon","Beam Cell"],"picked":"Consume","floor":24},{"not_picked":["Rebound+1","Doom and Gloom","Fusion"],"picked":"SKIP","floor":29},{"not_picked":["Seek","Biased Cognition"],"picked":"Electrodynamics","floor":33},{"not_picked":["Steam","Stack"],"picked":"BootSequence","floor":35},{"not_picked":["Compile Driver","Scrape"],"picked":"Cold Snap","floor":36},{"not_picked":["Conserve Battery","Cold Snap","Stack"],"picked":"SKIP","floor":37},{"not_picked":["Enlightenment","HandOfGreed"],"picked":"Master of Strategy","floor":38},{"not_picked":["Rip and Tear+1","Streamline","Cold Snap"],"picked":"SKIP","floor":42},{"not_picked":["Barrage","Ball Lightning"],"picked":"Compile Driver+1","floor":44}],"player_experience":624534,"relics_obtained":[{"floor":6,"key":"Happy Flower"},{"floor":8,"key":"Bag of Marbles"},{"floor":9,"key":"The Courier"},{"floor":10,"key":"Blood Vial"},{"floor":11,"key":"Orichalcum"},{"floor":24,"key":"Ginger"},{"floor":26,"key":"WingedGreaves"},{"floor":28,"key":"Red Mask"},{"floor":43,"key":"Mummified Hand"}],"event_choices":[{"damage_healed":0,"gold_gain":0,"player_choice":"Ignored","damage_taken":0,"max_hp_gain":0,"max_hp_loss":0,"event_name":"Liars Game","floor":2,"gold_loss":0},{"damage_healed":0,"gold_gain":53,"player_choice":"Gained Gold","damage_taken":0,"max_hp_gain":0,"max_hp_loss":0,"event_name":"Golden Wing","floor":3,"gold_loss":0},{"damage_healed":0,"gold_gain":0,"player_choice":"Success","damage_taken":11,"relics_obtained":["Ancient Tea Set"],"max_hp_gain":0,"max_hp_loss":0,"event_name":"Scrap Ooze","floor":4,"gold_loss":0},{"damage_healed":0,"gold_gain":50,"player_choice":"Stole From Cult","damage_taken":0,"max_hp_gain":0,"max_hp_loss":0,"event_name":"Nest","floor":21,"gold_loss":0},{"damage_healed":0,"gold_gain":0,"player_choice":"Fought Bandits","damage_taken":0,"max_hp_gain":0,"max_hp_loss":0,"event_name":"Masked Bandits","floor":28,"gold_loss":0},{"damage_healed":0,"gold_gain":0,"player_choice":"Inject Mutagens","damage_taken":0,"relics_obtained":["MutagenicStrength"],"max_hp_gain":0,"max_hp_loss":0,"event_name":"Drug Dealer","floor":31,"gold_loss":0},{"damage_healed":0,"gold_gain":0,"player_choice":"Memory 1","damage_taken":0,"max_hp_gain":0,"max_hp_loss":0,"event_name":"SensoryStone","floor":38,"gold_loss":0},{"damage_healed":14,"gold_gain":0,"player_choice":"Writhe","damage_taken":0,"max_hp_gain":0,"max_hp_loss":0,"event_name":"Winding Halls","floor":45,"gold_loss":0,"cards_obtained":["Writhe"]},{"damage_healed":0,"gold_gain":0,"player_choice":"Upgrade","damage_taken":0,"relics_obtained":["Mark of the Bloom"],"max_hp_gain":0,"max_hp_loss":0,"event_name":"MindBloom","floor":48,"gold_loss":0,"cards_upgraded":["Strike_B","Strike_B","Strike_B","Defend_B","Defend_B","Defend_B","Defend_B","Dualcast","Sweeping Beam","Hologram","Cold Snap","Conserve Battery","Electrodynamics","Ball Lightning","Compile Driver","Leap","Electrodynamics","BootSequence","Cold Snap","Master of Strategy","Glacier"]}],"is_beta":true,"boss_relics":[{"not_picked":["Velvet Choker","Pandora\u0027s Box"],"picked":"Sozu"},{"not_picked":["FrozenCore","Philosopher\u0027s Stone"],"picked":"Snecko Eye"}],"items_purged_floors":[39,47],"is_endless":false,"potions_floor_spawned":[5,8,11,18,24,28,33,35,36],"ascension_level":17}