{"gold_per_floor":[119,119,194,212,223,257,282,294,306,347,369,381,393,55,55,55],"floor_reached":16,"playtime":659,"items_purged":["Strike_B"],"score":220,"play_id":"0ffa8883-5ead-45f6-a7b2-7a2a9b7fa3c2","local_time":"20190417143046","is_ascension_mode":true,"campfire_choices":[{"floor":8,"key":"REST"},{"data":"Creative AI","floor":12,"key":"SMITH"},{"data":"White Noise","floor":15,"key":"SMITH"}],"neow_cost":"NONE","seed_source_timestamp":124212722633900,"circlet_count":0,"master_deck":["AscendersBane","Strike_B","Strike_B","Strike_B","Defend_B","Defend_B","Defend_B","Zap","Dualcast","White Noise+1","Double Energy","Ball Lightning","FTL","Creative AI+1","Chill","Turbo","Sunder"],"relics":["Cracked Core","NeowsBlessing","MawBank","Omamori","Bottled Lightning","PrismaticShard"],"potions_floor_usage":[6,10,16],"damage_taken":[{"damage":0,"enemies":"Small Slimes","floor":1,"turns":1},{"damage":0,"enemies":"Jaw Worm","floor":4,"turns":1},{"damage":0,"enemies":"2 Louse","floor":5,"turns":1},{"damage":28,"enemies":"Gremlin Nob","floor":6,"turns":4},{"damage":1,"enemies":"Looter","floor":7,"turns":2},{"damage":12,"enemies":"3 Sentries","floor":10,"turns":8},{"damage":15,"enemies":"Large Slime","floor":11,"turns":4},{"damage":12,"enemies":"Hexaghost","floor":16,"turns":7}],"seed_played":"-7542277968961629521","potions_obtained":[{"floor":4,"key":"FearPotion"},{"floor":5,"key":"Energy Potion"},{"floor":11,"key":"Poison Potion"}],"is_trial":false,"path_per_floor":["M","?","?","M","M","E","M","R","T","E","M","R","?","$","R","B"],"character_chosen":"DEFECT","items_purchased":["PrismaticShard","PowerPotion"],"campfire_rested":1,"item_purchase_floors":[14,14],"current_hp_per_floor":[64,64,53,53,53,25,24,45,45,33,18,18,23,23,23,11],"gold":55,"neow_bonus":"THREE_ENEMY_KILL","is_prod":false,"is_daily":false,"chose_seed":false,"campfire_upgraded":2,"win_rate":0,"timestamp":1555479046,"path_taken":["M","?","?","M","?","E","M","R","T","E","M","R","?","$","R","BOSS"],"build_version":"2019-01-23","purchased_purges":1,"victory":false,"max_hp_per_floor":[71,71,71,71,71,71,71,71,71,71,71,71,76,76,76,76],"card_choices":[{"not_picked":["Beam Cell","Blizzard"],"picked":"White Noise","floor":1},{"not_picked":["Leap","Turbo"],"picked":"Ball Lightning","floor":4},{"not_picked":["Hologram","Leap"],"picked":"FTL","floor":5},{"not_picked":["Go for the Eyes","BootSequence"],"picked":"Creative AI","floor":6},{"not_picked":["Lockon","Hello World"],"picked":"Chill","floor":7},{"not_picked":["Rebound","Blizzard"],"picked":"Turbo","floor":10},{"not_picked":["Stack","Gash"],"picked":"Sunder","floor":11}],"player_experience":3192199,"relics_obtained":[{"floor":6,"key":"MawBank"},{"floor":9,"key":"Omamori"},{"floor":10,"key":"Bottled Lightning"}],"event_choices":[{"damage_healed":0,"gold_gain":0,"cards_transformed":["Defend_B"],"player_choice":"Change","damage_taken":0,"max_hp_gain":0,"max_hp_loss":0,"event_name":"Living Wall","floor":2,"gold_loss":0,"cards_obtained":["Double Energy"]},{"damage_healed":0,"gold_gain":75,"player_choice":"Gather Gold","damage_taken":11,"max_hp_gain":0,"max_hp_loss":0,"event_name":"World of Goop","floor":3,"gold_loss":0},{"damage_healed":0,"gold_gain":0,"player_choice":"Donut","damage_taken":0,"max_hp_gain":5,"max_hp_loss":0,"event_name":"Big Fish","floor":13,"gold_loss":0}],"is_beta":false,"boss_relics":[],"items_purged_floors":[14],"is_endless":false,"potions_floor_spawned":[4,5,11],"killed_by":"Hexaghost","ascension_level":20}