{"path_per_floor":["M","?","M","M","M","R","E","?","T","$","E","M","M","?","R","B",null,"M","$","?","?","?","R","M","R","T","M","?","R"],"character_chosen":"THE_SILENT","items_purchased":["Infinite Blades","Leg Sweep","Backflip"],"gold_per_floor":[116,116,132,151,171,171,199,199,247,6,35,55,69,129,129,228,228,248,148,48,48,48,48,59,59,59,71,71,71],"floor_reached":30,"campfire_rested":0,"playtime":2294,"current_hp_per_floor":[70,67,65,65,65,65,61,61,61,61,61,51,51,57,57,45,72,67,67,67,67,67,67,47,47,47,39,23,23],"items_purged":["Strike_G","Strike_G"],"gold":71,"play_id":"e012940c-70ac-454f-b655-9d856ae34dc4","is_prod":false,"is_daily":false,"is_ascension_mode":false,"campfire_upgraded":5,"path_taken":["M","?","M","M","M","R","E","?","T","?","E","M","M","?","R","BOSS","M","$","?","?","?","R","M","R","T","M","?","R","E"],"build_version":"2018-02-01-PROD3","purchased_purges":2,"victory":false,"master_deck":["Defend_G","Defend_G","Defend_G","Defend_G","Survivor","Neutralize+1","Heel Hook+1","Dagger Spray","Dagger Spray+1","Sucker Punch+1","Caltrops","Infinite Blades+1","Leg Sweep","Backflip","Well Laid Plans","Accuracy+1","Backflip","Noxious Fumes+1","Unload","Die Die Die+1","Blade Dance+1","Poisoned Stab+1","Bane+1","Terror"],"max_hp_per_floor":[70,70,70,70,70,70,72,72,72,72,72,72,72,72,72,72,72,72,72,72,72,72,72,72,72,72,74,74,74],"relics":["Ring of the Snake","Mercury Hourglass","Singing Bowl","Bronze Scales","Snake Skull","Bottled Lightning","Astrolabe","Bag of Preparation","Whetstone","Nilry\u0027s Codex"],"card_choices":[{"not_picked":["PiercingWail","Riddle With Holes"],"picked":"Heel Hook"},{"not_picked":["Masterful Stab","Backstab"],"picked":"Dagger Spray"},{"not_picked":["Crippling Poison","Deflect"],"picked":"Dagger Spray"},{"not_picked":["Endless Agony","Bane"],"picked":"Sucker Punch"},{"not_picked":["Predator","Riddle With Holes"],"picked":"Well Laid Plans"},{"not_picked":["Flying Knee","Deadly Poison"],"picked":"Accuracy"},{"not_picked":["Crippling Poison","Deflect"],"picked":"Backflip"},{"not_picked":["Dodge and Roll","Deadly Poison"],"picked":"Noxious Fumes"},{"not_picked":["Bullet Time","Phantasmal Killer"],"picked":"Unload"},{"not_picked":["Blade Dance","Sucker Punch"],"picked":"Bane"},{"not_picked":["Sucker Punch","Dodge and Roll"],"picked":"Terror"}],"player_experience":156131,"potions_floor_usage":[11,11,14,14,18,18,27],"damage_taken":[{"damage":0,"enemies":"Small Slimes","floor":1,"turns":5},{"damage":2,"enemies":"2 Louse","floor":3,"turns":2},{"damage":0,"enemies":"Cultist","floor":4,"turns":4},{"damage":0,"enemies":"3 Louse","floor":5,"turns":1},{"damage":6,"enemies":"Gremlin Nob","floor":7,"turns":4},{"damage":0,"enemies":"3 Sentries","floor":11,"turns":4},{"damage":10,"enemies":"Exordium Wildlife","floor":12,"turns":3},{"damage":0,"enemies":"Large Slime","floor":13,"turns":5},{"damage":6,"enemies":"Gremlin Nob","floor":14,"turns":4},{"damage":12,"enemies":"The Guardian","floor":16,"turns":8},{"damage":5,"enemies":"Chosen","floor":18,"turns":4},{"damage":20,"enemies":"2 Thieves","floor":24,"turns":3},{"damage":10,"enemies":"Centurion and Healer","floor":27,"turns":4},{"damage":27,"enemies":"Gremlin Leader","floor":30,"turns":2}],"event_choices":[{"event_name":"Scrap Ooze","player_choice":"success","floor":2,"damage_taken":3},{"event_name":"Living Wall","player_choice":"Change","floor":8,"damage_taken":0},{"event_name":"Dead Adventurer","player_choice":"Searched \u00271\u0027 times","floor":14,"damage_taken":0},{"event_name":"Drug Dealer","player_choice":"Got JAXXED","floor":20,"damage_taken":0},{"event_name":"Addict","player_choice":"Gave JAX","floor":21,"damage_taken":0},{"event_name":"Beggar","player_choice":"Ignored","floor":22,"damage_taken":0},{"event_name":"Cursed Tome","player_choice":"Obtained Book","floor":28,"damage_taken":0}],"boss_relics":[{"not_picked":["Orrery","Tiny House"],"picked":"Astrolabe"}],"potions_floor_spawned":[3,5,7,13,14,16,24],"seed_played":"1813517599672274047","killed_by":"Gremlin Leader","ascension_level":0,"is_trial":false}