{"gold_per_floor":[112,130,130,217,245,257,292,304,389,413,425,47,79,44,44,140,140,156,156],"floor_reached":19,"playtime":576,"items_purged":[],"score":190,"play_id":"d39e5cf5-498a-434c-b04f-1efcc8812596","local_time":"20180908200718","is_ascension_mode":true,"campfire_choices":[{"data":"Zap","floor":6,"key":"SMITH"},{"data":"Loop","floor":11,"key":"SMITH"},{"floor":15,"key":"DIG"}],"neow_cost":"NONE","seed_source_timestamp":93028805628607,"circlet_count":0,"master_deck":["Strike_B","Strike_B","Strike_B","Strike_B","Defend_B","Defend_B","Defend_B","Defend_B","Zap+1","Dualcast","Double Energy","Beam Cell","Ball Lightning","Loop+1","Coolheaded","Capacitor","Aggregate","Machine Learning","Defragment"],"relics":["Cracked Core","Strawberry","MawBank","Orichalcum","Molten Egg 2","Turnip","Shovel","Ancient Tea Set","Inserter"],"potions_floor_usage":[16],"damage_taken":[{"damage":2,"enemies":"Jaw Worm","floor":1,"turns":3},{"damage":1,"enemies":"Cultist","floor":2,"turns":4},{"damage":3,"enemies":"Small Slimes","floor":5,"turns":3},{"damage":3,"enemies":"Blue Slaver","floor":10,"turns":3},{"damage":27,"enemies":"Lagavulin","floor":13,"turns":5},{"damage":43,"enemies":"The Guardian","floor":16,"turns":12},{"damage":39,"enemies":"2 Thieves","floor":18,"turns":5},{"damage":44,"enemies":"3 Byrds","floor":19,"turns":3}],"seed_played":"8814182738662797765","potions_obtained":[{"floor":10,"key":"Strength Potion"}],"is_trial":false,"path_per_floor":["M","M","?","?","M","R","T","?","T","M","R","$","E","?","R","B",null,"M"],"character_chosen":"DEFECT","items_purchased":["Turnip","Coolheaded","Capacitor"],"campfire_rested":0,"item_purchase_floors":[12,12,12],"current_hp_per_floor":[80,79,76,65,62,62,62,62,62,59,59,59,32,52,52,9,82,43,0],"gold":156,"neow_bonus":"RANDOM_COMMON_RELIC","is_prod":false,"is_daily":false,"chose_seed":false,"campfire_upgraded":2,"win_rate":0,"timestamp":1536451638,"path_taken":["M","M","?","?","M","R","?","?","T","?","R","?","E","?","R","BOSS","M","?"],"build_version":"2018-09-06","purchased_purges":0,"victory":false,"max_hp_per_floor":[82,82,82,82,82,82,82,82,82,82,82,82,82,82,82,82,82,82,82],"card_choices":[{"not_picked":["Barrage","Turbo"],"picked":"Double Energy","floor":1},{"not_picked":["Skim","Barrage"],"picked":"Beam Cell","floor":2},{"not_picked":["Beam Cell","Reprogram"],"picked":"Ball Lightning","floor":5},{"not_picked":["Beam Cell+1","Aggregate"],"picked":"Loop","floor":10},{"not_picked":["Redo","Chaos"],"picked":"Aggregate","floor":13},{"not_picked":["Biased Cognition","Multi-Cast"],"picked":"Machine Learning","floor":16},{"not_picked":["Barrage+1","Chaos"],"picked":"Defragment","floor":18}],"player_experience":97327,"relics_obtained":[{"floor":7,"key":"Orichalcum"},{"floor":9,"key":"Molten Egg 2"},{"floor":13,"key":"Shovel"},{"floor":15,"key":"Ancient Tea Set"}],"event_choices":[{"event_name":"Scrap Ooze","player_choice":"success","floor":3,"damage_taken":3},{"event_name":"World of Goop","player_choice":"Gather Gold","floor":4,"damage_taken":0},{"event_name":"Liars Game","player_choice":"disagreed","floor":8,"damage_taken":0},{"event_name":"The Cleric","player_choice":"Healed","floor":14,"damage_taken":0}],"is_beta":false,"boss_relics":[{"not_picked":["Snecko Eye","Runic Dome"],"picked":"Inserter"}],"items_purged_floors":[],"is_endless":false,"potions_floor_spawned":[10],"killed_by":"3 Byrds","ascension_level":3}