{"gold_per_floor":[112,262,187,262,4,34,46,46,71,82,82,110,110,12,12,12],"floor_reached":16,"playtime":758,"items_purged":[],"score":192,"play_id":"2b59cbc4-8706-462c-b8cd-40c934ba5ac4","local_time":"20190318185801","is_ascension_mode":true,"campfire_choices":[{"floor":8.0,"key":"REST"},{"data":"Disarm","floor":11.0,"key":"SMITH"},{"data":"Disarm","floor":13.0,"key":"SMITH"},{"data":"True Grit","floor":15.0,"key":"SMITH"}],"neow_cost":"PERCENT_DAMAGE","seed_source_timestamp":0,"circlet_count":0,"master_deck":["AscendersBane","Strike_R","Strike_R","Strike_R","Strike_R","Strike_R","Defend_R","Defend_R","Defend_R","Defend_R","Bash","Feed","Feel No Pain","Disarm+1","Disarm+1","True Grit+1"],"special_seed":0,"relics":["Burning Blood","Membership Card","Mummified Hand","PreservedInsect","Odd Mushroom","Bag of Preparation"],"potions_floor_usage":[16,16],"damage_taken":[{"damage":5.0,"enemies":"2 Louse","floor":1.0,"turns":3.0},{"damage":32.0,"enemies":"Gremlin Nob","floor":6.0,"turns":4.0},{"damage":7.0,"enemies":"Small Slimes","floor":7.0,"turns":3.0},{"damage":10.0,"enemies":"Jaw Worm","floor":10.0,"turns":5.0},{"damage":30.0,"enemies":"The Mushroom Lair","floor":12.0,"turns":6.0},{"damage":11,"enemies":"Hexaghost","floor":16,"turns":13}],"seed_played":"-5624126527038833052","potions_obtained":[{"floor":7.0,"key":"PowerPotion"},{"floor":10.0,"key":"FearPotion"},{"floor":12.0,"key":"Swift Potion"}],"is_trial":false,"path_per_floor":["M","?","?","?","$","E","M","R","T","M","R","?","R","$","R","B"],"character_chosen":"IRONCLAD","items_purchased":["Membership Card","Poison Potion","Bag of Preparation","True Grit"],"campfire_rested":1,"item_purchase_floors":[5,5,14,14],"current_hp_per_floor":[54,54,54,43,43,17,19,43,43,42,42,21,21,21,21,10],"gold":12,"neow_bonus":"THREE_RARE_CARDS","is_prod":false,"is_daily":false,"chose_seed":false,"campfire_upgraded":3,"win_rate":0,"timestamp":1552903081,"path_taken":["M","?","?","?","$","E","M","R","T","M","R","?","R","$","R","BOSS"],"build_version":"2019-01-23","purchased_purges":0,"victory":false,"max_hp_per_floor":[78,78,78,78,78,78,81,81,81,84,84,87,87,87,87,87],"card_choices":[{"not_picked":["Impervious","Limit Break"],"picked":"Feed","floor":0.0},{"not_picked":["Cleave","Thunderclap","Corruption"],"picked":"SKIP","floor":1.0},{"not_picked":["Sword Boomerang","Juggernaut"],"picked":"Feel No Pain","floor":6.0},{"not_picked":["Corruption","Warcry"],"picked":"Disarm","floor":7.0},{"not_picked":["Heavy Blade","Twin Strike","Clothesline"],"picked":"SKIP","floor":10.0},{"not_picked":["Heavy Blade","Twin Strike","Clothesline"],"picked":"SKIP","floor":10.0},{"not_picked":["Shockwave","Reckless Charge"],"picked":"Disarm","floor":12.0}],"player_experience":2353525,"relics_obtained":[{"floor":6.0,"key":"Mummified Hand"},{"floor":9.0,"key":"PreservedInsect"},{"floor":12.0,"key":"Odd Mushroom"}],"event_choices":[{"damage_healed":0.0,"max_hp_gain":0.0,"max_hp_loss":0.0,"gold_gain":150.0,"event_name":"Liars Game","player_choice":"AGREE","floor":2.0,"gold_loss":0.0,"damage_taken":0.0,"cards_obtained":["Doubt"]},{"cards_removed":["Doubt"],"damage_healed":0.0,"max_hp_gain":0.0,"max_hp_loss":0.0,"gold_gain":0.0,"event_name":"The Cleric","player_choice":"Card Removal","floor":3.0,"gold_loss":75.0,"damage_taken":0.0},{"damage_healed":0.0,"max_hp_gain":0.0,"max_hp_loss":0.0,"gold_gain":75.0,"event_name":"World of Goop","player_choice":"Gather Gold","floor":4.0,"gold_loss":0.0,"damage_taken":11.0},{"damage_healed":0.0,"max_hp_gain":0.0,"max_hp_loss":0.0,"gold_gain":0.0,"event_name":"Mushrooms","player_choice":"Fought Mushrooms","floor":12.0,"gold_loss":0.0,"damage_taken":0.0}],"is_beta":false,"boss_relics":[],"items_purged_floors":[],"is_endless":false,"potions_floor_spawned":[7,10,12],"killed_by":"Hexaghost","ascension_level":20}