{"gold_per_floor":[109,109,126,144,19,44,55,55,104,74,39,53,53,68,68,146,146,161,161,161,178,197,197],"floor_reached":23,"playtime":1513,"items_purged":[],"score":318,"play_id":"bac0eb21-cc53-4fd5-9558-576a790d29c7","local_time":"20180923122017","is_ascension_mode":true,"campfire_choices":[{"floor":8,"key":"REST"},{"floor":13,"key":"REST"},{"data":"White Noise","floor":15,"key":"SMITH"}],"neow_cost":"PERCENT_DAMAGE","seed_source_timestamp":754582672979515,"circlet_count":0,"master_deck":["Strike_B","Strike_B","Strike_B","Strike_B","Defend_B","Defend_B","Defend_B","Defend_B","Zap","Dualcast","AscendersBane","Steam","White Noise+1","Cold Snap","Capacitor","Sweeping Beam","Chaos","Stack","Electrodynamics","Heatsinks+1","Steam","Ball Lightning"],"relics":["Cracked Core","Mummified Hand","StoneCalendar","Ancient Tea Set","Sozu"],"potions_floor_usage":[6,14,16],"damage_taken":[{"damage":0,"enemies":"Cultist","floor":1,"turns":3},{"damage":3,"enemies":"2 Louse","floor":3,"turns":3},{"damage":1,"enemies":"Jaw Worm","floor":4,"turns":4},{"damage":36,"enemies":"Gremlin Nob","floor":6,"turns":4},{"damage":6,"enemies":"Looter","floor":7,"turns":3},{"damage":1,"enemies":"Large Slime","floor":12,"turns":5},{"damage":0,"enemies":"2 Fungi Beasts","floor":14,"turns":2},{"damage":30,"enemies":"The Guardian","floor":16,"turns":12},{"damage":15,"enemies":"Shell Parasite","floor":18,"turns":7},{"damage":50,"enemies":"Colosseum Slavers","floor":20,"turns":4},{"damage":1,"enemies":"3 Byrds","floor":21,"turns":5},{"damage":14,"enemies":"Cultist and Chosen","floor":22,"turns":7},{"damage":3,"enemies":"Book of Stabbing","floor":23,"turns":1}],"seed_played":"-8930819828961120936","potions_obtained":[{"floor":7,"key":"Swift Potion"},{"floor":10,"key":"Energy Potion"},{"floor":14,"key":"EssenceOfSteel"}],"is_trial":false,"path_per_floor":["M","T","M","M","$","E","M","R","T","?","?","M","R","M","R","B",null,"M","?","?","M","M"],"character_chosen":"DEFECT","items_purchased":["Capacitor","AttackPotion"],"campfire_rested":2,"item_purchase_floors":[5,5],"current_hp_per_floor":[58,58,55,54,54,18,12,38,38,38,60,59,85,85,85,55,81,66,66,16,15,1,0],"gold":197,"neow_bonus":"TWENTY_PERCENT_HP_BONUS","is_prod":false,"is_daily":false,"chose_seed":false,"campfire_upgraded":1,"win_rate":0,"timestamp":1537694417,"path_taken":["M","?","M","M","$","E","M","R","T","?","?","M","R","M","R","BOSS","M","?","?","M","?","E"],"build_version":"2018-09-20","purchased_purges":0,"victory":false,"max_hp_per_floor":[89,89,89,89,89,89,89,89,89,89,89,89,89,89,89,89,89,89,89,89,89,89,89],"card_choices":[{"not_picked":["Hologram","Go for the Eyes"],"picked":"Steam","floor":1},{"not_picked":["Coolheaded","Streamline"],"picked":"White Noise","floor":3},{"not_picked":["Double Energy","Sunder"],"picked":"Cold Snap","floor":4},{"not_picked":["Streamline","Go for the Eyes"],"picked":"Sweeping Beam","floor":6},{"not_picked":["Streamline","Rebound","Sweeping Beam"],"picked":"SKIP","floor":7},{"not_picked":["Rebound","Redo"],"picked":"Chaos","floor":12},{"not_picked":["Sweeping Beam","Skim"],"picked":"Stack","floor":14},{"not_picked":["Thunder Strike","Buffer"],"picked":"Electrodynamics","floor":16},{"not_picked":["Streamline","Turbo"],"picked":"Heatsinks+1","floor":18},{"not_picked":["Hologram","Coolheaded"],"picked":"Steam","floor":21},{"not_picked":["Coolheaded","Aggregate"],"picked":"Ball Lightning","floor":22}],"player_experience":718105,"relics_obtained":[{"floor":2,"key":"Mummified Hand"},{"floor":6,"key":"StoneCalendar"},{"floor":9,"key":"Ancient Tea Set"}],"event_choices":[{"event_name":"The Woman in Blue","player_choice":"Bought 2 Potions","floor":10,"damage_taken":0},{"event_name":"The Cleric","player_choice":"Healed","floor":11,"damage_taken":0},{"event_name":"Vampires","player_choice":"Ignored","floor":19,"damage_taken":0},{"event_name":"Colosseum","player_choice":"Fight","floor":20,"damage_taken":0},{"event_name":"Colosseum","player_choice":"Fled From Nobs","floor":20,"damage_taken":0}],"is_beta":false,"boss_relics":[{"not_picked":["Snecko Eye","Tiny House"],"picked":"Sozu"}],"items_purged_floors":[],"is_endless":false,"potions_floor_spawned":[7,12,14,18,20],"killed_by":"Book of Stabbing","ascension_level":13}