{"gold_per_floor":[110,70,81,91,111,111,111,131,213,213,248,20,32,32,44,44,146,146,116,116,128,227,152,152,67,67,115,115,115,115,125,125,125],"floor_reached":33,"playtime":2564,"items_purged":["Perfected Strike"],"score":282,"play_id":"4edfa41c-899e-46a9-b595-957cc309e366","local_time":"20190323225235","is_ascension_mode":true,"campfire_choices":[{"data":"Armaments","floor":6,"key":"SMITH"},{"data":"Demon Form","floor":16,"key":"SMITH"},{"data":"Searing Blow","floor":24,"key":"SMITH"},{"data":"Searing Blow+1","floor":26,"key":"SMITH"},{"data":"Searing Blow+2","floor":29,"key":"SMITH"}],"neow_cost":"NONE","seed_source_timestamp":13442311325300,"circlet_count":0,"master_deck":["Burning Pact","Flame Barrier","Warcry","Battle Trance","Flame Barrier","Body Slam","Entrench","Armaments+1","Demon Form+1","Impervious","Searing Blow+3","Clash","Uppercut","Bludgeon","Clash","Carnage","Disarm","Carnage","Flame Barrier","Juggernaut","Brutality","Perfected Strike","Heavy Blade","Ghostly","Ghostly","Ghostly","Ghostly","Ghostly","Perfected Strike","Burning Pact"],"relics":["Orrery","Ornamental Fan","WingedGreaves","Potion Belt","Centennial Puzzle","Runic Pyramid","Shuriken","Orichalcum"],"potions_floor_usage":[17,19,19,20,33],"damage_taken":[{"damage":0,"enemies":"Small Slimes","floor":1,"turns":5},{"damage":0,"enemies":"Cultist","floor":3,"turns":3},{"damage":1,"enemies":"2 Louse","floor":4,"turns":3},{"damage":15,"enemies":"Gremlin Gang","floor":5,"turns":7},{"damage":0,"enemies":"3 Louse","floor":8,"turns":3},{"damage":21,"enemies":"Lagavulin","floor":11,"turns":11},{"damage":0,"enemies":"Large Slime","floor":13,"turns":4},{"damage":2,"enemies":"2 Fungi Beasts","floor":15,"turns":5},{"damage":17,"enemies":"Hexaghost","floor":17,"turns":11},{"damage":25,"enemies":"2 Thieves","floor":19,"turns":5},{"damage":0,"enemies":"Masked Bandits","floor":20,"turns":1},{"damage":34,"enemies":"Chosen","floor":21,"turns":7},{"damage":3,"enemies":"Snake Plant","floor":31,"turns":5},{"damage":10,"enemies":"Cultist and Chosen","floor":33,"turns":6}],"seed_played":"4048978865752649110","potions_obtained":[{"floor":1,"key":"AttackPotion"},{"floor":2,"key":"FairyPotion"},{"floor":2,"key":"Block Potion"},{"floor":8,"key":"SteroidPotion"},{"floor":15,"key":"SmokeBomb"},{"floor":21,"key":"FearPotion"},{"floor":31,"key":"SteroidPotion"}],"is_trial":false,"path_per_floor":["M","?","M","M","M","R","?","M","T","T","E","$","M","?","M","R","B",null,"M","?","M","?","?","R","?","R","T","T","R","?","M","?","M"],"character_chosen":"IRONCLAD","items_purchased":["Potion Belt"],"campfire_rested":0,"item_purchase_floors":[12],"current_hp_per_floor":[80,80,80,79,64,64,56,56,56,56,35,35,35,23,21,21,4,80,55,55,21,21,21,21,21,21,21,21,21,21,18,18,8],"gold":125,"neow_bonus":"BOSS_RELIC","is_prod":false,"is_daily":false,"chose_seed":false,"campfire_upgraded":5,"win_rate":0,"timestamp":1553349155,"path_taken":["M","?","?","?","M","R","?","M","T","E","$","?","?","M","R","BOSS","M","?","M","?","?","R","?","R","T","R","?","?","?","M"],"build_version":"2019-01-23","purchased_purges":1,"victory":false,"max_hp_per_floor":[80,80,80,80,80,80,80,80,80,80,80,80,80,80,80,80,80,80,80,80,80,80,80,80,80,80,80,80,80,40,40,40,40],"card_choices":[{"not_picked":["Warcry","Burning Pact"],"picked":"Searing Blow","floor":0},{"not_picked":["Flex","Sword Boomerang"],"picked":"Clash","floor":0},{"not_picked":["Headbutt","Bloodletting"],"picked":"Clothesline","floor":0},{"not_picked":["Flex","True Grit"],"picked":"Uppercut","floor":0},{"not_picked":["Twin Strike","Corruption"],"picked":"Bludgeon","floor":1},{"not_picked":["True Grit","Thunderclap"],"picked":"Clash","floor":3},{"not_picked":["Intimidate","Ghostly Armor"],"picked":"Carnage","floor":4},{"not_picked":["Headbutt","Feel No Pain"],"picked":"Disarm","floor":5},{"not_picked":["Havoc","Warcry"],"picked":"Carnage","floor":8},{"not_picked":["Pommel Strike","Headbutt"],"picked":"Perfected Strike","floor":11},{"not_picked":["Cleave","Headbutt"],"picked":"Flame Barrier","floor":13},{"not_picked":["Clash","Shrug It Off"],"picked":"Juggernaut","floor":15},{"not_picked":["Dark Embrace","Offering"],"picked":"Brutality","floor":17},{"not_picked":["Cleave","Uppercut+1"],"picked":"Perfected Strike","floor":19},{"not_picked":["Inflame","Havoc"],"picked":"Heavy Blade","floor":21},{"not_picked":["Cleave","Sentinel+1"],"picked":"Perfected Strike","floor":31}],"player_experience":2518062,"relics_obtained":[{"floor":9,"key":"Ornamental Fan"},{"floor":11,"key":"WingedGreaves"},{"floor":27,"key":"Orichalcum"}],"event_choices":[{"damage_healed":0,"gold_gain":0,"player_choice":"Bought 3 Potions","damage_taken":0,"max_hp_gain":0,"max_hp_loss":0,"event_name":"The Woman in Blue","floor":2,"gold_loss":0},{"damage_healed":0,"gold_gain":0,"player_choice":"Damaged","damage_taken":8,"max_hp_gain":0,"max_hp_loss":0,"event_name":"Wheel of Change","floor":7,"gold_loss":0},{"damage_healed":0,"gold_gain":0,"player_choice":"Success","damage_taken":12,"relics_obtained":["Centennial Puzzle"],"max_hp_gain":0,"max_hp_loss":0,"event_name":"Scrap Ooze","floor":14,"gold_loss":0},{"damage_healed":0,"gold_gain":0,"player_choice":"Fought Bandits","damage_taken":0,"max_hp_gain":0,"max_hp_loss":0,"event_name":"Masked Bandits","floor":20,"gold_loss":0},{"damage_healed":0,"gold_gain":99,"player_choice":"Stole From Cult","damage_taken":0,"max_hp_gain":0,"max_hp_loss":0,"event_name":"Nest","floor":22,"gold_loss":0},{"cards_removed":["Clothesline"],"damage_healed":0,"gold_gain":0,"player_choice":"Gave Gold","damage_taken":0,"max_hp_gain":0,"max_hp_loss":0,"event_name":"Beggar","floor":23,"gold_loss":75},{"damage_healed":0,"gold_gain":0,"player_choice":"Obtained Relic","damage_taken":0,"relics_obtained":["Shuriken"],"max_hp_gain":0,"max_hp_loss":0,"event_name":"Addict","floor":25,"gold_loss":85},{"damage_healed":0,"gold_gain":0,"player_choice":"Became a Ghost","damage_taken":0,"max_hp_gain":0,"max_hp_loss":40,"event_name":"Ghosts","floor":30,"gold_loss":0,"cards_obtained":["Ghostly","Ghostly","Ghostly","Ghostly","Ghostly"]},{"damage_healed":0,"gold_gain":0,"player_choice":"Read","damage_taken":0,"max_hp_gain":0,"max_hp_loss":0,"event_name":"The Library","floor":32,"gold_loss":0,"cards_obtained":["Burning Pact"]}],"is_beta":false,"boss_relics":[{"not_picked":["Black Star","White Beast Statue"],"picked":"Runic Pyramid"}],"items_purged_floors":[12],"is_endless":false,"potions_floor_spawned":[1,5,8,11,15,21,31],"killed_by":"Cultist and Chosen","ascension_level":1}