{"gold_per_floor":[118,118,18,30,46,46,46,46,95,115,143,67,82,101,101,178,178,136,136,136,153,67,67,67],"floor_reached":24,"playtime":990,"items_purged":[],"score":382,"play_id":"54b9f5ac-83c1-4198-baac-089ecf422d33","local_time":"20190415180422","is_ascension_mode":true,"campfire_choices":[{"data":"Defragment","floor":6,"key":"SMITH"},{"floor":8,"key":"REST"},{"data":"Storm","floor":15,"key":"SMITH"},{"floor":23,"key":"REST"}],"neow_cost":"NONE","seed_source_timestamp":347115308637762,"circlet_count":0,"master_deck":["AscendersBane","Strike_B","Strike_B","Strike_B","Strike_B","Defend_B","Defend_B","Defend_B","Defend_B","Zap","Dualcast","Blind","Self Repair","Defragment+1","Ball Lightning","Streamline","Storm+1","Self Repair","Stack","Cold Snap","Rainbow","Darkness","Coolheaded","Defragment"],"relics":["FrozenCore","Regal Pillow","Centennial Puzzle","MutagenicStrength","Enchiridion"],"potions_floor_usage":[5,16,16,24,24],"damage_taken":[{"damage":1,"enemies":"Small Slimes","floor":1,"turns":4},{"damage":2,"enemies":"2 Louse","floor":4,"turns":2},{"damage":12,"enemies":"Jaw Worm","floor":5,"turns":2},{"damage":11,"enemies":"Looter","floor":10,"turns":2},{"damage":20,"enemies":"Lagavulin","floor":11,"turns":6},{"damage":10,"enemies":"Blue Slaver","floor":13,"turns":4},{"damage":14,"enemies":"Large Slime","floor":14,"turns":5},{"damage":38,"enemies":"Hexaghost","floor":16,"turns":7},{"damage":28,"enemies":"2 Thieves","floor":18,"turns":5},{"damage":21,"enemies":"Shell Parasite","floor":21,"turns":4},{"damage":70,"enemies":"Slavers","floor":24,"turns":3}],"seed_played":"247573255774824188","potions_obtained":[{"floor":1,"key":"Poison Potion"},{"floor":11,"key":"FocusPotion"},{"floor":13,"key":"Regen Potion"},{"floor":21,"key":"EntropicBrew"}],"is_trial":false,"path_per_floor":["M","?","$","M","M","R","$","R","T","M","E","$","M","M","R","B",null,"M","?","?","M","$","R","E"],"character_chosen":"DEFECT","items_purchased":["Defragment","Ball Lightning","Self Repair","Defragment"],"campfire_rested":2,"item_purchase_floors":[3,3,12,22],"current_hp_per_floor":[63,63,63,68,63,63,63,71,71,67,54,54,58,58,58,49,66,52,52,31,24,24,60,0],"gold":67,"neow_bonus":"RANDOM_COLORLESS","is_prod":false,"is_daily":false,"chose_seed":false,"campfire_upgraded":2,"win_rate":0,"timestamp":1555340662,"path_taken":["M","?","$","M","M","R","$","R","T","M","E","$","M","M","R","BOSS","M","?","?","M","$","R","E"],"build_version":"2019-01-23","purchased_purges":0,"victory":false,"max_hp_per_floor":[71,71,71,71,71,71,71,71,71,71,71,71,71,71,71,71,71,71,71,71,71,71,71,71],"card_choices":[{"not_picked":["Compile Driver","Aggregate"],"picked":"Self Repair","floor":1},{"not_picked":["Reinforced Body","Coolheaded","Gash"],"picked":"SKIP","floor":4},{"not_picked":["Scrape","Rebound"],"picked":"Streamline","floor":5},{"not_picked":["Beam Cell","Blizzard","Turbo"],"picked":"SKIP","floor":10},{"not_picked":["Lockon","Rebound"],"picked":"Storm","floor":11},{"not_picked":["Scrape","Coolheaded"],"picked":"Stack","floor":13},{"not_picked":["Rebound","Sweeping Beam"],"picked":"Cold Snap","floor":14},{"not_picked":["Multi-Cast","Machine Learning"],"picked":"Rainbow","floor":16},{"not_picked":["Sweeping Beam","Coolheaded"],"picked":"Darkness","floor":18},{"not_picked":["Compile Driver","Beam Cell"],"picked":"Coolheaded","floor":21}],"player_experience":1197869,"relics_obtained":[{"floor":9,"key":"Regal Pillow"},{"floor":11,"key":"Centennial Puzzle"},{"floor":20,"key":"Enchiridion"}],"event_choices":[{"damage_healed":0,"gold_gain":0,"player_choice":"Ignored","damage_taken":0,"max_hp_gain":0,"max_hp_loss":0,"event_name":"Golden Wing","floor":2,"gold_loss":0},{"damage_healed":0,"gold_gain":0,"player_choice":"Inject Mutagens","damage_taken":0,"relics_obtained":["MutagenicStrength"],"max_hp_gain":0,"max_hp_loss":0,"event_name":"Drug Dealer","floor":19,"gold_loss":0},{"damage_healed":0,"gold_gain":0,"player_choice":"Obtained Book","damage_taken":21,"max_hp_gain":0,"max_hp_loss":0,"event_name":"Cursed Tome","floor":20,"gold_loss":0}],"is_beta":false,"boss_relics":[{"not_picked":["Empty Cage","Ectoplasm"],"picked":"FrozenCore"}],"items_purged_floors":[],"is_endless":false,"potions_floor_spawned":[1,11,13,21],"killed_by":"Slavers","ascension_level":19}