{"gold_per_floor":[116,128,155,155,170,170,198,198,198,273,348,374,374,392,392,489,489],"floor_reached":17,"playtime":329,"items_purged":[],"score":163,"play_id":"8c5c02a5-664d-4064-8db1-4396df76eba7","local_time":"20190203200514","is_ascension_mode":false,"campfire_choices":[{"data":"Body Slam","floor":6,"key":"SMITH"},{"data":"Carnage","floor":8,"key":"SMITH"},{"data":"Evolve","floor":13,"key":"SMITH"},{"data":"Flame Barrier","floor":15,"key":"SMITH"}],"neow_cost":"NONE","seed_source_timestamp":127220963416000,"circlet_count":0,"master_deck":["Strike_R+1","Strike_R","Strike_R","Strike_R","Defend_R","Defend_R","Defend_R","Defend_R","Bash+1","Evolve+1","Body Slam+1","Carnage+1","Flame Barrier+1","Barricade"],"relics":["Burning Blood","NeowsBlessing","Whetstone","Pen Nib","Shuriken","Vajra"],"potions_floor_usage":[16,16,16],"damage_taken":[{"damage":0,"enemies":"Cultist","floor":1,"turns":1},{"damage":0,"enemies":"Jaw Worm","floor":2,"turns":1},{"damage":0,"enemies":"Small Slimes","floor":5,"turns":1},{"damage":26,"enemies":"3 Sentries","floor":7,"turns":9},{"damage":21,"enemies":"Lagavulin","floor":12,"turns":4},{"damage":8,"enemies":"Red Slaver","floor":14,"turns":2},{"damage":20,"enemies":"The Guardian","floor":16,"turns":12}],"seed_played":"-532234830684845786","potions_obtained":[{"floor":1,"key":"Dexterity Potion"},{"floor":2,"key":"Weak Potion"},{"floor":12,"key":"SpeedPotion"},{"floor":16,"key":"EntropicBrew"}],"is_trial":false,"path_per_floor":["M","M","T","?","M","R","E","R","T","?","?","E","R","M","R","B",null],"character_chosen":"IRONCLAD","items_purchased":[],"campfire_rested":0,"item_purchase_floors":[],"current_hp_per_floor":[80,80,80,80,80,80,60,60,60,49,41,26,26,24,24,10,10],"gold":489,"neow_bonus":"THREE_ENEMY_KILL","is_prod":false,"is_daily":false,"chose_seed":false,"campfire_upgraded":4,"win_rate":0,"timestamp":1549191914,"path_taken":["M","M","?","?","?","R","E","R","T","?","?","E","R","?","R","BOSS"],"build_version":"2019-01-23","purchased_purges":0,"victory":false,"max_hp_per_floor":[80,80,80,80,80,80,80,80,80,80,80,80,80,80,80,80,80],"card_choices":[{"not_picked":["Intimidate","True Grit"],"picked":"Evolve","floor":1},{"not_picked":["Ghostly Armor","Rage"],"picked":"Body Slam","floor":2},{"not_picked":["Uppercut","Reckless Charge","Pommel Strike"],"picked":"SKIP","floor":5},{"not_picked":["Clothesline","Flex"],"picked":"Carnage","floor":7},{"not_picked":["Seeing Red","Carnage","Inflame"],"picked":"SKIP","floor":12},{"not_picked":["Sword Boomerang","Burning Pact"],"picked":"Flame Barrier","floor":14},{"not_picked":["Bludgeon","Limit Break"],"picked":"Barricade","floor":16}],"player_experience":38882,"relics_obtained":[{"floor":3,"key":"Whetstone"},{"floor":7,"key":"Pen Nib"},{"floor":9,"key":"Shuriken"},{"floor":12,"key":"Vajra"}],"event_choices":[{"cards_removed":["Strike_R"],"damage_healed":0,"gold_gain":0,"player_choice":"Offered Basic","damage_taken":0,"max_hp_gain":0,"max_hp_loss":0,"event_name":"Bonfire Elementals","floor":4,"gold_loss":0},{"damage_healed":0,"gold_gain":75,"player_choice":"Gather Gold","damage_taken":11,"max_hp_gain":0,"max_hp_loss":0,"event_name":"World of Goop","floor":10,"gold_loss":0},{"damage_healed":0,"gold_gain":75,"player_choice":"Touch","damage_taken":8,"max_hp_gain":0,"max_hp_loss":0,"event_name":"FaceTrader","floor":11,"gold_loss":0}],"is_beta":false,"boss_relics":[],"items_purged_floors":[],"is_endless":false,"potions_floor_spawned":[1,2,12,16],"ascension_level":0}