{"gold_per_floor":[218,218,218,237,142,204,204,230,256,256,274,289,289,303,335,335,335],"floor_reached":17,"playtime":449,"items_purged":[],"score":350,"play_id":"505ee3b4-7b4b-47f0-8ab3-940f390d5d57","local_time":"20190408015955","is_ascension_mode":true,"campfire_choices":[{"floor":7,"key":"REST"},{"data":"Defragment","floor":13,"key":"SMITH"},{"data":"Loop","floor":16,"key":"SMITH"}],"neow_cost":"NONE","seed_source_timestamp":86461131606500,"circlet_count":0,"master_deck":["Genetic Algorithm","Conserve Battery","Ball Lightning","Rip and Tear","Conserve Battery","Conserve Battery","Tempest","Loop+1","Echo Form","Defragment","Capacitor","Biased Cognition","Defragment+1","Coolheaded","Coolheaded","Turbo"],"special_seed":0,"relics":["Cracked Core","Tiny Chest","Cables","Centennial Puzzle","Molten Egg 2"],"potions_floor_usage":[8,15,15,17],"damage_taken":[{"damage":2.0,"enemies":"Small Slimes","floor":1.0,"turns":3.0},{"damage":6,"enemies":"2 Louse","floor":4,"turns":2},{"damage":36,"enemies":"3 Sentries","floor":6,"turns":6},{"damage":0,"enemies":"Lagavulin","floor":8,"turns":4},{"damage":0,"enemies":"Cultist","floor":11,"turns":3},{"damage":0,"enemies":"Exordium Wildlife","floor":12,"turns":2},{"damage":0,"enemies":"Red Slaver","floor":14,"turns":2},{"damage":0,"enemies":"Gremlin Nob","floor":15,"turns":3},{"damage":6,"enemies":"Hexaghost","floor":17,"turns":3}],"seed_played":"8292824805788791","potions_obtained":[{"floor":1.0,"key":"GamblersBrew"},{"floor":11,"key":"SkillPotion"},{"floor":14,"key":"Block Potion"},{"floor":15,"key":"Dexterity Potion"}],"is_trial":false,"path_per_floor":["M","?","?","M","$","E","R","E","T","T","M","M","R","M","E","R","B"],"character_chosen":"DEFECT","items_purchased":["Defragment","Energy Potion"],"campfire_rested":1,"item_purchase_floors":[5,5],"current_hp_per_floor":[62,62,62,56,56,20,41,41,41,41,41,41,41,41,41,41,35],"gold":335,"neow_bonus":"HUNDRED_GOLD","is_prod":false,"is_daily":false,"chose_seed":false,"campfire_upgraded":2,"win_rate":0,"timestamp":1554656395,"path_taken":["M","?","?","M","$","E","R","E","T","M","M","R","M","E","R","BOSS"],"build_version":"2019-01-23","purchased_purges":0,"victory":false,"max_hp_per_floor":[71,71,71,71,71,71,71,71,71,71,71,71,71,71,71,71,71],"card_choices":[{"not_picked":["Barrage","Blizzard"],"picked":"Capacitor","floor":1.0},{"not_picked":["Undo","Hologram","Aggregate"],"picked":"SKIP","floor":4},{"not_picked":["Static Discharge","Conserve Battery","Sunder"],"picked":"SKIP","floor":6},{"not_picked":["Ball Lightning","Stack","Gash"],"picked":"SKIP","floor":8},{"not_picked":["Skim","Fission","Sunder"],"picked":"SKIP","floor":11},{"not_picked":["Skim","Fission","Sunder"],"picked":"SKIP","floor":11},{"not_picked":["Steam","Skim"],"picked":"Coolheaded","floor":12},{"not_picked":["Go for the Eyes","Redo"],"picked":"Coolheaded","floor":14},{"not_picked":["Steam","Leap","Turbo"],"picked":"SKIP","floor":15},{"not_picked":["Steam","Leap"],"picked":"Turbo","floor":15}],"player_experience":2966342,"relics_obtained":[{"floor":6,"key":"Tiny Chest"},{"floor":8,"key":"Cables"},{"floor":9,"key":"Centennial Puzzle"},{"floor":15,"key":"Molten Egg 2"}],"event_choices":[{"damage_healed":0.0,"max_hp_gain":0.0,"max_hp_loss":0.0,"gold_gain":0.0,"event_name":"The Cleric","player_choice":"Leave","floor":2.0,"gold_loss":0.0,"damage_taken":0.0},{"damage_healed":0,"gold_gain":0,"player_choice":"1 cards matched","damage_taken":0,"max_hp_gain":0,"max_hp_loss":0,"event_name":"Match and Keep!","floor":3,"gold_loss":0,"cards_obtained":["Biased Cognition"]}],"is_beta":false,"boss_relics":[],"items_purged_floors":[],"is_endless":false,"potions_floor_spawned":[1,11,14,15],"killed_by":"Hexaghost","ascension_level":20}