{"gold_per_floor":[114,114,114,125,125,125,158,158,158,184,184,109,136,50,50,127,127,145,145,60,160,173,200,200,233,286,286,286,299,333,351,351,427,427,440,540,540],"floor_reached":37,"playtime":3691,"items_purged":["Defend_B"],"score":1153,"play_id":"05bb8027-a319-4ea8-b806-484f941c02c5","local_time":"20190206102630","is_ascension_mode":true,"campfire_choices":[{"data":"Zap","floor":6.0,"key":"SMITH"},{"data":"Defragment","floor":11.0,"key":"SMITH"},{"data":"Blizzard","floor":15.0,"key":"SMITH"},{"data":"Defragment","floor":24,"key":"SMITH"},{"data":"Defragment","floor":27,"key":"SMITH"},{"data":"Defend_B","floor":32,"key":"PURGE"}],"neow_cost":"NONE","seed_source_timestamp":0,"circlet_count":0,"master_deck":["AscendersBane","Defend_B","Zap+1","Dualcast","Glacier","Coolheaded","Beam Cell","Defragment+1","FTL","Blizzard+1","Chill+1","Seek+1","Gash+1","Bite","Bite","Bite","Bite","Bite","Turbo+1","Defragment+1","Defragment+1","Coolheaded+1","Reinforced Body+1","Seek+1"],"special_seed":0,"relics":["Cracked Core","NeowsBlessing","Incense Burner","Gremlin Horn","Torii","Toxic Egg 2","Singing Bowl","Coffee Dripper","Shuriken","Peace Pipe","Darkstone Periapt","PreservedInsect","Molten Egg 2","Bag of Preparation","Art of War","Cursed Key","Turnip"],"potions_floor_usage":[21,23,33],"damage_taken":[{"damage":0.0,"enemies":"Jaw Worm","floor":1.0,"turns":1.0},{"damage":0.0,"enemies":"2 Louse","floor":4.0,"turns":1.0},{"damage":0.0,"enemies":"Lagavulin","floor":7.0,"turns":1.0},{"damage":3.0,"enemies":"3 Sentries","floor":10.0,"turns":9.0},{"damage":1.0,"enemies":"Lagavulin","floor":13.0,"turns":7.0},{"damage":42.0,"enemies":"Slime Boss","floor":16.0,"turns":9.0},{"damage":0.0,"enemies":"Chosen","floor":18.0,"turns":5.0},{"damage":9,"enemies":"Colosseum Slavers","floor":21,"turns":4},{"damage":1,"enemies":"Colosseum Nobs","floor":21,"turns":4},{"damage":12,"enemies":"Shell Parasite","floor":22,"turns":6},{"damage":48,"enemies":"Book of Stabbing","floor":23,"turns":5},{"damage":0,"enemies":"Gremlin Leader","floor":25,"turns":5},{"damage":0,"enemies":"Snecko","floor":29,"turns":10},{"damage":0,"enemies":"Book of Stabbing","floor":30,"turns":4},{"damage":1,"enemies":"Snake Plant","floor":31,"turns":4},{"damage":0,"enemies":"Champ","floor":33,"turns":13},{"damage":36,"enemies":"3 Darklings","floor":35,"turns":7},{"damage":0,"enemies":"Mind Bloom Boss Battle","floor":36,"turns":6},{"damage":0,"enemies":"3 Shapes","floor":37,"turns":5}],"seed_played":"-6898432793216179594","potions_obtained":[{"floor":1.0,"key":"FocusPotion"},{"floor":16.0,"key":"AttackPotion"},{"floor":21,"key":"Energy Potion"},{"floor":23,"key":"AttackPotion"},{"floor":29,"key":"PowerPotion"}],"is_trial":false,"path_per_floor":["M","?","?","M","?","R","E","?","T","E","R","$","E","$","R","B",null,"M","?","?","?","M","E","R","E","T","R","?","M","E","M","R","B",null,"M","?","M"],"character_chosen":"DEFECT","items_purchased":["Chill+1"],"campfire_rested":0,"item_purchase_floors":[14],"current_hp_per_floor":[64,64,64,64,64,64,64,57,57,54,54,54,53,53,53,11,56,56,49,49,49,51,17,17,29,29,29,29,47,53,55,55,55,55,43,59,59],"gold":540,"neow_bonus":"THREE_ENEMY_KILL","is_prod":false,"is_daily":false,"chose_seed":false,"campfire_upgraded":5,"win_rate":0,"timestamp":1549416390,"path_taken":["M","?","?","M","?","R","E","?","T","E","R","$","E","?","R","BOSS","M","?","?","?","M","E","R","E","T","R","?","?","E","M","R","BOSS","M","?","M"],"build_version":"2019-01-23","purchased_purges":1,"victory":false,"max_hp_per_floor":[71,71,71,71,71,71,71,71,71,71,71,71,71,71,71,71,71,71,49,49,49,51,51,51,51,51,51,51,53,53,55,55,55,55,57,59,59],"card_choices":[{"not_picked":["Steam","Barrage"],"picked":"Glacier","floor":1.0},{"not_picked":["Rebound","Darkness"],"picked":"Beam Cell","floor":4.0},{"not_picked":["Undo","Tempest"],"picked":"Defragment","floor":7.0},{"not_picked":["Cold Snap","Ball Lightning"],"picked":"FTL","floor":10.0},{"not_picked":["Reboot+1","Reprogram+1"],"picked":"Blizzard","floor":13.0},{"not_picked":["Meteor Strike","Electrodynamics"],"picked":"Seek+1","floor":16.0},{"not_picked":["Leap+1","Compile Driver+1"],"picked":"Gash+1","floor":18.0},{"not_picked":["Rip and Tear","Conserve Battery+1"],"picked":"Turbo+1","floor":21},{"not_picked":["Steam+1","Rip and Tear+1","Ball Lightning"],"picked":"Singing Bowl","floor":22},{"not_picked":["Self Repair+1","Fission+1"],"picked":"Defragment","floor":23},{"not_picked":["Lockon","BootSequence+1"],"picked":"Defragment","floor":25},{"not_picked":["Recycle+1","Go for the Eyes+1","Leap+1"],"picked":"Singing Bowl","floor":29},{"not_picked":["Machine Learning","Rebound+1"],"picked":"Reinforced Body+1","floor":30},{"not_picked":["Force Field+1","Melter+1","Double Energy+1"],"picked":"Singing Bowl","floor":31},{"not_picked":["Hyperbeam+1","Thunder Strike+1"],"picked":"Seek+1","floor":33},{"not_picked":["Turbo+1","Barrage+1","Double Energy+1"],"picked":"Singing Bowl","floor":35},{"not_picked":["Sweeping Beam+1","Compile Driver+1","Barrage+1"],"picked":"Singing Bowl","floor":36}],"player_experience":1390607,"relics_obtained":[{"floor":7.0,"key":"Gremlin Horn"},{"floor":9.0,"key":"Torii"},{"floor":10.0,"key":"Toxic Egg 2"},{"floor":13.0,"key":"Singing Bowl"},{"floor":21,"key":"Peace Pipe"},{"floor":21,"key":"Darkstone Periapt"},{"floor":23,"key":"PreservedInsect"},{"floor":25,"key":"Molten Egg 2"},{"floor":26,"key":"Bag of Preparation"},{"floor":30,"key":"Art of War"},{"floor":36,"key":"Turnip"}],"event_choices":[{"damage_healed":0.0,"max_hp_gain":0.0,"max_hp_loss":0.0,"gold_gain":0.0,"event_name":"Liars Game","player_choice":"Ignored","floor":2.0,"gold_loss":0.0,"damage_taken":0.0},{"damage_healed":0.0,"max_hp_gain":0.0,"max_hp_loss":0.0,"gold_gain":0.0,"cards_transformed":["Defend_B"],"event_name":"Living Wall","player_choice":"Change","floor":3.0,"gold_loss":0.0,"damage_taken":0.0,"cards_obtained":["Coolheaded"]},{"damage_healed":0.0,"max_hp_gain":0.0,"max_hp_loss":0.0,"gold_gain":0.0,"event_name":"Big Fish","player_choice":"Box","floor":5.0,"gold_loss":0.0,"damage_taken":0.0,"relics_obtained":["Incense Burner"],"cards_obtained":["Regret"]},{"cards_removed":["Regret"],"damage_healed":0.0,"max_hp_gain":0.0,"max_hp_loss":0.0,"gold_gain":0.0,"event_name":"Golden Wing","player_choice":"Card Removal","floor":8.0,"gold_loss":0.0,"damage_taken":7.0},{"damage_healed":0.0,"max_hp_gain":0.0,"max_hp_loss":22.0,"gold_gain":0.0,"event_name":"Vampires","player_choice":"Became a vampire","floor":19.0,"gold_loss":0.0,"damage_taken":0.0,"cards_obtained":["Bite","Bite","Bite","Bite","Bite"]},{"damage_healed":0.0,"max_hp_gain":0.0,"max_hp_loss":0.0,"gold_gain":0.0,"event_name":"Addict","player_choice":"Obtained Relic","floor":20.0,"gold_loss":85.0,"damage_taken":0.0,"relics_obtained":["Shuriken"]},{"damage_healed":0,"gold_gain":0,"player_choice":"Fight","damage_taken":0,"max_hp_gain":0,"max_hp_loss":0,"event_name":"Colosseum","floor":21,"gold_loss":0},{"damage_healed":0,"gold_gain":0,"player_choice":"Fought Nobs","damage_taken":0,"max_hp_gain":0,"max_hp_loss":0,"event_name":"Colosseum","floor":21,"gold_loss":0},{"damage_healed":0,"gold_gain":0,"player_choice":"Read","damage_taken":0,"max_hp_gain":0,"max_hp_loss":0,"event_name":"The Library","floor":28,"gold_loss":0,"cards_obtained":["Coolheaded"]},{"damage_healed":0,"gold_gain":0,"player_choice":"Fight","damage_taken":0,"max_hp_gain":0,"max_hp_loss":0,"event_name":"MindBloom","floor":36,"gold_loss":0}],"is_beta":false,"boss_relics":[{"not_picked":["Philosopher\u0027s Stone","Runic Pyramid"],"picked":"Coffee Dripper"},{"not_picked":["Lizard Tail","Nuclear Battery"],"picked":"Cursed Key"}],"items_purged_floors":[12],"is_endless":false,"potions_floor_spawned":[1,16,21,23,29,30],"killed_by":"3 Shapes","ascension_level":20}