{"path_per_floor":["M","M","?","?","M","R","M","R","T","R","?","$","E","M","R","B",null,"M","M","$","?","M","R","M","?","T","R"],"character_chosen":"DEFECT","items_purchased":["Go for the Eyes","Coolheaded+1"],"gold_per_floor":[19,37,37,37,56,56,70,70,70,70,126,3,37,56,56,156,156,156,156,11,11,11,11,11,11,11,11,11],"floor_reached":28,"campfire_rested":0,"playtime":1609,"item_purchase_floors":[12,20],"current_hp_per_floor":[66,65,58,58,58,58,50,50,50,50,46,46,37,24,24,17,68,68,61,61,61,53,53,49,49,49,49,0],"items_purged":["Defend_B","Defend_B"],"gold":11,"score":305,"play_id":"395223a6-3f03-4fb5-b7b0-3dd9e5ad26f6","local_time":"20180608211340","is_prod":false,"is_daily":false,"chose_seed":false,"is_ascension_mode":true,"campfire_upgraded":6,"win_rate":0,"timestamp":1528463620,"campfire_choices":[{"data":"Loop","floor":6,"key":"SMITH"},{"data":"Zap","floor":8,"key":"SMITH"},{"data":"Blizzard","floor":10,"key":"SMITH"},{"data":"Go for the Eyes","floor":15,"key":"SMITH"},{"data":"Gash","floor":23,"key":"SMITH"},{"data":"Gash","floor":27,"key":"SMITH"}],"path_taken":["M","M","?","?","?","R","M","R","T","R","?","$","E","M","R","BOSS","M","M","$","?","M","R","M","?","T","R","E"],"build_version":"2018-06-07v2","seed_source_timestamp":1068449005980844,"purchased_purges":2,"victory":false,"master_deck":["Strike_B","Defend_B","Zap+1","Dualcast","Glacier","Loop+1","Gash+1","Blizzard+1","Genetic Algorithm+1","Go for the Eyes+1","Gash+1","Machine Learning","Hologram+1","Coolheaded+1","Sweeping Beam+1"],"max_hp_per_floor":[75,75,75,75,75,75,75,75,75,75,75,75,85,85,85,85,85,85,85,85,85,85,85,85,85,85,85,85],"relics":["Toxic Egg 2","Shuriken","Pear","Ectoplasm","Nloth\u0027s Gift","Regal Pillow"],"card_choices":[{"not_picked":["Redo","Coolheaded"],"picked":"Glacier","floor":1},{"not_picked":["Sweeping Beam","Rebound"],"picked":"Loop","floor":2},{"not_picked":["Sweeping Beam","Cold Snap"],"picked":"Blizzard","floor":5},{"not_picked":["Meteor Strike","Cold Snap","Sunder"],"picked":"SKIP","floor":7},{"not_picked":["Rebound","Force Field+1"],"picked":"Genetic Algorithm+1","floor":11},{"not_picked":["Doom and Gloom","Sunder","Turbo+1"],"picked":"SKIP","floor":13},{"not_picked":["Doom and Gloom","Undo+1"],"picked":"Gash","floor":14},{"not_picked":["Buffer","Hyperbeam"],"picked":"Machine Learning","floor":16},{"not_picked":["Static Discharge","Redo+1","Recycle+1"],"picked":"SKIP","floor":18},{"not_picked":["Redo+1","Sweeping Beam"],"picked":"Hologram+1","floor":19},{"not_picked":["Rebound","Streamline","Hologram+1"],"picked":"SKIP","floor":22},{"not_picked":["Ball Lightning","Cold Snap+1"],"picked":"Sweeping Beam+1","floor":24}],"player_experience":408130,"potions_floor_usage":[11,14,22,24],"damage_taken":[{"damage":2,"enemies":"Jaw Worm","floor":1,"turns":3},{"damage":1,"enemies":"Cultist","floor":2,"turns":4},{"damage":0,"enemies":"2 Louse","floor":5,"turns":3},{"damage":8,"enemies":"2 Fungi Beasts","floor":7,"turns":5},{"damage":4,"enemies":"Lagavulin Event","floor":11,"turns":6},{"damage":19,"enemies":"Gremlin Nob","floor":13,"turns":6},{"damage":13,"enemies":"Exordium Thugs","floor":14,"turns":5},{"damage":7,"enemies":"Hexaghost","floor":16,"turns":9},{"damage":0,"enemies":"Spheric Guardian","floor":18,"turns":4},{"damage":7,"enemies":"3 Byrds","floor":19,"turns":5},{"damage":20,"enemies":"Cultist and Chosen","floor":22,"turns":6},{"damage":4,"enemies":"Snake Plant","floor":24,"turns":5},{"damage":50,"enemies":"Slavers","floor":28,"turns":5}],"relics_obtained":[{"floor":9,"key":"Toxic Egg 2"},{"floor":11,"key":"Shuriken"},{"floor":13,"key":"Pear"},{"floor":26,"key":"Regal Pillow"}],"event_choices":[{"event_name":"Golden Wing","player_choice":"Card Removal","floor":3,"damage_taken":0},{"event_name":"Living Wall","player_choice":"Change","floor":4,"damage_taken":0},{"event_name":"Dead Adventurer","player_choice":"Searched \u00272\u0027 times","floor":11,"damage_taken":0},{"event_name":"Addict","player_choice":"Ignored","floor":21,"damage_taken":0},{"event_name":"N\u0027loth","player_choice":"Traded a Cracked Core","floor":25,"damage_taken":0}],"boss_relics":[{"not_picked":["Orrery","Eternal Feather"],"picked":"Ectoplasm"}],"items_purged_floors":[12,20],"potions_floor_spawned":[1,2,5,16,18,22,24],"seed_played":"2628642237193557929","killed_by":"Slavers","ascension_level":8,"potions_obtained":[{"floor":1,"key":"Energy Potion"},{"floor":2,"key":"Block Potion"},{"floor":5,"key":"SteroidPotion"},{"floor":16,"key":"Regen Potion"},{"floor":18,"key":"Dexterity Potion"},{"floor":22,"key":"SkillPotion"},{"floor":24,"key":"Energy Potion"}],"is_trial":false}