{"gold_per_floor":[109,184,184,200,71,104,116,116,139,139,153,153,153,173,173,173],"floor_reached":16,"playtime":365,"items_purged":["Strike_B"],"score":200,"play_id":"21d35be3-4f0f-4888-b876-42f0dae8c36d","local_time":"20190301182701","is_ascension_mode":true,"campfire_choices":[{"floor":8,"key":"REST"},{"data":"Static Discharge","floor":10,"key":"SMITH"},{"floor":15,"key":"REST"}],"neow_cost":"NONE","seed_source_timestamp":24902993766300,"circlet_count":0,"master_deck":["AscendersBane","Strike_B","Strike_B","Defend_B","Defend_B","Defend_B","Zap","Dualcast","Gash+1","Gash","Static Discharge+1"],"relics":["Empty Cage","Strawberry","Juzu Bracelet","Blue Candle"],"potions_floor_usage":[3,16],"damage_taken":[{"damage":4,"enemies":"Jaw Worm","floor":1,"turns":4},{"damage":1,"enemies":"Cultist","floor":4,"turns":3},{"damage":25,"enemies":"Lagavulin","floor":6,"turns":7},{"damage":11,"enemies":"2 Louse","floor":7,"turns":3},{"damage":20,"enemies":"Gremlin Gang","floor":11,"turns":3},{"damage":8,"enemies":"Blue Slaver","floor":14,"turns":3},{"damage":35,"enemies":"The Guardian","floor":16,"turns":5}],"seed_played":"8698488130005264346","potions_obtained":[{"floor":1,"key":"Energy Potion"},{"floor":3,"key":"Fruit Juice"},{"floor":3,"key":"SmokeBomb"},{"floor":4,"key":"Fire Potion"}],"is_trial":false,"path_per_floor":["M","?","?","M","$","E","M","R","T","R","M","?","?","M","R","B"],"character_chosen":"DEFECT","items_purchased":["Gash"],"campfire_rested":2,"item_purchase_floors":[5],"current_hp_per_floor":[60,49,54,53,53,35,24,48,48,48,28,17,17,9,33,0],"gold":173,"neow_bonus":"BOSS_RELIC","is_prod":false,"is_daily":false,"chose_seed":false,"campfire_upgraded":1,"win_rate":0,"timestamp":1551432421,"path_taken":["M","?","?","?","$","E","?","R","T","R","M","?","?","M","R","BOSS"],"build_version":"2019-01-23","purchased_purges":1,"victory":false,"max_hp_per_floor":[71,71,76,76,76,83,83,83,83,83,83,83,83,83,83,83],"card_choices":[{"not_picked":["Tempest","Blizzard","Fusion"],"picked":"SKIP","floor":1},{"not_picked":["Compile Driver","Steam Power"],"picked":"Gash","floor":4},{"not_picked":["Scrape","Beam Cell","Turbo"],"picked":"SKIP","floor":6},{"not_picked":["Turbo","Force Field"],"picked":"Static Discharge","floor":7},{"not_picked":["Ball Lightning","Go for the Eyes","Steam"],"picked":"SKIP","floor":11},{"not_picked":["Streamline","FTL","Stack"],"picked":"SKIP","floor":14}],"player_experience":1929376,"relics_obtained":[{"floor":6,"key":"Strawberry"},{"floor":9,"key":"Juzu Bracelet"}],"event_choices":[{"damage_healed":0,"gold_gain":75,"player_choice":"Gather Gold","damage_taken":11,"max_hp_gain":0,"max_hp_loss":0,"event_name":"World of Goop","floor":2,"gold_loss":0},{"damage_healed":0,"gold_gain":0,"player_choice":"Got Potions","damage_taken":0,"max_hp_gain":0,"max_hp_loss":0,"event_name":"Lab","floor":3,"gold_loss":0},{"damage_healed":0,"gold_gain":0,"player_choice":"Success","damage_taken":11,"relics_obtained":["Blue Candle"],"max_hp_gain":0,"max_hp_loss":0,"event_name":"Scrap Ooze","floor":12,"gold_loss":0},{"damage_healed":0,"gold_gain":0,"player_choice":"Upgraded","damage_taken":0,"max_hp_gain":0,"max_hp_loss":0,"event_name":"Upgrade Shrine","floor":13,"gold_loss":0,"cards_upgraded":["Gash"]}],"is_beta":false,"boss_relics":[],"items_purged_floors":[5],"is_endless":false,"potions_floor_spawned":[1,4,6,14],"killed_by":"The Guardian","ascension_level":20}