{"gold_per_floor":[113,388,406,423,448,481,493,505,517,37,56,56,89,99,99,176,176,190,190,190,207,36,36,36,36,36,36],"floor_reached":27,"playtime":571,"items_purged":["Regret"],"score":438,"play_id":"896f389e-daa2-426d-bd4a-0c0c636cd362","local_time":"20190329164542","is_ascension_mode":true,"campfire_choices":[{"floor":7,"key":"REST"},{"data":"Inflame","floor":12,"key":"SMITH"},{"data":"Bash","floor":15,"key":"SMITH"},{"data":"Limit Break","floor":23,"key":"SMITH"},{"data":"True Grit","floor":25,"key":"SMITH"}],"neow_cost":"NONE","seed_source_timestamp":20242088530200,"circlet_count":0,"master_deck":["AscendersBane","Strike_R","Strike_R","Strike_R+1","Defend_R","Defend_R","Defend_R","Defend_R","Bash+1","Pummel+1","Infernal Blade","Disarm","Parasite","Inflame+1","Dropkick","Shrug It Off","Offering","True Grit+1","Ghostly","Ghostly","Ghostly","Limit Break+1","Sword Boomerang"],"relics":["Burning Blood","NeowsBlessing","Whetstone","MawBank","Oddly Smooth Stone","TheAbacus","Incense Burner","Runic Dome","Bag of Preparation","Meat on the Bone","Mummified Hand"],"potions_floor_usage":[1,6,14,27],"damage_taken":[{"damage":0,"enemies":"2 Louse","floor":1,"turns":1},{"damage":0,"enemies":"Cultist","floor":3,"turns":1},{"damage":0,"enemies":"Small Slimes","floor":4,"turns":1},{"damage":78,"enemies":"Lagavulin","floor":6,"turns":8},{"damage":11,"enemies":"Looter","floor":11,"turns":3},{"damage":39,"enemies":"Gremlin Nob","floor":13,"turns":4},{"damage":4,"enemies":"Exordium Wildlife","floor":14,"turns":9},{"damage":1,"enemies":"Slime Boss","floor":16,"turns":8},{"damage":8,"enemies":"2 Thieves","floor":18,"turns":4},{"damage":20,"enemies":"3 Byrds","floor":21,"turns":5},{"damage":29,"enemies":"Slavers","floor":27,"turns":6}],"seed_played":"-886958622818713528","potions_obtained":[{"floor":1,"key":"Fruit Juice"},{"floor":3,"key":"GamblersBrew"},{"floor":11,"key":"Energy Potion"},{"floor":13,"key":"SpeedPotion"},{"floor":18,"key":"SkillPotion"}],"is_trial":false,"path_per_floor":["M","?","M","M","T","E","R","?","T","$","M","R","E","M","R","B",null,"M","?","?","M","$","R","T","R","T","E"],"character_chosen":"IRONCLAD","items_purchased":["Oddly Smooth Stone","TheAbacus","Inflame","Bag of Preparation"],"campfire_rested":1,"item_purchase_floors":[10,10,10,22],"current_hp_per_floor":[79,79,80,80,80,8,32,52,52,52,47,47,14,16,16,21,65,63,40,40,26,26,26,26,26,26,0],"gold":36,"neow_bonus":"THREE_ENEMY_KILL","is_prod":false,"is_daily":false,"chose_seed":false,"campfire_upgraded":4,"win_rate":0,"timestamp":1553845542,"path_taken":["M","?","?","M","?","E","R","?","T","$","M","R","E","M","R","BOSS","M","?","?","M","?","R","?","R","T","E"],"build_version":"2019-01-23","purchased_purges":1,"victory":false,"max_hp_per_floor":[80,80,80,80,80,80,80,80,80,80,80,80,80,80,80,80,80,80,40,40,40,40,40,40,40,40,40],"card_choices":[{"not_picked":["Sword Boomerang","Anger"],"picked":"Pummel","floor":1},{"not_picked":["Metallicize","Intimidate","Iron Wave"],"picked":"SKIP","floor":3},{"not_picked":["Clothesline","Pommel Strike"],"picked":"Infernal Blade","floor":4},{"not_picked":["Sever Soul","Rage"],"picked":"Disarm","floor":6},{"not_picked":["Sever Soul","Shrug It Off"],"picked":"Dropkick","floor":11},{"not_picked":["Metallicize","Thunderclap","Bloodletting"],"picked":"SKIP","floor":13},{"not_picked":["Heavy Blade","Iron Wave"],"picked":"Shrug It Off","floor":14},{"not_picked":["Brutality","Immolate"],"picked":"Offering","floor":16},{"not_picked":["Iron Wave","Corruption"],"picked":"True Grit","floor":18},{"not_picked":["Reckless Charge","Warcry","Bloodletting"],"picked":"SKIP","floor":21}],"player_experience":2713270,"relics_obtained":[{"floor":5,"key":"Whetstone"},{"floor":6,"key":"MawBank"},{"floor":13,"key":"Incense Burner"},{"floor":24,"key":"Meat on the Bone"},{"floor":26,"key":"Mummified Hand"}],"event_choices":[{"damage_healed":0,"gold_gain":275,"player_choice":"Desecrate","damage_taken":0,"max_hp_gain":0,"max_hp_loss":0,"event_name":"Golden Shrine","floor":2,"gold_loss":0,"cards_obtained":["Regret"]},{"damage_healed":20,"gold_gain":0,"player_choice":"Healed and dodged fight","damage_taken":0,"max_hp_gain":0,"max_hp_loss":0,"event_name":"Mushrooms","floor":8,"gold_loss":0,"cards_obtained":["Parasite"]},{"damage_healed":0,"gold_gain":0,"player_choice":"Became a Ghost","damage_taken":0,"max_hp_gain":0,"max_hp_loss":40,"event_name":"Ghosts","floor":19,"gold_loss":0,"cards_obtained":["Ghostly","Ghostly","Ghostly"]},{"damage_healed":0,"gold_gain":0,"cards_transformed":["Strike_R","Strike_R"],"player_choice":"Became Test Subject","damage_taken":0,"max_hp_gain":0,"max_hp_loss":0,"event_name":"Drug Dealer","floor":20,"gold_loss":0,"cards_obtained":["Limit Break","Sword Boomerang"]}],"is_beta":false,"boss_relics":[{"not_picked":["Coffee Dripper","Empty Cage"],"picked":"Runic Dome"}],"items_purged_floors":[10],"is_endless":false,"potions_floor_spawned":[1,3,11,13,18],"killed_by":"Slavers","ascension_level":20}