{"gold_per_floor":[114,133,150,21,21,21,53,65,111,129,129,147,178,192,192,263,263,279,296,51,51,65,98,45,45,45,45,45],"floor_reached":28,"playtime":1102,"items_purged":["Defend_B","Defend_B"],"score":500,"play_id":"5befb40b-f2d2-4c3e-a9c4-66f9009d889c","local_time":"20190221134349","is_ascension_mode":true,"campfire_choices":[{"data":"Zap","floor":6,"key":"SMITH"},{"data":"Dualcast","floor":11,"key":"SMITH"},{"data":"Defragment","floor":15,"key":"SMITH"},{"data":"Sunder","floor":27,"key":"SMITH"}],"neow_cost":"NONE","seed_source_timestamp":92521169094000,"circlet_count":0,"master_deck":["AscendersBane","Strike_B","Strike_B","Strike_B","Strike_B","Zap+1","Dualcast+1","Cold Snap","Coolheaded","Reboot","Glacier","Defragment+1","Sunder+1","Capacitor","White Noise","Conserve Battery+1","Self Repair","Panacea","Fusion","FTL","Conserve Battery+1"],"relics":["Cracked Core","NeowsBlessing","Sundial","Bag of Preparation","Anchor","Inserter","Frozen Egg 2","Enchiridion","Question Card"],"potions_floor_usage":[7,19,23,28,28],"damage_taken":[{"damage":0,"enemies":"2 Louse","floor":1,"turns":1},{"damage":0,"enemies":"Cultist","floor":2,"turns":1},{"damage":0,"enemies":"Jaw Worm","floor":3,"turns":1},{"damage":3,"enemies":"3 Sentries","floor":7,"turns":3},{"damage":0,"enemies":"2 Fungi Beasts","floor":8,"turns":3},{"damage":0,"enemies":"Lots of Slimes","floor":10,"turns":6},{"damage":1,"enemies":"Red Slaver","floor":12,"turns":3},{"damage":13,"enemies":"Lagavulin","floor":13,"turns":9},{"damage":0,"enemies":"Exordium Thugs","floor":14,"turns":2},{"damage":24,"enemies":"Slime Boss","floor":16,"turns":11},{"damage":0,"enemies":"Spheric Guardian","floor":18,"turns":5},{"damage":7,"enemies":"Shell Parasite","floor":19,"turns":9},{"damage":0,"enemies":"Snecko","floor":22,"turns":9},{"damage":8,"enemies":"Gremlin Leader","floor":23,"turns":7},{"damage":49,"enemies":"Slavers","floor":28,"turns":3}],"seed_played":"-153075295560146140","potions_obtained":[{"floor":2,"key":"FocusPotion"},{"floor":13,"key":"Strength Potion"},{"floor":18,"key":"Energy Potion"},{"floor":22,"key":"SteroidPotion"}],"is_trial":false,"path_per_floor":["M","M","M","$","?","R","E","M","T","M","R","M","E","M","R","B",null,"M","M","$","?","M","E","$","?","T","R","E"],"character_chosen":"DEFECT","items_purchased":["PowerPotion","Self Repair","Panacea","SteroidPotion"],"campfire_rested":0,"item_purchase_floors":[4,20,20,24],"current_hp_per_floor":[64,64,64,64,64,64,61,61,61,61,61,60,47,47,47,23,59,59,52,52,52,59,58,58,37,37,37,0],"gold":45,"neow_bonus":"THREE_ENEMY_KILL","is_prod":false,"is_daily":false,"chose_seed":false,"campfire_upgraded":4,"win_rate":0,"timestamp":1550724229,"path_taken":["M","M","M","$","?","R","E","M","T","?","R","?","E","M","R","BOSS","M","M","$","?","?","E","$","?","T","R","E"],"build_version":"2019-01-23","purchased_purges":2,"victory":false,"max_hp_per_floor":[71,71,71,71,71,71,71,71,71,71,71,71,71,71,71,71,71,71,71,71,71,71,71,71,71,71,71,71],"card_choices":[{"not_picked":["Leap","Go for the Eyes","Stack"],"picked":"SKIP","floor":1},{"not_picked":["Streamline","Stack"],"picked":"Cold Snap","floor":2},{"not_picked":["Rip and Tear","Doom and Gloom"],"picked":"Coolheaded","floor":3},{"not_picked":["Conserve Battery","Rebound"],"picked":"Reboot","floor":7},{"not_picked":["Steam","Aggregate"],"picked":"Glacier","floor":8},{"not_picked":["Redo","Static Discharge","Turbo"],"picked":"SKIP","floor":10},{"not_picked":["Coolheaded","Ball Lightning"],"picked":"Defragment","floor":12},{"not_picked":["Leap","Fission"],"picked":"Sunder","floor":13},{"not_picked":["Sweeping Beam","Melter"],"picked":"Capacitor","floor":14},{"not_picked":["Gash","Genetic Algorithm"],"picked":"White Noise","floor":18},{"not_picked":["Darkness+1","Reinforced Body"],"picked":"Conserve Battery+1","floor":19},{"not_picked":["FTL","Tempest","Cold Snap"],"picked":"SKIP","floor":22},{"not_picked":["Tempest","Cold Snap"],"picked":"FTL","floor":22},{"not_picked":["Sweeping Beam","Hologram"],"picked":"Conserve Battery+1","floor":23}],"player_experience":1688141,"relics_obtained":[{"floor":7,"key":"Sundial"},{"floor":9,"key":"Bag of Preparation"},{"floor":13,"key":"Anchor"},{"floor":23,"key":"Frozen Egg 2"},{"floor":25,"key":"Enchiridion"},{"floor":26,"key":"Question Card"}],"event_choices":[{"cards_removed":["Defend_B"],"damage_healed":0,"gold_gain":0,"player_choice":"Offered Basic","damage_taken":0,"max_hp_gain":0,"max_hp_loss":0,"event_name":"Bonfire Elementals","floor":5,"gold_loss":0},{"damage_healed":0,"gold_gain":0,"cards_transformed":["Defend_B"],"player_choice":"Transformed","damage_taken":0,"max_hp_gain":0,"max_hp_loss":0,"event_name":"Transmorgrifier","floor":21,"gold_loss":0,"cards_obtained":["Fusion"]},{"damage_healed":0,"gold_gain":0,"player_choice":"Obtained Book","damage_taken":21,"max_hp_gain":0,"max_hp_loss":0,"event_name":"Cursed Tome","floor":25,"gold_loss":0}],"is_beta":false,"boss_relics":[{"not_picked":["Ectoplasm","Runic Pyramid"],"picked":"Inserter"}],"items_purged_floors":[4,20],"is_endless":false,"potions_floor_spawned":[2,13,14,16,18,22],"killed_by":"Slavers","ascension_level":20}