{"gold_per_floor":[115,190,200,200,219,219,247,324,378,378,378,25,25,39,39,39,138,138,152,152,52,64,76,104,104,104,131,131,141,175,175,192,207,207,312,312,326,326,340,41,41,41,76,76,151,151,170,205,215,315,315,315,315],"floor_reached":54,"playtime":4582,"items_purged":["Pain","Pain","Magnetism"],"score":896,"play_id":"76304fc8-4d51-497b-ae09-2d3f9aafae33","local_time":"20190324001042","is_ascension_mode":true,"campfire_choices":[{"data":"Fiend Fire","floor":6,"key":"SMITH"},{"data":"True Grit","floor":11,"key":"SMITH"},{"data":"Barricade","floor":16,"key":"SMITH"},{"floor":26,"key":"RECALL"},{"floor":34,"key":"REST"},{"floor":42,"key":"REST"},{"floor":52,"key":"REST"}],"neow_cost":"NONE","seed_source_timestamp":16037178266600,"circlet_count":0,"master_deck":["Rage","Shrug It Off","Second Wind","Fiend Fire+1","Rampage","Shrug It Off","Feel No Pain","True Grit","Barricade+1","True Grit+1","Writhe","Writhe","Clothesline","Rupture","Heavy Blade","Enlightenment","Battle Trance","Flex","Blood for Blood","Barricade","Whirlwind","Sword Boomerang","Cleave","Carnage","Heavy Blade","Clash","Combust","Immolate","Infernal Blade","Forethought","Mayhem","Combust","Discovery","Power Through","Pummel+1","Whirlwind","Heavy Blade","Perfected Strike+1","Bludgeon","Heavy Blade+1","Heavy Blade"],"relics":["Calling Bell","Bag of Preparation","Shuriken","Torii","WarpedTongs","Blood Vial","Dodecahedron","Dream Catcher","Tiny Chest","Fusion Hammer","Centennial Puzzle","Bronze Scales","Darkstone Periapt","Philosopher\u0027s Stone","Happy Flower","Pear","Smiling Mask","Calipers"],"potions_floor_usage":[19,19,29,53,53,53],"damage_taken":[{"damage":2,"enemies":"Small Slimes","floor":1,"turns":3},{"damage":2,"enemies":"Cultist","floor":3,"turns":2},{"damage":5,"enemies":"2 Louse","floor":5,"turns":3},{"damage":4,"enemies":"3 Sentries","floor":7,"turns":8},{"damage":11,"enemies":"Lots of Slimes","floor":14,"turns":6},{"damage":4,"enemies":"Hexaghost","floor":17,"turns":9},{"damage":4,"enemies":"2 Thieves","floor":19,"turns":4},{"damage":0,"enemies":"3 Byrds","floor":22,"turns":4},{"damage":2,"enemies":"Cultist and Chosen","floor":23,"turns":8},{"damage":38,"enemies":"Slavers","floor":24,"turns":5},{"damage":0,"enemies":"Centurion and Healer","floor":29,"turns":4},{"damage":0,"enemies":"Gremlin Leader","floor":30,"turns":9},{"damage":13,"enemies":"Colosseum Slavers","floor":31,"turns":4},{"damage":1,"enemies":"Snake Plant","floor":32,"turns":3},{"damage":0,"enemies":"Snecko","floor":33,"turns":3},{"damage":15,"enemies":"Automaton","floor":35,"turns":13},{"damage":0,"enemies":"Orb Walker","floor":37,"turns":3},{"damage":13,"enemies":"3 Darklings","floor":39,"turns":5},{"damage":22,"enemies":"Giant Head","floor":43,"turns":8},{"damage":42,"enemies":"Transient","floor":47,"turns":5},{"damage":1,"enemies":"Nemesis","floor":48,"turns":9},{"damage":0,"enemies":"Sphere and 2 Shapes","floor":49,"turns":6},{"damage":0,"enemies":"Mind Bloom Boss Battle","floor":50,"turns":10},{"damage":53,"enemies":"Time Eater","floor":53,"turns":14}],"seed_played":"4525125229668174861","potions_obtained":[{"floor":3,"key":"Fire Potion"},{"floor":5,"key":"SteroidPotion"},{"floor":7,"key":"Block Potion"},{"floor":24,"key":"LiquidBronze"},{"floor":32,"key":"PowerPotion"},{"floor":33,"key":"Strength Potion"},{"floor":37,"key":"Fire Potion"},{"floor":47,"key":"Dexterity Potion"}],"is_trial":false,"path_per_floor":["M","?","M","?","M","R","E","T","T","T","R","$","?","M","?","R","B",null,"M","?","$","M","M","E","?","R","T","T","M","E","?","M","M","R","B",null,"M","?","M","$","?","R","E","?","T","T","M","E","M","?","?","R","B",null],"character_chosen":"IRONCLAD","items_purchased":["Tiny Chest","Enlightenment","Battle Trance","Discovery","Power Through"],"campfire_rested":3,"item_purchase_floors":[12,12,12,40,40],"current_hp_per_floor":[78,67,65,65,60,60,56,56,56,56,56,56,56,47,47,47,45,80,76,76,76,78,78,42,42,42,42,42,44,46,35,36,38,62,49,80,80,70,59,59,59,80,58,58,68,68,28,29,31,33,79,79,26],"gold":315,"neow_bonus":"BOSS_RELIC","is_prod":false,"is_daily":false,"chose_seed":false,"campfire_upgraded":3,"win_rate":0,"timestamp":1553353842,"path_taken":["M","?","M","?","?","R","E","?","T","R","$","?","?","?","R","BOSS","M","?","$","?","M","E","?","R","T","?","E","?","M","M","R","BOSS","M","?","M","$","?","R","E","?","T","M","E","?","?","?","R","BOSS"],"build_version":"2019-01-23","purchased_purges":3,"victory":true,"max_hp_per_floor":[80,80,80,80,80,80,80,80,80,80,80,80,80,80,80,80,80,80,80,80,80,80,80,80,80,80,80,80,80,80,80,80,80,80,80,80,80,80,80,80,80,80,80,80,90,90,90,90,90,90,79,79,79],"card_choices":[{"not_picked":["Disarm","Shrug It Off"],"picked":"Clothesline","floor":1},{"not_picked":["Sever Soul","Metallicize"],"picked":"Rupture","floor":3},{"not_picked":["Havoc","Pummel"],"picked":"Perfected Strike","floor":5},{"not_picked":["Whirlwind","Inflame"],"picked":"Heavy Blade","floor":7},{"not_picked":["Wild Strike","Headbutt"],"picked":"Blood for Blood","floor":14},{"not_picked":["Berserk","Bludgeon"],"picked":"Barricade","floor":17},{"not_picked":["Reckless Charge","Thunderclap"],"picked":"Perfected Strike","floor":19},{"not_picked":["Bloodletting","Wild Strike"],"picked":"Sword Boomerang","floor":22},{"not_picked":["Wild Strike","True Grit"],"picked":"Cleave","floor":23},{"not_picked":["Pommel Strike","Shockwave+1","Juggernaut"],"picked":"SKIP","floor":24},{"not_picked":["Flex","Shrug It Off"],"picked":"Heavy Blade","floor":29},{"not_picked":["Thunderclap","Burning Pact"],"picked":"Clash","floor":30},{"not_picked":["Sword Boomerang+1","Headbutt"],"picked":"Combust","floor":32},{"not_picked":["Fiend Fire","Double Tap"],"picked":"Immolate","floor":35},{"not_picked":["Flex","Evolve"],"picked":"Infernal Blade","floor":37},{"not_picked":["Dark Shackles","Thinking Ahead"],"picked":"Forethought","floor":38},{"not_picked":["Violence","Forethought"],"picked":"Mayhem","floor":38},{"not_picked":["Madness","Flash of Steel"],"picked":"Magnetism","floor":38},{"not_picked":["Intimidate+1","Flex"],"picked":"Combust","floor":39},{"not_picked":["Twin Strike","Burning Pact+1"],"picked":"Pummel+1","floor":42},{"not_picked":["Shrug It Off","Flex+1"],"picked":"Whirlwind","floor":43},{"not_picked":["Sentinel","Wild Strike"],"picked":"Heavy Blade","floor":47},{"not_picked":["Clothesline+1","Thunderclap+1"],"picked":"Perfected Strike+1","floor":48},{"not_picked":["Warcry","Armaments+1"],"picked":"Bludgeon","floor":49},{"not_picked":["Shrug It Off","Warcry+1"],"picked":"Heavy Blade+1","floor":50},{"not_picked":["Sword Boomerang","Clothesline+1"],"picked":"Heavy Blade","floor":52}],"player_experience":2520626,"relics_obtained":[{"floor":0,"key":"Bag of Preparation"},{"floor":0,"key":"Shuriken"},{"floor":0,"key":"Torii"},{"floor":7,"key":"Blood Vial"},{"floor":8,"key":"Dodecahedron"},{"floor":9,"key":"Dream Catcher"},{"floor":24,"key":"Centennial Puzzle"},{"floor":27,"key":"Bronze Scales"},{"floor":30,"key":"Darkstone Periapt"},{"floor":43,"key":"Happy Flower"},{"floor":45,"key":"Pear"},{"floor":48,"key":"Smiling Mask"},{"floor":50,"key":"Calipers"}],"event_choices":[{"damage_healed":0,"gold_gain":75,"player_choice":"Gather Gold","damage_taken":11,"max_hp_gain":0,"max_hp_loss":0,"event_name":"World of Goop","floor":2,"gold_loss":0},{"damage_healed":0,"gold_gain":0,"player_choice":"Rummage","damage_taken":0,"relics_obtained":["WarpedTongs"],"max_hp_gain":0,"max_hp_loss":0,"event_name":"Accursed Blacksmith","floor":4,"gold_loss":0,"cards_obtained":["Pain"]},{"damage_healed":0,"gold_gain":0,"cards_transformed":["Perfected Strike"],"player_choice":"Transformed","damage_taken":0,"max_hp_gain":0,"max_hp_loss":0,"event_name":"Transmorgrifier","floor":13,"gold_loss":0,"cards_obtained":["Flex"]},{"damage_healed":0,"gold_gain":0,"player_choice":"Leave","damage_taken":0,"max_hp_gain":0,"max_hp_loss":0,"event_name":"The Cleric","floor":15,"gold_loss":0},{"damage_healed":0,"gold_gain":0,"player_choice":"1 cards matched","damage_taken":0,"max_hp_gain":0,"max_hp_loss":0,"event_name":"Match and Keep!","floor":20,"gold_loss":0,"cards_obtained":["Whirlwind"]},{"damage_healed":0,"gold_gain":0,"cards_transformed":["Perfected Strike"],"player_choice":"Transformed","damage_taken":0,"max_hp_gain":0,"max_hp_loss":0,"event_name":"Transmorgrifier","floor":25,"gold_loss":0,"cards_obtained":["Carnage"]},{"damage_healed":0,"gold_gain":0,"player_choice":"Fight","damage_taken":0,"max_hp_gain":0,"max_hp_loss":0,"event_name":"Colosseum","floor":31,"gold_loss":0},{"damage_healed":0,"gold_gain":0,"player_choice":"Fled From Nobs","damage_taken":0,"max_hp_gain":0,"max_hp_loss":0,"event_name":"Colosseum","floor":31,"gold_loss":0},{"damage_healed":0,"gold_gain":0,"player_choice":"Memory 3","damage_taken":10,"max_hp_gain":0,"max_hp_loss":0,"event_name":"SensoryStone","floor":38,"gold_loss":0},{"damage_healed":0,"gold_gain":0,"player_choice":"Ignored","damage_taken":0,"max_hp_gain":0,"max_hp_loss":0,"event_name":"Mysterious Sphere","floor":41,"gold_loss":0},{"damage_healed":0,"gold_gain":0,"player_choice":"0 cards matched","damage_taken":0,"max_hp_gain":0,"max_hp_loss":0,"event_name":"Match and Keep!","floor":44,"gold_loss":0,"cards_obtained":[]},{"damage_healed":0,"gold_gain":0,"player_choice":"Fight","damage_taken":0,"max_hp_gain":0,"max_hp_loss":0,"event_name":"MindBloom","floor":50,"gold_loss":0},{"damage_healed":79,"gold_gain":0,"player_choice":"Heal","damage_taken":0,"max_hp_gain":0,"max_hp_loss":11,"event_name":"The Moai Head","floor":51,"gold_loss":0}],"is_beta":false,"boss_relics":[{"not_picked":["Busted Crown","Coffee Dripper"],"picked":"Fusion Hammer"},{"not_picked":["Tiny House","Runic Pyramid"],"picked":"Philosopher\u0027s Stone"}],"items_purged_floors":[12,21,40],"is_endless":false,"potions_floor_spawned":[3,5,7,24,31,32,33,37,47,48,50],"ascension_level":1}