{"gold_per_floor":[363,159,159,177,177,177,61,93,105,117,141,228,240,272,284,296],"floor_reached":16,"playtime":831,"items_purged":["Shame"],"score":172,"play_id":"3519401d-d528-47eb-90b4-f58fe5b99317","local_time":"20181110074542","is_ascension_mode":true,"campfire_choices":[{"floor":6,"key":"REST"},{"floor":10,"key":"REST"},{"floor":13,"key":"REST"},{"floor":15,"key":"REST"}],"neow_cost":"CURSE","seed_source_timestamp":907354115381092,"circlet_count":0,"master_deck":["AscendersBane","Strike_B+1","Strike_B","Strike_B","Strike_B","Defend_B+1","Defend_B","Defend_B","Defend_B","Zap","Dualcast","Cold Snap","Defragment","Fusion","Storm","Steam","Heatsinks"],"relics":["Cracked Core","MawBank","Singing Bowl"],"potions_floor_usage":[8,11,14],"damage_taken":[{"damage":0,"enemies":"Cultist","floor":1,"turns":4},{"damage":2,"enemies":"Jaw Worm","floor":4,"turns":4},{"damage":33,"enemies":"Gremlin Nob","floor":8,"turns":4},{"damage":0,"enemies":"2 Louse","floor":11,"turns":1},{"damage":11,"enemies":"Large Slime","floor":14,"turns":5},{"damage":75,"enemies":"Hexaghost","floor":16,"turns":14}],"seed_played":"-5343471242193390616","potions_obtained":[{"floor":4,"key":"Explosive Potion"},{"floor":11,"key":"Energy Potion"}],"is_trial":false,"path_per_floor":["M","$","?","M","?","R","$","E","T","R","M","?","R","M","R","B"],"character_chosen":"DEFECT","items_purchased":["Defragment","AttackPotion","Storm","Steam"],"campfire_rested":4,"item_purchase_floors":[2,2,7,7],"current_hp_per_floor":[64,64,64,62,41,62,62,29,29,50,52,41,62,51,72,0],"gold":296,"neow_bonus":"TWO_FIFTY_GOLD","is_prod":false,"is_daily":false,"chose_seed":false,"campfire_upgraded":0,"win_rate":0,"timestamp":1541828742,"path_taken":["M","$","?","M","?","R","?","E","T","R","M","?","R","M","R","BOSS"],"build_version":"2018-11-08","purchased_purges":1,"victory":false,"max_hp_per_floor":[71,71,71,71,71,71,71,71,71,71,73,73,73,73,73,73],"card_choices":[{"not_picked":["Conserve Battery","Turbo"],"picked":"Cold Snap","floor":1},{"not_picked":["Stack","Rebound"],"picked":"Fusion","floor":4},{"not_picked":["Rebound","Streamline","Tempest"],"picked":"SKIP","floor":8},{"not_picked":["Steam","Go for the Eyes","Sweeping Beam"],"picked":"Singing Bowl","floor":11},{"not_picked":["Gash","Reboot"],"picked":"Heatsinks","floor":14}],"player_experience":757655,"relics_obtained":[{"floor":8,"key":"MawBank"},{"floor":9,"key":"Singing Bowl"}],"event_choices":[{"damage_healed":0,"gold_gain":0,"player_choice":"Ignored","damage_taken":0,"max_hp_gain":0,"max_hp_loss":0,"event_name":"Golden Wing","floor":3,"gold_loss":0},{"damage_healed":0,"gold_gain":0,"player_choice":"Entered Light","damage_taken":21,"max_hp_gain":0,"max_hp_loss":0,"event_name":"Shining Light","floor":5,"gold_loss":0,"cards_upgraded":["Strike_B","Defend_B"]},{"damage_healed":0,"gold_gain":75,"player_choice":"Gather Gold","damage_taken":11,"max_hp_gain":0,"max_hp_loss":0,"event_name":"World of Goop","floor":12,"gold_loss":0}],"is_beta":false,"boss_relics":[],"items_purged_floors":[2],"is_endless":false,"potions_floor_spawned":[4,11],"killed_by":"Hexaghost","ascension_level":15}