{"gold_per_floor":[114,114,125,145,145,145,161,161,161,1,1,27,27,27,27,98,98,117,117,131,101,118,118,138,138,188,208,227,227,256,274,274,345,345,359,378,378,93,0,0,100,120,120,150,162,194,205,111,111,111,111,111,111,11,45,45],"floor_reached":56,"playtime":2988,"items_purged":["Defend_B","Strike_B"],"score":2029,"play_id":"7639b9bd-e071-40b3-8c38-71d96657873b","local_time":"20190219140554","is_ascension_mode":true,"campfire_choices":[{"data":"Streamline","floor":6.0,"key":"SMITH"},{"data":"Zap","floor":8.0,"key":"SMITH"},{"data":"Coolheaded","floor":13.0,"key":"SMITH"},{"data":"Dualcast","floor":15.0,"key":"SMITH"},{"data":"Conserve Battery","floor":23.0,"key":"SMITH"},{"data":"Cold Snap","floor":25.0,"key":"SMITH"},{"data":"Consume","floor":29.0,"key":"SMITH"},{"floor":32.0,"key":"REST"},{"data":"Fission","floor":40.0,"key":"SMITH"},{"floor":49,"key":"RECALL"},{"data":"Discovery","floor":53,"key":"SMITH"}],"neow_cost":"NONE","seed_source_timestamp":444621804591900,"circlet_count":0,"master_deck":["AscendersBane","Strike_B","Strike_B","Strike_B","Defend_B","Defend_B","Defend_B","Zap+1","Dualcast+1","Cold Snap+1","Coolheaded+1","Streamline+1","Cold Snap","Capacitor+1","Seek+1","Conserve Battery+1","Turbo","Consume+1","Chill","Gash","Fission+1","Gash","Loop+1","Gash","Self Repair+1","Hologram","Hologram","Gash+1","Defragment+1","Gash","Discovery+1","Hologram"],"special_seed":0,"relics":["FrozenCore","NeowsBlessing","Shuriken","Frozen Egg 2","DataDisk","Dead Branch","Omamori","Strawberry","Runic Dome","Blood Vial","Red Mask","FossilizedHelix","Ice Cream","Pocketwatch","Mummified Hand"],"potions_floor_usage":[56,56],"damage_taken":[{"damage":0.0,"enemies":"Cultist","floor":1.0,"turns":1.0},{"damage":0.0,"enemies":"Jaw Worm","floor":3.0,"turns":1.0},{"damage":0.0,"enemies":"Small Slimes","floor":4.0,"turns":1.0},{"damage":4.0,"enemies":"2 Fungi Beasts","floor":7.0,"turns":2.0},{"damage":11.0,"enemies":"3 Sentries","floor":12.0,"turns":7.0},{"damage":18.0,"enemies":"Slime Boss","floor":16.0,"turns":10.0},{"damage":0.0,"enemies":"Spheric Guardian","floor":18.0,"turns":6.0},{"damage":17.0,"enemies":"2 Thieves","floor":20.0,"turns":5.0},{"damage":3.0,"enemies":"Chosen and Byrds","floor":22.0,"turns":7.0},{"damage":0.0,"enemies":"Centurion and Healer","floor":24.0,"turns":8.0},{"damage":12.0,"enemies":"Snake Plant","floor":27.0,"turns":5.0},{"damage":2.0,"enemies":"Snecko","floor":28.0,"turns":6.0},{"damage":3.0,"enemies":"Book of Stabbing","floor":30.0,"turns":7.0},{"damage":9.0,"enemies":"Shelled Parasite and Fungi","floor":31.0,"turns":7.0},{"damage":43.0,"enemies":"Automaton","floor":33.0,"turns":15.0},{"damage":8.0,"enemies":"3 Darklings","floor":35.0,"turns":9.0},{"damage":0.0,"enemies":"Orb Walker","floor":36.0,"turns":4.0},{"damage":0.0,"enemies":"Mind Bloom Boss Battle","floor":41.0,"turns":7.0},{"damage":0.0,"enemies":"4 Shapes","floor":42.0,"turns":7.0},{"damage":0.0,"enemies":"Giant Head","floor":44.0,"turns":12.0},{"damage":0.0,"enemies":"Writhing Mass","floor":45.0,"turns":8.0},{"damage":0.0,"enemies":"Nemesis","floor":46.0,"turns":7.0},{"damage":0.0,"enemies":"Transient","floor":47.0,"turns":6.0},{"damage":0,"enemies":"Awakened One","floor":50,"turns":9},{"damage":12,"enemies":"Donu and Deca","floor":51,"turns":12},{"damage":36,"enemies":"Shield and Spear","floor":55,"turns":11},{"damage":63,"enemies":"The Heart","floor":56,"turns":2}],"seed_played":"2451016643446883410","potions_obtained":[{"floor":1.0,"key":"EssenceOfSteel"},{"floor":3.0,"key":"SteroidPotion"},{"floor":18.0,"key":"Block Potion"},{"floor":21.0,"key":"Strength Potion"},{"floor":21.0,"key":"EntropicBrew"},{"floor":33.0,"key":"LiquidBronze"},{"floor":42.0,"key":"PowerPotion"}],"is_trial":false,"path_per_floor":["M","$","M","M","T","R","M","R","T","$","?","E","R","$","R","B",null,"M","?","M","?","M","R","M","R","T","M","M","R","E","M","R","B",null,"M","M","?","$","?","R","?","M","T","E","M","E","M","$","R","B","B",null,"R","$","E","B"],"character_chosen":"DEFECT","items_purchased":["DataDisk","Blood Vial","Gash","Discovery"],"campfire_rested":1,"item_purchase_floors":[10,38,38,48],"current_hp_per_floor":[64,64,64,64,64,64,60,60,60,60,60,49,49,49,49,31,61,61,61,44,44,41,41,41,41,41,29,27,27,31,22,45,2,59,51,51,67,67,67,67,69,78,78,78,78,78,78,78,78,78,76,78,78,78,52,0],"gold":45,"neow_bonus":"THREE_ENEMY_KILL","is_prod":false,"is_daily":false,"chose_seed":false,"campfire_upgraded":9,"win_rate":0,"timestamp":1550552754,"path_taken":["M","?","M","?","?","R","M","R","T","$","?","E","R","$","R","BOSS","M","?","?","?","?","R","?","R","T","?","M","R","E","M","R","BOSS","M","M","?","$","?","R","?","M","T","E","?","E","M","$","R","BOSS","BOSS","R","$","E","BOSS"],"build_version":"2019-01-23","purchased_purges":2,"victory":false,"max_hp_per_floor":[71,71,71,71,71,71,71,71,71,71,71,71,71,71,71,71,71,71,71,71,71,71,71,71,71,71,71,71,71,78,78,78,78,78,78,78,78,78,78,78,78,78,78,78,78,78,78,78,78,78,78,78,78,78,78,78],"card_choices":[{"not_picked":["Blizzard","Conserve Battery"],"picked":"Cold Snap","floor":1.0},{"not_picked":["Go for the Eyes","Steam"],"picked":"Coolheaded","floor":3.0},{"not_picked":["Turbo","Reinforced Body"],"picked":"Streamline","floor":4.0},{"not_picked":["Streamline","Go for the Eyes"],"picked":"Cold Snap","floor":7.0},{"not_picked":["Cold Snap","Barrage"],"picked":"Capacitor+1","floor":12.0},{"not_picked":["Echo Form+1","Amplify"],"picked":"Seek","floor":16.0},{"not_picked":["FTL","Compile Driver"],"picked":"Conserve Battery","floor":18.0},{"not_picked":["Beam Cell","Tempest","Stack+1"],"picked":"SKIP","floor":20.0},{"not_picked":["Go for the Eyes","Doom and Gloom+1","Hello World+1"],"picked":"SKIP","floor":22.0},{"not_picked":["Force Field","Rip and Tear","Redo"],"picked":"SKIP","floor":24.0},{"not_picked":["Skim","Coolheaded"],"picked":"Turbo","floor":27.0},{"not_picked":["Capacitor+1","Rip and Tear"],"picked":"Consume","floor":28.0},{"not_picked":["Streamline+1","Gash"],"picked":"Chill","floor":30.0},{"not_picked":["Doom and Gloom","Stack"],"picked":"Gash","floor":31.0},{"not_picked":["Rainbow","Multi-Cast"],"picked":"Fission","floor":33.0},{"not_picked":["Consume+1","Stack"],"picked":"Gash","floor":35.0},{"not_picked":["Hologram","Leap"],"picked":"Loop+1","floor":36.0},{"not_picked":["Aggregate","Go for the Eyes"],"picked":"Self Repair+1","floor":41.0},{"not_picked":["Hello World+1","Tempest"],"picked":"Hologram","floor":42.0},{"not_picked":["Lockon+1","Skim+1"],"picked":"Hologram","floor":44.0},{"not_picked":["Self Repair+1","Streamline+1"],"picked":"Gash+1","floor":45.0},{"not_picked":["Sunder+1","Hologram+1"],"picked":"Defragment+1","floor":46.0},{"not_picked":["Static Discharge+1","Hello World+1"],"picked":"Gash","floor":47.0},{"not_picked":["Hyperbeam","Turbo"],"picked":"Hologram","floor":55}],"player_experience":1634996,"relics_obtained":[{"floor":5.0,"key":"Shuriken"},{"floor":9.0,"key":"Frozen Egg 2"},{"floor":12.0,"key":"Dead Branch"},{"floor":26.0,"key":"Omamori"},{"floor":30.0,"key":"Strawberry"},{"floor":41.0,"key":"FossilizedHelix"},{"floor":44.0,"key":"Ice Cream"},{"floor":46.0,"key":"Pocketwatch"},{"floor":55,"key":"Mummified Hand"}],"event_choices":[{"damage_healed":0.0,"max_hp_gain":0.0,"max_hp_loss":0.0,"gold_gain":0.0,"event_name":"Liars Game","player_choice":"Ignored","floor":11.0,"gold_loss":0.0,"damage_taken":0.0},{"damage_healed":0.0,"max_hp_gain":0.0,"max_hp_loss":0.0,"gold_gain":0.0,"event_name":"Upgrade Shrine","player_choice":"Upgraded","floor":19.0,"gold_loss":0.0,"damage_taken":0.0,"cards_upgraded":["Seek"]},{"damage_healed":0.0,"max_hp_gain":0.0,"max_hp_loss":0.0,"gold_gain":0.0,"event_name":"The Woman in Blue","player_choice":"Bought 2 Potions","floor":21.0,"gold_loss":0.0,"damage_taken":0.0},{"damage_healed":16.0,"max_hp_gain":0.0,"max_hp_loss":0.0,"gold_gain":0.0,"event_name":"Winding Halls","player_choice":"Writhe","floor":37.0,"gold_loss":0.0,"damage_taken":0.0,"cards_obtained":["Writhe"]},{"damage_healed":0.0,"max_hp_gain":0.0,"max_hp_loss":0.0,"gold_gain":0.0,"event_name":"Tomb of Lord Red Mask","player_choice":"Paid","floor":39.0,"gold_loss":93.0,"damage_taken":0.0,"relics_obtained":["Red Mask"]},{"damage_healed":0.0,"max_hp_gain":0.0,"max_hp_loss":0.0,"gold_gain":0.0,"event_name":"MindBloom","player_choice":"Fight","floor":41.0,"gold_loss":0.0,"damage_taken":0.0}],"is_beta":false,"boss_relics":[{"not_picked":["Inserter","Sozu"],"picked":"FrozenCore"},{"not_picked":["Lizard Tail","Runic Pyramid"],"picked":"Runic Dome"}],"items_purged_floors":[38,54],"is_endless":false,"potions_floor_spawned":[1,3,7,18,22,33,42,44,45,46],"killed_by":"The Heart","ascension_level":20}