{"gold_per_floor":[111,186,186,461,472,472,505,109,109,121,150,150,150],"floor_reached":13,"playtime":247,"items_purged":["Regret"],"score":232,"play_id":"d0d78a64-6d7c-40a8-ad6e-b4e6f1e8d53b","local_time":"20190301134535","is_ascension_mode":true,"campfire_choices":[{"data":"Zap","floor":6,"key":"SMITH"},{"floor":12,"key":"REST"}],"neow_cost":"NONE","seed_source_timestamp":8135816243300,"circlet_count":0,"master_deck":["AscendersBane","Strike_B","Strike_B","Strike_B","Strike_B","Defend_B","Defend_B","Defend_B","Zap+1","Dualcast","Cold Snap","Capacitor","Coolheaded","Capacitor","Self Repair"],"relics":["Cracked Core","NeowsBlessing","Juzu Bracelet","OrangePellets","Blue Candle","Ancient Tea Set"],"potions_floor_usage":[11],"damage_taken":[{"damage":0,"enemies":"2 Louse","floor":1,"turns":1},{"damage":0,"enemies":"Small Slimes","floor":5,"turns":1},{"damage":0,"enemies":"Lagavulin","floor":7,"turns":1},{"damage":5,"enemies":"Jaw Worm","floor":10,"turns":4},{"damage":32,"enemies":"Gremlin Nob","floor":11,"turns":4},{"damage":28,"enemies":"3 Sentries","floor":13,"turns":5}],"seed_played":"6987823630808865014","potions_obtained":[{"floor":7,"key":"Fire Potion"}],"is_trial":false,"path_per_floor":["M","?","?","?","M","R","E","$","T","M","E","R","E"],"character_chosen":"DEFECT","items_purchased":["OrangePellets","Coolheaded","SpeedPotion"],"campfire_rested":1,"item_purchase_floors":[8,8,8],"current_hp_per_floor":[64,53,46,46,46,46,46,46,46,41,9,30,2],"gold":150,"neow_bonus":"THREE_ENEMY_KILL","is_prod":false,"is_daily":false,"chose_seed":false,"campfire_upgraded":1,"win_rate":0,"timestamp":1551415535,"path_taken":["M","?","?","?","M","R","E","$","T","M","E","R","E"],"build_version":"2019-01-23","purchased_purges":1,"victory":false,"max_hp_per_floor":[71,71,71,71,71,71,71,71,71,71,71,71,71],"card_choices":[{"not_picked":["Sweeping Beam","Steam","Hologram"],"picked":"SKIP","floor":1},{"not_picked":["Gash","Storm"],"picked":"Cold Snap","floor":5},{"not_picked":["Blizzard","Conserve Battery"],"picked":"Capacitor","floor":7},{"not_picked":["Steam","Undo"],"picked":"Capacitor","floor":10},{"not_picked":["Doom and Gloom","Turbo"],"picked":"Self Repair","floor":11}],"player_experience":1913546,"relics_obtained":[{"floor":7,"key":"Juzu Bracelet"},{"floor":9,"key":"Blue Candle"},{"floor":11,"key":"Ancient Tea Set"}],"event_choices":[{"damage_healed":0,"gold_gain":75,"player_choice":"Gather Gold","damage_taken":11,"max_hp_gain":0,"max_hp_loss":0,"event_name":"World of Goop","floor":2,"gold_loss":0},{"cards_removed":["Defend_B"],"damage_healed":0,"gold_gain":0,"player_choice":"Card Removal","damage_taken":7,"max_hp_gain":0,"max_hp_loss":0,"event_name":"Golden Wing","floor":3,"gold_loss":0},{"damage_healed":0,"gold_gain":275,"player_choice":"Desecrate","damage_taken":0,"max_hp_gain":0,"max_hp_loss":0,"event_name":"Golden Shrine","floor":4,"gold_loss":0,"cards_obtained":["Regret"]}],"is_beta":false,"boss_relics":[],"items_purged_floors":[8],"is_endless":false,"potions_floor_spawned":[7,10],"killed_by":"3 Sentries","ascension_level":20}