{"gold_per_floor":[113,113,136,61,77,77,115,115,142,12,48,48,66,87,87,180,180],"floor_reached":17,"playtime":247,"items_purged":["Strike_B"],"score":330,"play_id":"ed1ee8bc-7ef7-47de-bcae-1f97831c3c43","local_time":"20190330205214","is_ascension_mode":true,"campfire_choices":[{"data":"Streamline","floor":6.0,"key":"SMITH"},{"floor":8.0,"key":"REST"},{"data":"Zap","floor":12.0,"key":"SMITH"},{"data":"Defragment","floor":15.0,"key":"SMITH"}],"neow_cost":"NONE","seed_source_timestamp":121576291535600,"circlet_count":0,"master_deck":["AscendersBane","Zap+1","Dualcast","Streamline+1","Cold Snap","Cold Snap","Defragment+1","Electrodynamics"],"special_seed":0,"relics":["Cracked Core","NeowsBlessing","Golden Idol","Lantern","Pen Nib","Boot","Pandora\u0027s Box"],"potions_floor_usage":[],"damage_taken":[{"damage":0.0,"enemies":"Jaw Worm","floor":1.0,"turns":1.0},{"damage":0.0,"enemies":"2 Louse","floor":3.0,"turns":1.0},{"damage":0.0,"enemies":"Cultist","floor":5.0,"turns":1.0},{"damage":35.0,"enemies":"Lagavulin","floor":7.0,"turns":7.0},{"damage":28.0,"enemies":"Gremlin Nob","floor":11.0,"turns":4.0},{"damage":4.0,"enemies":"Looter","floor":13.0,"turns":2.0},{"damage":0.0,"enemies":"2 Fungi Beasts","floor":14.0,"turns":2.0},{"damage":12.0,"enemies":"Hexaghost","floor":16.0,"turns":7.0}],"seed_played":"-4595858248012771569","potions_obtained":[{"floor":3.0,"key":"Ancient Potion"},{"floor":5.0,"key":"Poison Potion"}],"is_trial":false,"path_per_floor":["M","?","M","?","M","R","E","R","T","$","E","R","M","M","R","B",null],"character_chosen":"DEFECT","items_purchased":["PowerPotion"],"campfire_rested":1,"item_purchase_floors":[10],"current_hp_per_floor":[64,64,64,64,64,64,29,48,48,48,20,20,16,16,16,4,4],"gold":180,"neow_bonus":"THREE_ENEMY_KILL","is_prod":false,"is_daily":false,"chose_seed":false,"campfire_upgraded":3,"win_rate":0,"timestamp":1553946734,"path_taken":["M","?","M","?","M","R","E","R","T","?","E","R","?","M","R","BOSS"],"build_version":"2019-01-23","purchased_purges":1,"victory":false,"max_hp_per_floor":[71,64,64,64,64,64,64,64,64,64,64,64,64,64,64,64,64],"card_choices":[{"not_picked":["Compile Driver","Leap","Rebound"],"picked":"SKIP","floor":1.0},{"not_picked":["Steam","Coolheaded"],"picked":"Streamline","floor":3.0},{"not_picked":["Sweeping Beam","Steam","Go for the Eyes"],"picked":"SKIP","floor":5.0},{"not_picked":["Heatsinks","Conserve Battery"],"picked":"Cold Snap","floor":7.0},{"not_picked":["Conserve Battery","Genetic Algorithm"],"picked":"Cold Snap","floor":11.0},{"not_picked":["Hyperbeam","Turbo"],"picked":"Defragment","floor":13.0},{"not_picked":["Barrage","Turbo","Conserve Battery"],"picked":"SKIP","floor":14.0},{"not_picked":["Meteor Strike","Amplify"],"picked":"Electrodynamics","floor":16.0}],"player_experience":2757299,"relics_obtained":[{"floor":7.0,"key":"Lantern"},{"floor":9.0,"key":"Pen Nib"},{"floor":11.0,"key":"Boot"}],"event_choices":[{"damage_healed":0.0,"max_hp_gain":0.0,"max_hp_loss":7.0,"gold_gain":0.0,"event_name":"Golden Idol","player_choice":"Lose Max HP","floor":2.0,"gold_loss":0.0,"damage_taken":0.0,"relics_obtained":["Golden Idol"]},{"cards_removed":["Strike_B"],"damage_healed":0.0,"max_hp_gain":0.0,"max_hp_loss":0.0,"gold_gain":0.0,"event_name":"The Cleric","player_choice":"Card Removal","floor":4.0,"gold_loss":75.0,"damage_taken":0.0}],"is_beta":false,"boss_relics":[{"not_picked":["Orrery","Astrolabe"],"picked":"Pandora\u0027s Box"}],"items_purged_floors":[10],"is_endless":false,"potions_floor_spawned":[3,5,14],"ascension_level":20}