{"gold_per_floor":[112,112,125,300,316,316,333,351,351,425,425,55,65,80,80,80],"floor_reached":16,"playtime":3437,"items_purged":["Defend_R"],"score":94,"play_id":"796d3d94-0e38-448c-8785-fc812b8459e5","local_time":"20190113180930","is_ascension_mode":false,"campfire_choices":[{"data":"Body Slam","floor":6,"key":"SMITH"},{"data":"True Grit","floor":11,"key":"SMITH"},{"floor":15,"key":"REST"}],"neow_cost":"TEN_PERCENT_HP_LOSS","seed_source_timestamp":234570971753829,"circlet_count":0,"master_deck":["Strike_R","Strike_R+1","Strike_R","Strike_R","Strike_R","Defend_R+1","Defend_R","Defend_R","Bash","Dropkick","Disarm","Doubt","Body Slam+1","True Grit+1","Perfected Strike","Perfected Strike","Master of Strategy","Brutality","Feed","Shrug It Off"],"relics":["Burning Blood","Champion Belt","Meat on the Bone","Question Card"],"potions_floor_usage":[7,16],"damage_taken":[{"damage":3,"enemies":"Small Slimes","floor":1,"turns":3},{"damage":6,"enemies":"2 Louse","floor":3,"turns":3},{"damage":4,"enemies":"Jaw Worm","floor":5,"turns":5},{"damage":10,"enemies":"Gremlin Gang","floor":7,"turns":4},{"damage":19,"enemies":"Lots of Slimes","floor":8,"turns":8},{"damage":15,"enemies":"Exordium Wildlife","floor":13,"turns":4},{"damage":27,"enemies":"3 Louse","floor":14,"turns":5},{"damage":62,"enemies":"Hexaghost","floor":16,"turns":11}],"seed_played":"191351395962994829","potions_obtained":[{"floor":1,"key":"Explosive Potion"},{"floor":14,"key":"Weak Potion"}],"is_trial":false,"path_per_floor":["M","?","M","?","M","R","M","M","T","T","R","$","M","M","R","B"],"character_chosen":"IRONCLAD","items_purchased":["Perfected Strike","Master of Strategy","Brutality"],"campfire_rested":1,"item_purchase_floors":[12,12,12],"current_hp_per_floor":[72,58,58,58,60,60,56,43,43,43,43,43,46,40,62,0],"gold":80,"neow_bonus":"ONE_RARE_RELIC","is_prod":false,"is_daily":false,"chose_seed":false,"campfire_upgraded":2,"win_rate":0.0,"timestamp":1547370570,"path_taken":["M","?","M","?","M","R","M","M","T","?","R","$","M","?","R","BOSS"],"build_version":"2019-01-10","purchased_purges":1,"victory":false,"max_hp_per_floor":[72,72,72,72,72,72,72,72,72,72,72,72,72,75,75,75],"card_choices":[{"not_picked":["Carnage","Thunderclap"],"picked":"Dropkick","floor":1},{"not_picked":["Intimidate","Warcry"],"picked":"Disarm","floor":3},{"not_picked":["Uppercut","Twin Strike"],"picked":"Body Slam","floor":5},{"not_picked":["Warcry","Headbutt"],"picked":"True Grit","floor":7},{"not_picked":["Pommel Strike","Heavy Blade"],"picked":"Perfected Strike","floor":8},{"not_picked":["Heavy Blade","Pommel Strike","Iron Wave"],"picked":"Feed","floor":13},{"not_picked":["Rage","Cleave","Armaments"],"picked":"Shrug It Off","floor":14}],"player_experience":4533,"relics_obtained":[{"floor":9,"key":"Meat on the Bone"},{"floor":10,"key":"Question Card"}],"event_choices":[{"damage_healed":0,"gold_gain":0,"player_choice":"Entered Light","damage_taken":14,"max_hp_gain":0,"max_hp_loss":0,"event_name":"Shining Light","floor":2,"gold_loss":0,"cards_upgraded":["Defend_R","Strike_R"]},{"damage_healed":0,"gold_gain":175,"player_choice":"AGREE","damage_taken":0,"max_hp_gain":0,"max_hp_loss":0,"event_name":"Liars Game","floor":4,"gold_loss":0,"cards_obtained":["Doubt"]}],"is_beta":false,"boss_relics":[],"items_purged_floors":[12],"is_endless":false,"potions_floor_spawned":[1,14],"killed_by":"Hexaghost","ascension_level":0}