{"gold_per_floor":[116,126,191,206,105,105,118,118,145,145,173,189,201,231,231,326,626,637,637,560,572,16,48,59,59,59,59,71,31,49,66,66,163,213,224,224,224,239,29,29],"floor_reached":40,"playtime":3506,"items_purged":["Regret"],"score":518,"play_id":"6ba2d1e8-5abc-43d4-9d2a-ba9a08010898","local_time":"20180814145621","is_ascension_mode":false,"campfire_choices":[{"data":"Warcry","floor":6,"key":"SMITH"},{"floor":8,"key":"REST"},{"floor":15,"key":"REST"},{"floor":25,"key":"REST"},{"floor":27,"key":"REST"},{"floor":32,"key":"REST"}],"neow_cost":"NONE","seed_source_timestamp":1968708937249092,"circlet_count":0,"master_deck":["Strike_R","Strike_R","Strike_R","Strike_R","Strike_R","Defend_R","Defend_R","Defend_R","Defend_R+1","Bash","Corruption","Sever Soul","Warcry+1","Havoc","Headbutt","Shockwave","Havoc","Warcry","Intimidate+1","Sword Boomerang+1","Exhume","Regret","Writhe","Havoc+1","J.A.X.","Anger","Jack Of All Trades","Havoc","Secret Technique","Feel No Pain","Thunderclap","Disarm","Seeing Red+1","Warcry","Armaments","Anger","Flex","Shockwave","Flame Barrier","Armaments+1","Exhume","Headbutt","Shrug It Off","Clash+1","Madness","Madness","Apotheosis","Flash of Steel","Jack Of All Trades","Dual Wield+1","Feel No Pain"],"relics":["Burning Blood","NeowsBlessing","Bag of Preparation","Potion Belt","Happy Flower","Dream Catcher","Calling Bell","Vajra","Smiling Mask","Old Coin","War Paint","Prayer Wheel","Tiny House","HandDrill"],"potions_floor_usage":[7,11,11,12,13,16,21,21,21,23,23,23,23,28,28,30,31,38],"damage_taken":[{"damage":0,"enemies":"2 Louse","floor":1,"turns":1},{"damage":0,"enemies":"Small Slimes","floor":2,"turns":1},{"damage":0,"enemies":"Cultist","floor":4,"turns":1},{"damage":23,"enemies":"Exordium Wildlife","floor":7,"turns":5},{"damage":26,"enemies":"Lagavulin","floor":11,"turns":5},{"damage":4,"enemies":"Lots of Slimes","floor":12,"turns":5},{"damage":0,"enemies":"3 Louse","floor":13,"turns":3},{"damage":12,"enemies":"Gremlin Nob","floor":14,"turns":3},{"damage":19,"enemies":"Slime Boss","floor":16,"turns":10},{"damage":37,"enemies":"Shell Parasite","floor":18,"turns":6},{"damage":18,"enemies":"2 Thieves","floor":21,"turns":2},{"damage":11,"enemies":"Slavers","floor":23,"turns":4},{"damage":18,"enemies":"Snecko","floor":24,"turns":6},{"damage":3,"enemies":"Snake Plant","floor":28,"turns":5},{"damage":11,"enemies":"Centurion and Healer","floor":30,"turns":4},{"damage":48,"enemies":"3 Cultists","floor":31,"turns":7},{"damage":27,"enemies":"Collector","floor":33,"turns":9},{"damage":17,"enemies":"Flame Bruiser 1 Orb","floor":35,"turns":9},{"damage":49,"enemies":"3 Darklings","floor":38,"turns":7},{"damage":15,"enemies":"2 Orb Walkers","floor":40,"turns":2}],"seed_played":"-6366658605857911951","potions_obtained":[{"floor":1,"key":"SpeedPotion"},{"floor":2,"key":"Dexterity Potion"},{"floor":7,"key":"Poison Potion"},{"floor":12,"key":"Regen Potion"},{"floor":14,"key":"Block Potion"},{"floor":18,"key":"SteroidPotion"},{"floor":19,"key":"Swift Potion"},{"floor":19,"key":"Poison Potion"},{"floor":19,"key":"PowerPotion"},{"floor":23,"key":"LiquidBronze"},{"floor":24,"key":"EssenceOfSteel"},{"floor":29,"key":"Weak Potion"},{"floor":29,"key":"Strength Potion"},{"floor":29,"key":"Poison Potion"},{"floor":34,"key":"SteroidPotion"},{"floor":38,"key":"Fire Potion"}],"is_trial":false,"path_per_floor":["M","M","?","M","$","R","M","R","T","?","E","M","M","E","R","B",null,"M","?","?","M","$","E","M","R","T","R","M","?","M","M","R","B",null,"M","?","?","M","$"],"character_chosen":"IRONCLAD","items_purchased":["Havoc","SkillPotion","Jack Of All Trades","Havoc","Secret Technique","Fire Potion","Fire Potion","Poison Potion","HandDrill"],"campfire_rested":5,"item_purchase_floors":[5,5,22,22,22,22,22,22,39],"current_hp_per_floor":[80,80,80,80,80,80,63,80,80,77,57,59,74,68,80,67,80,49,49,49,37,37,32,20,44,44,68,71,71,66,24,48,27,85,74,63,53,10,10,0],"gold":29,"neow_bonus":"THREE_ENEMY_KILL","is_prod":false,"is_daily":false,"chose_seed":false,"campfire_upgraded":1,"win_rate":0,"timestamp":1534247781,"path_taken":["M","M","?","M","$","R","M","R","T","?","E","M","?","E","R","BOSS","M","?","?","M","$","E","M","R","T","R","M","?","?","M","R","BOSS","M","?","?","?","?","E"],"build_version":"2018-08-09","purchased_purges":1,"victory":false,"max_hp_per_floor":[80,80,80,80,80,80,80,80,80,80,80,80,80,80,80,80,80,80,80,80,80,80,80,80,80,80,80,80,80,80,80,80,80,85,85,85,85,85,85,85],"card_choices":[{"not_picked":["Clothesline","Rupture"],"picked":"Corruption","floor":1},{"not_picked":["Anger","Rampage"],"picked":"Sever Soul","floor":2},{"not_picked":["Second Wind","Armaments"],"picked":"Warcry","floor":4},{"not_picked":["Immolate","Combust"],"picked":"Headbutt","floor":7},{"not_picked":["Second Wind","Hemokinesis"],"picked":"Shockwave","floor":11},{"not_picked":["Anger","Iron Wave"],"picked":"Havoc","floor":12},{"not_picked":["Body Slam","Thunderclap"],"picked":"Warcry","floor":13},{"not_picked":["Wild Strike","Armaments"],"picked":"Intimidate","floor":14},{"not_picked":["Headbutt","Heavy Blade"],"picked":"Sword Boomerang","floor":15},{"not_picked":["Berserk","Bludgeon"],"picked":"Exhume","floor":16},{"not_picked":["Bloodletting","Sword Boomerang"],"picked":"Havoc+1","floor":18},{"not_picked":["Thunderclap","Twin Strike"],"picked":"Anger","floor":21},{"not_picked":["Thunderclap","Juggernaut"],"picked":"Feel No Pain","floor":23},{"not_picked":["Twin Strike","Perfected Strike+1"],"picked":"Thunderclap","floor":24},{"not_picked":["Havoc","Sever Soul"],"picked":"Disarm","floor":25},{"not_picked":["Power Through+1","Warcry"],"picked":"Seeing Red+1","floor":27},{"not_picked":["Clash","Headbutt"],"picked":"Warcry","floor":28},{"not_picked":["Shrug It Off","Anger"],"picked":"Armaments","floor":28},{"not_picked":["Iron Wave+1","Thunderclap+1"],"picked":"Anger","floor":30},{"not_picked":["Twin Strike+1","Dropkick"],"picked":"Flex","floor":30},{"not_picked":["Anger","Armaments"],"picked":"Shockwave","floor":31},{"not_picked":["Cleave+1","Body Slam"],"picked":"Flame Barrier","floor":31},{"not_picked":["Thunderclap","Iron Wave+1"],"picked":"Armaments+1","floor":32},{"not_picked":["Brutality","Barricade"],"picked":"Exhume","floor":33},{"not_picked":["Wild Strike","Combust"],"picked":"Headbutt","floor":34},{"not_picked":["Combust","Perfected Strike+1"],"picked":"Shrug It Off","floor":35},{"not_picked":["Thunderclap+1","Iron Wave+1"],"picked":"Clash+1","floor":35},{"not_picked":["Secret Technique","Trip"],"picked":"Apotheosis","floor":37},{"not_picked":["Swift Strike","Secret Weapon"],"picked":"Flash of Steel","floor":37},{"not_picked":["Enlightenment","Thinking Ahead"],"picked":"Jack Of All Trades","floor":37},{"not_picked":["Wild Strike+1","Havoc+1"],"picked":"Dual Wield+1","floor":38},{"not_picked":["Body Slam+1","Inflame+1"],"picked":"Feel No Pain","floor":38}],"player_experience":641201,"relics_obtained":[{"floor":9,"key":"Bag of Preparation"},{"floor":11,"key":"Happy Flower"},{"floor":14,"key":"Dream Catcher"},{"floor":17,"key":"Vajra"},{"floor":17,"key":"Smiling Mask"},{"floor":17,"key":"Old Coin"},{"floor":23,"key":"War Paint"},{"floor":26,"key":"Prayer Wheel"}],"event_choices":[{"event_name":"Golden Wing","player_choice":"Gained Gold","floor":3,"damage_taken":0},{"event_name":"Scrap Ooze","player_choice":"success","floor":10,"damage_taken":3},{"event_name":"The Lab","player_choice":"Got Potions","floor":19,"damage_taken":0},{"event_name":"Drug Dealer","player_choice":"Got JAXXED","floor":20,"damage_taken":0},{"event_name":"The Woman in Blue","player_choice":"Bought 3 Potions","floor":29,"damage_taken":0},{"event_name":"Winding Halls","player_choice":"Embrace Madness","floor":36,"damage_taken":0},{"event_name":"SensoryStone","player_choice":"Memory 3","floor":37,"damage_taken":0}],"is_beta":false,"boss_relics":[{"not_picked":["Empty Cage","Mark of Pain"],"picked":"Calling Bell"},{"not_picked":["Velvet Choker","Astrolabe"],"picked":"Tiny House"}],"items_purged_floors":[22],"is_endless":false,"potions_floor_spawned":[1,2,7,12,14,18,23,24,38],"killed_by":"2 Orb Walkers","ascension_level":0}