{"gold_per_floor":[110,110,128,146,31,31,65,109,109,109,134,134],"floor_reached":12,"playtime":196,"items_purged":[],"score":156,"play_id":"591ff286-06f7-4206-b6e6-4e106870f089","local_time":"20190405135354","is_ascension_mode":true,"campfire_choices":[{"data":"Loop","floor":6,"key":"SMITH"}],"neow_cost":"NONE","seed_source_timestamp":615114871209000,"circlet_count":0,"master_deck":["AscendersBane","Strike_B","Strike_B","Strike_B","Defend_B","Defend_B","Defend_B","Defend_B","Zap","Dualcast","Ball Lightning","Self Repair","Cold Snap","Loop+1","Conserve Battery","Darkness","Loop","Multi-Cast"],"relics":["Cracked Core","NeowsBlessing","Golden Idol","Odd Mushroom","Pantograph","Bottled Tornado"],"potions_floor_usage":[12],"damage_taken":[{"damage":0,"enemies":"Small Slimes","floor":1,"turns":1},{"damage":0,"enemies":"2 Louse","floor":3,"turns":1},{"damage":0,"enemies":"Cultist","floor":4,"turns":1},{"damage":26,"enemies":"The Mushroom Lair","floor":7,"turns":4},{"damage":24,"enemies":"Gremlin Nob","floor":8,"turns":4},{"damage":26,"enemies":"3 Louse","floor":11,"turns":4},{"damage":0,"enemies":"Lagavulin","floor":12,"turns":3}],"seed_played":"5769455178770875392","potions_obtained":[{"floor":1,"key":"Strength Potion"},{"floor":3,"key":"Energy Potion"}],"is_trial":false,"path_per_floor":["M","?","M","M","$","R","?","E","T","?","M","E"],"character_chosen":"DEFECT","items_purchased":["Loop","Conserve Battery"],"campfire_rested":0,"item_purchase_floors":[5,5],"current_hp_per_floor":[64,64,64,64,64,64,45,28,28,28,9,9],"gold":134,"neow_bonus":"THREE_ENEMY_KILL","is_prod":false,"is_daily":false,"chose_seed":false,"campfire_upgraded":1,"win_rate":0,"timestamp":1554440034,"path_taken":["M","?","M","M","$","R","?","E","T","?","M","E"],"build_version":"2019-01-23","purchased_purges":0,"victory":false,"max_hp_per_floor":[71,64,64,64,64,64,64,64,64,64,64,64],"card_choices":[{"not_picked":["Blizzard","Reprogram"],"picked":"Ball Lightning","floor":1},{"not_picked":["Fusion","Ball Lightning"],"picked":"Self Repair","floor":3},{"not_picked":["Sweeping Beam","Beam Cell"],"picked":"Cold Snap","floor":4},{"not_picked":["Go for the Eyes","Hologram"],"picked":"Darkness","floor":7},{"not_picked":["Coolheaded","Cold Snap"],"picked":"Loop","floor":8},{"not_picked":["Hologram","Turbo"],"picked":"Multi-Cast","floor":11}],"player_experience":2884560,"relics_obtained":[{"floor":7,"key":"Odd Mushroom"},{"floor":8,"key":"Pantograph"},{"floor":9,"key":"Bottled Tornado"}],"event_choices":[{"damage_healed":0,"gold_gain":0,"player_choice":"Lose Max HP","damage_taken":0,"relics_obtained":["Golden Idol"],"max_hp_gain":0,"max_hp_loss":7,"event_name":"Golden Idol","floor":2,"gold_loss":0},{"damage_healed":0,"gold_gain":0,"player_choice":"Fought Mushrooms","damage_taken":0,"max_hp_gain":0,"max_hp_loss":0,"event_name":"Mushrooms","floor":7,"gold_loss":0},{"cards_removed":["Strike_B"],"damage_healed":0,"gold_gain":0,"player_choice":"Purged","damage_taken":0,"max_hp_gain":0,"max_hp_loss":0,"event_name":"Purifier","floor":10,"gold_loss":0}],"is_beta":false,"boss_relics":[],"items_purged_floors":[],"is_endless":false,"potions_floor_spawned":[1,3],"killed_by":"Lagavulin","ascension_level":20}