{"gold_per_floor":[363,33,46,46,64,64,99,99,144,174,174,204,204,218,218,293,293,308,308,10,10,22,22,0,0,0,0,0],"floor_reached":28,"playtime":821,"items_purged":["Strike_R"],"score":464,"play_id":"948d422a-3a0c-4b55-a407-0af615847f0e","local_time":"20190326125407","is_ascension_mode":true,"campfire_choices":[{"data":"Discovery","floor":6,"key":"SMITH"},{"data":"Bash","floor":8,"key":"SMITH"},{"data":"Entrench","floor":11,"key":"SMITH"},{"data":"Barricade","floor":13,"key":"SMITH"},{"data":"Disarm","floor":15,"key":"SMITH"},{"floor":23,"key":"REST"}],"neow_cost":"TEN_PERCENT_HP_LOSS","seed_source_timestamp":150618749727400,"circlet_count":0,"master_deck":["AscendersBane","Strike_R","Strike_R","Strike_R","Strike_R","Defend_R","Defend_R","Defend_R","Defend_R","Bash+1","Discovery+1","Evolve","Entrench+1","Barricade+1","Disarm+1","Offering","True Grit"],"relics":["Burning Blood","NlothsMask","Lantern","Mercury Hourglass","Red Skull","Runic Dome","Bottled Tornado","Meat on the Bone"],"potions_floor_usage":[7,10,12,28,28],"damage_taken":[{"damage":5,"enemies":"Small Slimes","floor":1,"turns":4},{"damage":2,"enemies":"Cultist","floor":3,"turns":4},{"damage":0,"enemies":"2 Louse","floor":5,"turns":2},{"damage":24,"enemies":"Gremlin Nob","floor":7,"turns":4},{"damage":10,"enemies":"3 Sentries","floor":10,"turns":4},{"damage":24,"enemies":"Lagavulin","floor":12,"turns":8},{"damage":7,"enemies":"Looter","floor":14,"turns":3},{"damage":18,"enemies":"The Guardian","floor":16,"turns":14},{"damage":34,"enemies":"3 Byrds","floor":18,"turns":7},{"damage":15,"enemies":"Shell Parasite","floor":22,"turns":10},{"damage":42,"enemies":"Slavers","floor":28,"turns":3}],"seed_played":"6258334015159662576","potions_obtained":[{"floor":3,"key":"Explosive Potion"},{"floor":5,"key":"Weak Potion"},{"floor":7,"key":"Block Potion"},{"floor":14,"key":"Dexterity Potion"},{"floor":22,"key":"FearPotion"}],"is_trial":false,"path_per_floor":["M","$","M","?","M","R","E","R","T","E","R","E","R","M","R","B",null,"M","$","$","?","M","R","?","$","T","$","E"],"character_chosen":"IRONCLAD","items_purchased":["Discovery","Evolve","Entrench","Bottled Tornado","True Grit"],"campfire_rested":1,"item_purchase_floors":[2,2,2,20,20],"current_hp_per_floor":[68,68,68,68,68,68,50,50,50,46,46,28,28,27,27,15,55,27,27,27,27,18,38,38,38,38,38,0],"gold":0,"neow_bonus":"TWO_FIFTY_GOLD","is_prod":false,"is_daily":false,"chose_seed":false,"campfire_upgraded":5,"win_rate":0,"timestamp":1553572447,"path_taken":["M","$","M","?","M","R","E","R","T","E","R","E","R","M","R","BOSS","M","?","$","?","M","R","?","?","T","$","E"],"build_version":"2019-01-23","purchased_purges":1,"victory":false,"max_hp_per_floor":[68,68,68,68,68,68,68,68,68,68,68,68,68,68,68,68,68,68,68,68,68,68,68,68,68,68,68,68],"card_choices":[{"not_picked":["Clothesline","Uppercut","Anger"],"picked":"SKIP","floor":1},{"not_picked":["Pommel Strike","Hemokinesis","Havoc"],"picked":"SKIP","floor":3},{"not_picked":["Cleave","Perfected Strike","Clothesline"],"picked":"SKIP","floor":5},{"not_picked":["Cleave","Perfected Strike","Clothesline"],"picked":"SKIP","floor":5},{"not_picked":["Wild Strike","Fire Breathing","Anger"],"picked":"SKIP","floor":7},{"not_picked":["Warcry","Hemokinesis","Rupture"],"picked":"SKIP","floor":10},{"not_picked":["Warcry","Hemokinesis","Rupture"],"picked":"SKIP","floor":10},{"not_picked":["Wild Strike","Thunderclap"],"picked":"Barricade","floor":12},{"not_picked":["Sever Soul","Rage"],"picked":"Disarm","floor":14},{"not_picked":["Immolate","Juggernaut"],"picked":"Offering","floor":16},{"not_picked":["Reckless Charge","Thunderclap","Twin Strike"],"picked":"SKIP","floor":18},{"not_picked":["Clothesline","Clash","Anger"],"picked":"SKIP","floor":22}],"player_experience":2596320,"relics_obtained":[{"floor":7,"key":"Lantern"},{"floor":10,"key":"Mercury Hourglass"},{"floor":12,"key":"Red Skull"},{"floor":26,"key":"Meat on the Bone"}],"event_choices":[{"damage_healed":0,"gold_gain":0,"player_choice":"Trade","damage_taken":0,"relics_obtained":["NlothsMask"],"max_hp_gain":0,"max_hp_loss":0,"event_name":"FaceTrader","floor":4,"gold_loss":0},{"damage_healed":0,"gold_gain":0,"player_choice":"Ignored","damage_taken":0,"max_hp_gain":0,"max_hp_loss":0,"event_name":"The Mausoleum","floor":21,"gold_loss":0},{"damage_healed":0,"gold_gain":0,"player_choice":"Paid Fearfully","damage_taken":0,"max_hp_gain":0,"max_hp_loss":0,"event_name":"Masked Bandits","floor":24,"gold_loss":22}],"is_beta":false,"boss_relics":[{"not_picked":["Philosopher\u0027s Stone","White Beast Statue"],"picked":"Runic Dome"}],"items_purged_floors":[2],"is_endless":false,"potions_floor_spawned":[3,5,7,14,22],"killed_by":"Slavers","ascension_level":20}