{"gold_per_floor":[116,126,126,137,62,62,95,95,173,173,2,37,37],"floor_reached":13,"playtime":387,"items_purged":[],"score":182,"play_id":"d26a25e7-0764-4d6a-8e82-6cfa440ee8fb","local_time":"20190406215334","is_ascension_mode":true,"campfire_choices":[{"data":"Apotheosis","floor":6.0,"key":"SMITH"},{"floor":8.0,"key":"REST"}],"neow_cost":"TEN_PERCENT_HP_LOSS","seed_source_timestamp":730068240441800,"circlet_count":0,"master_deck":["AscendersBane","Strike_R","Strike_R","Strike_R","Strike_R","Defend_R","Defend_R","Defend_R","Defend_R","Bash","Apotheosis+1","Madness","Feel No Pain","Evolve","Cleave","Fiend Fire","Demon Form"],"special_seed":0,"relics":["Burning Blood","Blood Vial","Pantograph","Ancient Tea Set","Sundial"],"potions_floor_usage":[],"damage_taken":[{"damage":3.0,"enemies":"Cultist","floor":1.0,"turns":4.0},{"damage":20.0,"enemies":"Small Slimes","floor":2.0,"turns":4.0},{"damage":20.0,"enemies":"Jaw Worm","floor":4.0,"turns":6.0},{"damage":26.0,"enemies":"Lagavulin","floor":7.0,"turns":8.0},{"damage":36.0,"enemies":"Gremlin Nob","floor":12.0,"turns":4.0},{"damage":7,"enemies":"Lots of Slimes","floor":13,"turns":2}],"seed_played":"-4338189005075547755","potions_obtained":[{"floor":1.0,"key":"Poison Potion"},{"floor":7.0,"key":"Energy Potion"}],"is_trial":false,"path_per_floor":["M","M","?","M","$","R","E","R","T","?","$","E","M"],"character_chosen":"IRONCLAD","items_purchased":["Fiend Fire","Ancient Tea Set"],"campfire_rested":1,"item_purchase_floors":[5,11],"current_hp_per_floor":[68,54,54,40,40,40,20,40,40,40,40,12,7],"gold":37,"neow_bonus":"RANDOM_COLORLESS_2","is_prod":false,"is_daily":false,"chose_seed":false,"campfire_upgraded":1,"win_rate":0,"timestamp":1554555214,"path_taken":["M","?","?","M","$","R","E","R","T","?","?","E","?"],"build_version":"2019-01-23","purchased_purges":0,"victory":false,"max_hp_per_floor":[68,68,68,68,68,68,68,68,68,68,68,68,68],"card_choices":[{"not_picked":["Shrug It Off","Pommel Strike"],"picked":"Feel No Pain","floor":1.0},{"not_picked":["Flame Barrier","Pommel Strike"],"picked":"Evolve","floor":2.0},{"not_picked":["Warcry","Clothesline","Sentinel"],"picked":"SKIP","floor":4.0},{"not_picked":["Clash","Sword Boomerang","Havoc"],"picked":"SKIP","floor":7.0},{"not_picked":["Clash","Flex"],"picked":"Demon Form","floor":12.0}],"player_experience":2929476,"relics_obtained":[{"floor":7.0,"key":"Blood Vial"},{"floor":9.0,"key":"Pantograph"},{"floor":12.0,"key":"Sundial"}],"event_choices":[{"damage_healed":0.0,"max_hp_gain":0.0,"max_hp_loss":0.0,"gold_gain":0.0,"cards_transformed":["Strike_R"],"event_name":"Living Wall","player_choice":"Change","floor":3.0,"gold_loss":0.0,"damage_taken":0.0,"cards_obtained":["Cleave"]},{"damage_healed":0.0,"max_hp_gain":0.0,"max_hp_loss":0.0,"gold_gain":0.0,"event_name":"Liars Game","player_choice":"Ignored","floor":10.0,"gold_loss":0.0,"damage_taken":0.0}],"is_beta":false,"boss_relics":[],"items_purged_floors":[],"is_endless":false,"potions_floor_spawned":[1,7],"killed_by":"Lots of Slimes","ascension_level":20}