{"gold_per_floor":[112,82,98,98,118,118,65,114,114,39,74,74,101,134,134,210,210,226,226,276,13,25,25,25],"floor_reached":24,"playtime":770,"items_purged":[],"score":400,"play_id":"716ba63b-0686-409d-b41a-65b535f3c255","local_time":"20190328155030","is_ascension_mode":true,"campfire_choices":[{"data":"Shockwave","floor":6,"key":"SMITH"},{"data":"Barricade","floor":12,"key":"SMITH"},{"floor":15,"key":"REST"},{"floor":23,"key":"REST"}],"neow_cost":"NONE","seed_source_timestamp":48986925787700,"circlet_count":0,"master_deck":["AscendersBane","Strike_R","Strike_R","Strike_R","Strike_R","Defend_R","Defend_R","Defend_R","Defend_R","Bash","Limit Break","Metallicize","Shockwave+1","Flex","Barricade+1","Seeing Red","Second Wind","Offering","Power Through","Shrug It Off"],"relics":["Burning Blood","Centennial Puzzle","Mercury Hourglass","PreservedInsect","Odd Mushroom","Darkstone Periapt","Sozu","Mummified Hand"],"potions_floor_usage":[11,16,22],"damage_taken":[{"damage":10,"enemies":"Small Slimes","floor":1,"turns":4},{"damage":8,"enemies":"Cultist","floor":3,"turns":5},{"damage":12,"enemies":"Jaw Worm","floor":5,"turns":2},{"damage":28,"enemies":"3 Sentries","floor":11,"turns":9},{"damage":8,"enemies":"The Mushroom Lair","floor":13,"turns":4},{"damage":25,"enemies":"Gremlin Nob","floor":14,"turns":4},{"damage":28,"enemies":"The Guardian","floor":16,"turns":18},{"damage":21,"enemies":"Chosen","floor":18,"turns":7},{"damage":6,"enemies":"3 Byrds","floor":22,"turns":4},{"damage":39,"enemies":"Book of Stabbing","floor":24,"turns":6}],"seed_played":"7765082090570628030","potions_obtained":[{"floor":2,"key":"Energy Potion"},{"floor":2,"key":"SpeedPotion"},{"floor":5,"key":"SkillPotion"},{"floor":16,"key":"AttackPotion"}],"is_trial":false,"path_per_floor":["M","?","M","?","M","R","$","T","T","$","E","R","?","E","R","B",null,"M","?","?","$","M","R","E"],"character_chosen":"IRONCLAD","items_purchased":["Flex","Barricade","Mummified Hand"],"campfire_rested":2,"item_purchase_floors":[7,10,21],"current_hp_per_floor":[64,64,62,62,56,56,56,56,56,56,34,34,32,13,35,13,60,45,24,24,24,24,48,9],"gold":25,"neow_bonus":"ONE_RANDOM_RARE_CARD","is_prod":false,"is_daily":false,"chose_seed":false,"campfire_upgraded":2,"win_rate":0,"timestamp":1553755830,"path_taken":["M","?","?","?","M","R","$","?","T","$","E","R","?","E","R","BOSS","M","?","?","$","M","R","E"],"build_version":"2019-01-23","purchased_purges":0,"victory":false,"max_hp_per_floor":[75,75,75,75,75,75,75,75,75,75,75,75,75,75,75,75,75,75,80,80,80,80,80,80],"card_choices":[{"not_picked":["Heavy Blade","Anger","Dual Wield"],"picked":"SKIP","floor":1},{"not_picked":["Dual Wield","Headbutt","Thunderclap"],"picked":"SKIP","floor":3},{"not_picked":["Perfected Strike","Hemokinesis"],"picked":"Shockwave","floor":5},{"not_picked":["Dual Wield","Warcry"],"picked":"Seeing Red","floor":11},{"not_picked":["Power Through","Exhume"],"picked":"Second Wind","floor":14},{"not_picked":["Fiend Fire","Double Tap"],"picked":"Offering","floor":16},{"not_picked":["Warcry","Headbutt+1"],"picked":"Power Through","floor":18},{"not_picked":["Reckless Charge","Twin Strike"],"picked":"Shrug It Off","floor":22}],"player_experience":2674858,"relics_obtained":[{"floor":8,"key":"Centennial Puzzle"},{"floor":9,"key":"Mercury Hourglass"},{"floor":11,"key":"PreservedInsect"},{"floor":13,"key":"Odd Mushroom"},{"floor":14,"key":"Darkstone Periapt"}],"event_choices":[{"damage_healed":0,"gold_gain":0,"player_choice":"Bought 2 Potions","damage_taken":0,"max_hp_gain":0,"max_hp_loss":0,"event_name":"The Woman in Blue","floor":2,"gold_loss":0},{"damage_healed":0,"gold_gain":0,"cards_transformed":["Strike_R"],"player_choice":"Change","damage_taken":0,"max_hp_gain":0,"max_hp_loss":0,"event_name":"Living Wall","floor":4,"gold_loss":0,"cards_obtained":["Metallicize"]},{"damage_healed":0,"gold_gain":0,"player_choice":"Fought Mushrooms","damage_taken":0,"max_hp_gain":0,"max_hp_loss":0,"event_name":"Mushrooms","floor":13,"gold_loss":0},{"damage_healed":0,"gold_gain":0,"player_choice":"Shed Blood","damage_taken":26,"max_hp_gain":5,"max_hp_loss":0,"event_name":"Forgotten Altar","floor":19,"gold_loss":0},{"damage_healed":0,"gold_gain":50,"player_choice":"Stole From Cult","damage_taken":0,"max_hp_gain":0,"max_hp_loss":0,"event_name":"Nest","floor":20,"gold_loss":0}],"is_beta":false,"boss_relics":[{"not_picked":["Coffee Dripper","Calling Bell"],"picked":"Sozu"}],"items_purged_floors":[],"is_endless":false,"potions_floor_spawned":[5,16],"killed_by":"Book of Stabbing","ascension_level":20}