{"gold_per_floor":[113,113,36,36,53,53,72,72,96,96,147,212,212,223,223,301,301,313,313,313,313,323,323,323],"floor_reached":24,"playtime":881,"items_purged":[],"score":374,"play_id":"4efeafe4-0f55-4726-947b-6d7a63e44629","local_time":"20190418191108","is_ascension_mode":true,"campfire_choices":[{"floor":6,"key":"REST"},{"data":"Hello World","floor":10,"key":"SMITH"},{"data":"Redo","floor":13,"key":"SMITH"},{"floor":15,"key":"REST"},{"floor":23,"key":"REST"}],"neow_cost":"NONE","seed_source_timestamp":610429044838225,"circlet_count":0,"master_deck":["AscendersBane","Strike_B","Strike_B","Strike_B","Strike_B","Defend_B","Defend_B","Defend_B+1","Defend_B","Zap+1","Dualcast","Purity","Rip and Tear","Hello World+1","Cold Snap","Redo+1","Ball Lightning","Ball Lightning","Echo Form","Shame","Doubt","Shame","Conserve Battery","Coolheaded"],"relics":["Cracked Core","Vajra","Blood Vial","Anchor","Orichalcum","Tiny Chest","Calling Bell","Ancient Tea Set","Cables","Girya","War Paint"],"potions_floor_usage":[12,18],"damage_taken":[{"damage":0,"enemies":"Cultist","floor":1,"turns":4},{"damage":2,"enemies":"Small Slimes","floor":5,"turns":3},{"damage":4,"enemies":"2 Louse","floor":7,"turns":2},{"damage":16,"enemies":"Gremlin Nob","floor":12,"turns":4},{"damage":3,"enemies":"Red Slaver","floor":14,"turns":3},{"damage":2,"enemies":"Slime Boss","floor":16,"turns":7},{"damage":18,"enemies":"Shell Parasite","floor":18,"turns":4},{"damage":32,"enemies":"Colosseum Slavers","floor":20,"turns":4},{"damage":27,"enemies":"2 Thieves","floor":22,"turns":4},{"damage":43,"enemies":"3 Cultists","floor":24,"turns":4}],"seed_played":"-1913577721402990630","potions_obtained":[{"floor":5,"key":"FairyPotion"},{"floor":7,"key":"GamblersBrew"},{"floor":16,"key":"EssenceOfSteel"}],"is_trial":false,"path_per_floor":["M","T","$","?","M","R","M","?","T","R","T","E","R","M","R","B",null,"M","T","?","?","M","R","M"],"character_chosen":"DEFECT","items_purchased":["Hello World"],"campfire_rested":3,"item_purchase_floors":[3],"current_hp_per_floor":[64,64,64,53,53,71,67,72,72,72,72,58,58,57,76,74,76,58,58,28,28,3,25,0],"gold":323,"neow_bonus":"RANDOM_COLORLESS","is_prod":false,"is_daily":false,"chose_seed":false,"campfire_upgraded":2,"win_rate":0,"timestamp":1555603868,"path_taken":["M","?","$","?","M","R","M","?","T","R","?","E","R","M","R","BOSS","M","?","?","?","M","R","?"],"build_version":"2019-01-23","purchased_purges":0,"victory":false,"max_hp_per_floor":[71,71,71,71,71,71,71,76,76,76,76,76,76,76,76,76,76,76,76,76,76,76,76,76],"card_choices":[{"not_picked":["Turbo","Aggregate"],"picked":"Rip and Tear","floor":1},{"not_picked":["Hologram","Go for the Eyes"],"picked":"Cold Snap","floor":5},{"not_picked":["Coolheaded","Sweeping Beam"],"picked":"Redo","floor":7},{"not_picked":["Gash","Sweeping Beam"],"picked":"Ball Lightning","floor":12},{"not_picked":["Reinforced Body","Conserve Battery"],"picked":"Ball Lightning","floor":14},{"not_picked":["Fission","Thunder Strike"],"picked":"Echo Form","floor":16},{"not_picked":["Rebound","Streamline"],"picked":"Conserve Battery","floor":18},{"not_picked":["Scrape","Leap+1"],"picked":"Coolheaded","floor":22}],"player_experience":1213418,"relics_obtained":[{"floor":2,"key":"Vajra"},{"floor":9,"key":"Anchor"},{"floor":11,"key":"Orichalcum"},{"floor":12,"key":"Tiny Chest"},{"floor":17,"key":"Ancient Tea Set"},{"floor":17,"key":"Cables"},{"floor":17,"key":"Girya"},{"floor":19,"key":"War Paint"}],"event_choices":[{"damage_healed":0,"gold_gain":0,"player_choice":"Success","damage_taken":11,"relics_obtained":["Blood Vial"],"max_hp_gain":0,"max_hp_loss":0,"event_name":"Scrap Ooze","floor":4,"gold_loss":0},{"damage_healed":0,"gold_gain":0,"player_choice":"Donut","damage_taken":0,"max_hp_gain":5,"max_hp_loss":0,"event_name":"Big Fish","floor":8,"gold_loss":0},{"damage_healed":0,"gold_gain":0,"player_choice":"Fight","damage_taken":0,"max_hp_gain":0,"max_hp_loss":0,"event_name":"Colosseum","floor":20,"gold_loss":0},{"damage_healed":0,"gold_gain":0,"player_choice":"Fled From Nobs","damage_taken":0,"max_hp_gain":0,"max_hp_loss":0,"event_name":"Colosseum","floor":20,"gold_loss":0},{"damage_healed":0,"gold_gain":0,"player_choice":"Ignored","damage_taken":0,"max_hp_gain":0,"max_hp_loss":0,"event_name":"Cursed Tome","floor":21,"gold_loss":0}],"is_beta":false,"boss_relics":[{"not_picked":["FrozenCore","Snecko Eye"],"picked":"Calling Bell"}],"items_purged_floors":[],"is_endless":false,"potions_floor_spawned":[5,7,16,20],"killed_by":"3 Cultists","ascension_level":19}