{"path_per_floor":["M","M","?","?","M","E","?","$","T","R","E","R","M","M","R","B",null,"M","?","$","M","?","R","M","R","T","?","M","?","M","M","R"],"character_chosen":"IRONCLAD","items_purchased":["Spot Weakness","War Paint","Bottled Tornado"],"gold_per_floor":[218,237,237,237,262,293,293,70,70,70,104,104,123,141,141,271,271,287,287,27,45,45,45,68,68,95,20,45,45,59,73,73],"floor_reached":33,"campfire_rested":6,"playtime":1599,"current_hp_per_floor":[80,79,79,76,72,60,44,44,44,68,44,68,60,60,80,79,80,58,65,65,56,40,66,67,87,87,87,45,45,26,15,41],"items_purged":[],"gold":73,"score":308,"play_id":"0862115d-d82f-43ad-8509-3a53ddc3e1ed","local_time":"20180302222308","is_prod":false,"is_daily":false,"is_ascension_mode":true,"campfire_upgraded":0,"timestamp":1520022188,"path_taken":["M","M","?","?","M","E","?","$","T","R","E","R","M","M","R","BOSS","M","?","$","M","?","R","M","R","T","?","?","?","M","M","R","BOSS"],"build_version":"2018-03-01-PROD1","purchased_purges":0,"victory":false,"master_deck":["Strike_R+1","Strike_R","Strike_R","Strike_R","Strike_R","Defend_R+1","Defend_R","Defend_R","Bash","Rupture","Pommel Strike","Injury","Infernal Blade","Dropkick+1","Spot Weakness+1","Clothesline","Reaper","Headbutt","Whirlwind","Iron Wave","Inflame","Exhume","Thunderclap+1","Flex","Iron Wave","Hemokinesis+1","Combust","Shrug It Off","Thunderclap","Ghostly Armor","Rage"],"max_hp_per_floor":[80,80,80,80,80,80,80,80,80,80,80,80,80,80,80,80,80,80,87,87,87,87,87,87,87,87,87,87,87,87,87,87],"relics":["Burning Blood","Golden Idol","Bag of Preparation","Dream Catcher","War Paint","Bird Faced Urn","Omamori","White Beast Statue","Strawberry","Bottled Tornado","Enchiridion","Prayer Wheel"],"card_choices":[{"not_picked":["Heavy Blade","Thunderclap"],"picked":"Rupture"},{"not_picked":["Heavy Blade","Sword Boomerang"],"picked":"Pommel Strike"},{"not_picked":["Heavy Blade","Feel No Pain"],"picked":"Infernal Blade"},{"not_picked":["Body Slam","Sword Boomerang"],"picked":"Dropkick"},{"not_picked":["Cleave","Dual Wield"],"picked":"Clothesline"},{"not_picked":["True Grit","Ghostly Armor"],"picked":"Reaper"},{"not_picked":["Anger","Evolve"],"picked":"Headbutt"},{"not_picked":["Body Slam","Clash"],"picked":"Whirlwind"},{"not_picked":["Sword Boomerang","Heavy Blade"],"picked":"Iron Wave"},{"not_picked":["Fire Breathing","Armaments"],"picked":"Inflame"},{"not_picked":["Barricade","Offering"],"picked":"Exhume"},{"not_picked":["Sentinel","Power Through"],"picked":"Thunderclap"},{"not_picked":["Havoc","Burning Pact"],"picked":"Flex"},{"not_picked":["True Grit","Heavy Blade"],"picked":"Iron Wave"},{"not_picked":["Wild Strike","Perfected Strike"],"picked":"Hemokinesis"},{"not_picked":["Entrench","Sword Boomerang"],"picked":"Combust"},{"not_picked":["Wild Strike","Sever Soul"],"picked":"Shrug It Off"},{"not_picked":["Perfected Strike","Warcry"],"picked":"Thunderclap"},{"not_picked":["Heavy Blade","Cleave"],"picked":"Ghostly Armor"},{"not_picked":["Havoc","Perfected Strike"],"picked":"Rage"}],"player_experience":215979,"potions_floor_usage":[6,13,16,21,24,28,30,31],"damage_taken":[{"damage":6,"enemies":"2 Louse","floor":1,"turns":3},{"damage":7,"enemies":"Small Slimes","floor":2,"turns":3},{"damage":10,"enemies":"Cultist","floor":5,"turns":4},{"damage":18,"enemies":"Gremlin Nob","floor":6,"turns":3},{"damage":30,"enemies":"Lagavulin","floor":11,"turns":5},{"damage":22,"enemies":"Large Slime","floor":13,"turns":6},{"damage":6,"enemies":"Blue Slaver","floor":14,"turns":3},{"damage":31,"enemies":"Slime Boss","floor":16,"turns":8},{"damage":28,"enemies":"Chosen","floor":18,"turns":4},{"damage":17,"enemies":"2 Thieves","floor":21,"turns":2},{"damage":11,"enemies":"Centurion and Healer","floor":24,"turns":4},{"damage":48,"enemies":"Snake Plant","floor":28,"turns":3},{"damage":31,"enemies":"Sentry and Sphere","floor":30,"turns":4},{"damage":21,"enemies":"Snecko","floor":31,"turns":4},{"damage":97,"enemies":"Automaton","floor":33,"turns":6}],"event_choices":[{"event_name":"Golden Idol","player_choice":"Take Wound","floor":3,"damage_taken":0},{"event_name":"Scrap Ooze","player_choice":"success","floor":4,"damage_taken":3},{"event_name":"Shining Light","player_choice":"Entered Light","floor":7,"damage_taken":0},{"event_name":"The Mausoleum","player_choice":"Yes","floor":19,"damage_taken":0},{"event_name":"Cursed Tome","player_choice":"Obtained Book","floor":22,"damage_taken":0},{"event_name":"Beggar","player_choice":"Gave Gold","floor":27,"damage_taken":0},{"event_name":"Addict","player_choice":"Ignored","floor":29,"damage_taken":0}],"boss_relics":[{"not_picked":["Snecko Eye","Mark of Pain"],"picked":"White Beast Statue"}],"potions_floor_spawned":[5,11,13,18,21,24,28,30,31],"seed_played":"1470998530868026567","killed_by":"Automaton","ascension_level":4,"is_trial":false}