{"gold_per_floor":[113,64,29,47,60,60,122,152,176,176,251,269,269,304,304,378,378,398,414,428,103,119,119,154,154,181,200,200,234,245,274,274,345,345,360,66,86,86,102,128,148,148,148,0,26,26,353,353,353,353],"floor_reached":51,"playtime":4154,"items_purged":["Turbo","Stack"],"score":1430,"play_id":"377f512b-bfbc-415c-8490-ed8991aed080","local_time":"20181206141507","is_ascension_mode":true,"campfire_choices":[{"data":"Sunder","floor":6.0,"key":"SMITH"},{"floor":10.0,"key":"REST"},{"data":"Darkness","floor":13.0,"key":"SMITH"},{"floor":15.0,"key":"REST"},{"data":"Defragment","floor":23.0,"key":"SMITH"},{"data":"Loop","floor":25.0,"key":"SMITH"},{"data":"Hologram","floor":28.0,"key":"SMITH"},{"data":"Tempest","floor":32.0,"key":"SMITH"},{"data":"Barrage","floor":42,"key":"SMITH"},{"data":"Double Energy","floor":46,"key":"SMITH"},{"data":"Seek","floor":49,"key":"SMITH"}],"neow_cost":"PERCENT_DAMAGE","seed_source_timestamp":946443195896811,"circlet_count":0,"master_deck":["AscendersBane","Zap","Dualcast","Loop+1","Leap+1","Sunder+1","Darkness+1","Coolheaded","Rainbow","Leap","Rainbow","Echo Form","Streamline","Stack","Turbo","Stack","Tempest+1","Barrage+1","Self Repair","Conserve Battery","Hologram+1","Secret Technique","Defragment+1","Defragment+1","Hologram","Seek+1","Double Energy+1","Storm+1","Compile Driver"],"special_seed":0,"relics":["Cracked Core","Ice Cream","War Paint","Bag of Preparation","Strawberry","Mummified Hand","Pandora\u0027s Box","Meat on the Bone","Centennial Puzzle","Pantograph","DataDisk","Velvet Choker","Runic Capacitor","Happy Flower","Cables","Red Mask","Potion Belt","Old Coin"],"potions_floor_usage":[50,50,50,50],"damage_taken":[{"damage":2.0,"enemies":"Jaw Worm","floor":1.0,"turns":3.0},{"damage":6.0,"enemies":"2 Louse","floor":4.0,"turns":4.0},{"damage":12.0,"enemies":"Small Slimes","floor":5.0,"turns":2.0},{"damage":42.0,"enemies":"Lagavulin Event","floor":7.0,"turns":6.0},{"damage":0.0,"enemies":"Lagavulin","floor":8.0,"turns":5.0},{"damage":0.0,"enemies":"Exordium Wildlife","floor":12.0,"turns":4.0},{"damage":19.0,"enemies":"3 Sentries","floor":14.0,"turns":6.0},{"damage":7.0,"enemies":"The Guardian","floor":16.0,"turns":9.0},{"damage":13.0,"enemies":"2 Thieves","floor":18.0,"turns":3.0},{"damage":10.0,"enemies":"3 Byrds","floor":19.0,"turns":4.0},{"damage":31.0,"enemies":"Shelled Parasite and Fungi","floor":20.0,"turns":5.0},{"damage":10.0,"enemies":"Snake Plant","floor":22.0,"turns":4.0},{"damage":4.0,"enemies":"Gremlin Leader","floor":24.0,"turns":6.0},{"damage":29.0,"enemies":"Cultist and Chosen","floor":27.0,"turns":8.0},{"damage":20.0,"enemies":"Slavers","floor":29.0,"turns":5.0},{"damage":7.0,"enemies":"Shelled Parasite and Fungi","floor":30.0,"turns":4.0},{"damage":1.0,"enemies":"Gremlin Leader","floor":31.0,"turns":7.0},{"damage":43.0,"enemies":"Automaton","floor":33.0,"turns":8.0},{"damage":14.0,"enemies":"3 Shapes","floor":35.0,"turns":3.0},{"damage":12.0,"enemies":"Orb Walker","floor":37.0,"turns":2.0},{"damage":0.0,"enemies":"Transient","floor":39.0,"turns":5.0},{"damage":25,"enemies":"Reptomancer","floor":40,"turns":4},{"damage":24,"enemies":"Maw","floor":41,"turns":4},{"damage":0,"enemies":"Giant Head","floor":45,"turns":5},{"damage":24,"enemies":"Nemesis","floor":47,"turns":3},{"damage":55,"enemies":"Awakened One","floor":50,"turns":9}],"seed_played":"300074153571151794","potions_obtained":[{"floor":1.0,"key":"Ancient Potion"},{"floor":8.0,"key":"Weak Potion"},{"floor":14.0,"key":"Dexterity Potion"},{"floor":18.0,"key":"Dexterity Potion"},{"floor":27.0,"key":"FearPotion"},{"floor":30.0,"key":"Weak Potion"},{"floor":31.0,"key":"Dexterity Potion"},{"floor":35.0,"key":"FocusPotion"},{"floor":41,"key":"FocusPotion"},{"floor":45,"key":"FearPotion"},{"floor":47,"key":"Regen Potion"}],"is_trial":false,"path_per_floor":["M","$","?","M","M","R","?","E","T","R","?","M","R","E","R","B",null,"M","M","M","$","M","R","E","R","T","M","R","E","M","E","R","B",null,"M","$","M","$","M","E","M","R","T","?","E","R","E","?","R","B",null],"character_chosen":"DEFECT","items_purchased":["Leap","Regen Potion","Secret Technique","Runic Capacitor"],"campfire_rested":2,"item_purchase_floors":[2,21,21,36],"current_hp_per_floor":[44,44,61,55,43,43,1,1,8,31,20,20,20,1,24,17,63,50,47,30,30,34,34,45,45,45,42,42,48,48,54,54,54,72,65,65,60,60,74,56,51,51,51,51,65,65,41,41,41,45],"gold":353,"neow_bonus":"ONE_RARE_RELIC","is_prod":false,"is_daily":false,"chose_seed":false,"campfire_upgraded":9,"win_rate":0,"timestamp":1544076907,"path_taken":["M","$","?","M","M","R","?","E","T","R","?","M","R","E","R","BOSS","M","M","M","$","M","R","E","R","T","M","R","E","M","E","R","BOSS","M","$","M","$","M","E","M","R","T","?","E","R","E","?","R","BOSS"],"build_version":"2018-11-15","purchased_purges":2,"victory":true,"max_hp_per_floor":[71,71,71,71,71,71,71,71,78,78,78,78,78,78,78,78,78,78,78,78,78,78,78,78,78,78,78,78,78,78,78,78,78,78,78,78,78,78,78,78,78,78,78,78,78,78,78,74,74,74],"card_choices":[{"not_picked":["Barrage","Compile Driver"],"picked":"Loop","floor":1.0},{"not_picked":["Rebound","Leap"],"picked":"Sunder","floor":4.0},{"not_picked":["White Noise","Chill"],"picked":"Darkness","floor":5.0},{"not_picked":["Gash","Rebound"],"picked":"Coolheaded","floor":7.0},{"not_picked":["Melter","Streamline"],"picked":"Rainbow","floor":8.0},{"not_picked":["Gash","Coolheaded"],"picked":"Leap","floor":12.0},{"not_picked":["Sunder","Beam Cell"],"picked":"Rainbow","floor":14.0},{"not_picked":["Amplify","Seek"],"picked":"Echo Form","floor":16.0},{"not_picked":["Conserve Battery","Hello World"],"picked":"Self Repair","floor":18.0},{"not_picked":["Barrage+1","Loop"],"picked":"Conserve Battery","floor":19.0},{"not_picked":["Rebound","Stack"],"picked":"Hologram","floor":20.0},{"not_picked":["Leap+1","Turbo"],"picked":"Defragment","floor":22.0},{"not_picked":["Go for the Eyes+1","Lockon+1"],"picked":"Defragment+1","floor":24.0},{"not_picked":["Static Discharge","Storm","Sweeping Beam"],"picked":"SKIP","floor":27.0},{"not_picked":["Cold Snap","Barrage","Go for the Eyes"],"picked":"SKIP","floor":29.0},{"not_picked":["Streamline","Heatsinks"],"picked":"Hologram","floor":30.0},{"not_picked":["Rebound","Rainbow","Steam"],"picked":"SKIP","floor":31.0},{"not_picked":["Echo Form","Reboot"],"picked":"Seek","floor":33.0},{"not_picked":["Scrape","Leap+1"],"picked":"Double Energy","floor":35.0},{"not_picked":["Conserve Battery","Gash"],"picked":"Storm+1","floor":37.0},{"not_picked":["Hologram","Stack+1"],"picked":"Compile Driver","floor":39.0},{"not_picked":["Chaos","Compile Driver","Steam Power"],"picked":"SKIP","floor":40},{"not_picked":["Gash+1","Chill","Hologram"],"picked":"SKIP","floor":41},{"not_picked":["Scrape+1","FTL","Sweeping Beam"],"picked":"SKIP","floor":45},{"not_picked":["Hologram","Storm","Fission"],"picked":"SKIP","floor":47}],"player_experience":601637,"relics_obtained":[{"floor":7.0,"key":"War Paint"},{"floor":8.0,"key":"Bag of Preparation"},{"floor":9.0,"key":"Strawberry"},{"floor":14.0,"key":"Mummified Hand"},{"floor":24.0,"key":"Meat on the Bone"},{"floor":26.0,"key":"Centennial Puzzle"},{"floor":29.0,"key":"Pantograph"},{"floor":31.0,"key":"DataDisk"},{"floor":40,"key":"Happy Flower"},{"floor":43,"key":"Cables"},{"floor":45,"key":"Potion Belt"},{"floor":47,"key":"Old Coin"}],"event_choices":[{"damage_healed":17.0,"max_hp_gain":0.0,"max_hp_loss":0.0,"gold_gain":0.0,"event_name":"The Cleric","player_choice":"Healed","floor":3.0,"gold_loss":35.0,"damage_taken":0.0},{"damage_healed":0.0,"max_hp_gain":0.0,"max_hp_loss":0.0,"gold_gain":30.0,"event_name":"Dead Adventurer","player_choice":"Searched \u00273\u0027 times","floor":7.0,"gold_loss":0.0,"damage_taken":0.0},{"damage_healed":0.0,"max_hp_gain":0.0,"max_hp_loss":0.0,"gold_gain":75.0,"event_name":"World of Goop","player_choice":"Gather Gold","floor":11.0,"gold_loss":0.0,"damage_taken":11.0},{"damage_healed":0,"gold_gain":0,"player_choice":"Paid","damage_taken":0,"relics_obtained":["Red Mask"],"max_hp_gain":0,"max_hp_loss":0,"event_name":"Tomb of Lord Red Mask","floor":44,"gold_loss":148},{"damage_healed":0,"gold_gain":0,"player_choice":"Max HP","damage_taken":0,"max_hp_gain":0,"max_hp_loss":4,"event_name":"Winding Halls","floor":48,"gold_loss":0}],"is_beta":true,"boss_relics":[{"not_picked":["Runic Dome","Calling Bell"],"picked":"Pandora\u0027s Box"},{"not_picked":["White Beast Statue","Eternal Feather"],"picked":"Velvet Choker"}],"items_purged_floors":[21,36],"is_endless":false,"potions_floor_spawned":[1,8,14,18,20,22,27,30,31,33,35,41,45,47],"ascension_level":15}