{"path_per_floor":["M","M","?","?","M","R","E","?","T","M","M","R","M","M","R","B",null,"M","$","?","M","M","R","?","E","T","R","M","?","T","M","R","B",null,"M","$","M","M","M","R","E","R","T","?","R","M","M","?","R","B"],"character_chosen":"IRONCLAD","items_purchased":["Shuriken","Flex","Iron Wave","Swift Strike","War Paint","Mind Blast"],"gold_per_floor":[111,121,121,121,135,135,169,239,312,322,334,334,344,357,357,452,452,438,28,28,39,55,55,55,84,110,110,126,126,150,163,163,266,266,277,15,30,47,59,59,94,94,147,147,147,159,178,178,178,178],"floor_reached":51,"campfire_rested":7,"playtime":4238,"current_hp_per_floor":[73,76,76,60,66,66,49,49,49,45,41,80,58,57,80,28,80,67,67,67,72,68,80,80,20,20,59,48,48,48,43,80,50,80,68,68,66,42,41,80,19,58,58,78,78,76,73,73,73,45],"items_purged":[],"gold":178,"play_id":"faf2179b-2375-4b69-b826-cb491c7822dd","is_prod":false,"is_daily":false,"is_ascension_mode":false,"campfire_upgraded":3,"path_taken":["M","M","?","?","M","R","E","?","T","?","M","R","M","M","R","BOSS","M","$","?","?","M","R","?","E","T","R","M","?","?","M","R","BOSS","M","$","M","M","M","R","E","R","T","?","R","M","M","?","R","BOSS"],"build_version":"2018-01-25-PROD3","purchased_purges":0,"victory":true,"master_deck":["Strike_R+1","Strike_R+1","Strike_R+1","Strike_R+1","Strike_R+1","Defend_R+1","Defend_R+1","Defend_R+1","Defend_R+1","Bash","Double Tap+1","Shrug It Off+1","Clothesline","Spot Weakness+1","Heavy Blade","Infernal Blade+1","Cleave","Intimidate+1","Clash","Reaper+1","Flex+1","Flex+1","Iron Wave","Swift Strike","Thunderclap+1","Heavy Blade","Anger","Wild Strike","Blood for Blood","Pommel Strike","Fire Breathing","Bludgeon","Pummel","Mind Blast","Anger+1","Clothesline","Pommel Strike+1","Sever Soul","Perfected Strike","Pummel","Immolate","Anger+1","Perfected Strike+1"],"max_hp_per_floor":[80,80,80,80,80,80,80,80,80,80,80,80,80,80,80,80,80,80,80,80,80,80,80,80,80,80,80,80,80,80,80,80,80,80,80,80,80,80,80,80,80,80,80,80,80,80,80,80,80,83],"relics":["Burning Blood","Regal Pillow","Mummified Hand","Lizard Tail","Shuriken","Dodecahedron","Dream Catcher","Prayer Wheel","Velvet Choker","War Paint","Pen Nib","Omamori"],"card_choices":[{"not_picked":["Disarm","Power Through"],"picked":"Shrug It Off"},{"not_picked":["Thunderclap","Double Tap"],"picked":"Clothesline"},{"not_picked":["Seeing Red","Pummel"],"picked":"Spot Weakness"},{"not_picked":["Offering","Sword Boomerang"],"picked":"Heavy Blade"},{"not_picked":["Clothesline","Combust"],"picked":"Infernal Blade"},{"not_picked":["Clothesline","Armaments"],"picked":"Cleave"},{"not_picked":["Iron Wave","True Grit"],"picked":"Intimidate"},{"not_picked":["Evolve","Clothesline"],"picked":"Clash"},{"not_picked":["Double Tap","Feed"],"picked":"Reaper"},{"not_picked":["Shrug It Off","Corruption"],"picked":"Flex"},{"not_picked":["Second Wind","Headbutt"],"picked":"Thunderclap"},{"not_picked":["Headbutt","Flex"],"picked":"Heavy Blade"},{"not_picked":["Bloodletting","Juggernaut"],"picked":"Dropkick"},{"not_picked":["Perfected Strike","Thunderclap"],"picked":"Wild Strike"},{"not_picked":["Twin Strike","Dark Embrace"],"picked":"Blood for Blood"},{"not_picked":["Flex","Flame Barrier"],"picked":"Pommel Strike"},{"not_picked":["Body Slam","Seeing Red"],"picked":"Fire Breathing"},{"not_picked":["Impervious","Dark Embrace"],"picked":"Bludgeon"},{"not_picked":["Evolve","Pommel Strike"],"picked":"Pummel"},{"not_picked":["Metallicize","Heavy Blade"],"picked":"Anger"},{"not_picked":["Disarm","Second Wind"],"picked":"Clothesline"},{"not_picked":["Iron Wave","Anger"],"picked":"Pommel Strike"},{"not_picked":["Clothesline","Twin Strike"],"picked":"Sever Soul"},{"not_picked":["Twin Strike","Reckless Charge"],"picked":"Perfected Strike"},{"not_picked":["Sword Boomerang","Thunderclap"],"picked":"Pummel"},{"not_picked":["Iron Wave","Disarm"],"picked":"Immolate"},{"not_picked":["Shrug It Off","Armaments"],"picked":"Anger"},{"not_picked":["Dual Wield","Rage"],"picked":"Perfected Strike"}],"player_experience":35139,"potions_floor_usage":[16,21,21,25,25,33,33,38,41,50,50],"damage_taken":[{"damage":13,"enemies":"Jaw Worm","floor":1,"turns":3},{"damage":3,"enemies":"Small Slimes","floor":2,"turns":3},{"damage":0,"enemies":"Cultist","floor":5,"turns":3},{"damage":23,"enemies":"Lagavulin","floor":7,"turns":6},{"damage":10,"enemies":"Large Slime","floor":10,"turns":7},{"damage":10,"enemies":"Looter","floor":11,"turns":3},{"damage":28,"enemies":"Gremlin Gang","floor":13,"turns":4},{"damage":7,"enemies":"3 Louse","floor":14,"turns":4},{"damage":58,"enemies":"Hexaghost","floor":16,"turns":9},{"damage":26,"enemies":"2 Thieves","floor":18,"turns":4},{"damage":1,"enemies":"Chosen","floor":21,"turns":4},{"damage":23,"enemies":"Slaver and Parasite","floor":22,"turns":4},{"damage":66,"enemies":"Slavers","floor":25,"turns":5},{"damage":17,"enemies":"Sentry and Sphere","floor":28,"turns":5},{"damage":16,"enemies":"Centurion and Healer","floor":31,"turns":6},{"damage":103,"enemies":"Collector","floor":33,"turns":8},{"damage":18,"enemies":"Orb Walker","floor":35,"turns":3},{"damage":8,"enemies":"3 Shapes","floor":37,"turns":3},{"damage":34,"enemies":"Maw","floor":38,"turns":7},{"damage":23,"enemies":"4 Shapes","floor":39,"turns":4},{"damage":67,"enemies":"Nemesis","floor":41,"turns":7},{"damage":8,"enemies":"3 Darklings","floor":46,"turns":3},{"damage":9,"enemies":"Sphere and 2 Shapes","floor":47,"turns":3},{"damage":56,"enemies":"Awakened One","floor":50,"turns":11}],"event_choices":[{"event_name":"Liars Game","player_choice":"disagreed","floor":3,"damage_taken":0},{"event_name":"Shining Light","player_choice":"Entered Light","floor":4,"damage_taken":0},{"event_name":"Golden Wing","player_choice":"Gained Gold","floor":8,"damage_taken":0},{"event_name":"Back to Basics","player_choice":"Simplicity","floor":20,"damage_taken":0},{"event_name":"The Library","player_choice":"Read","floor":24,"damage_taken":0},{"event_name":"Purifier","player_choice":"One Purge","floor":29,"damage_taken":0},{"event_name":"Winding Halls","player_choice":"Writhe","floor":44,"damage_taken":0},{"event_name":"The Lab","player_choice":"Got Potions","floor":48,"damage_taken":0}],"boss_relics":[{"not_picked":["Philosopher\u0027s Stone","Astrolabe"],"picked":"Lizard Tail"},{"not_picked":["Black Star","Cursed Key"],"picked":"Velvet Choker"}],"potions_floor_spawned":[2,5,7,10,16,22,25,28,31,33,37,39,41,46],"seed_played":"2854929030960453741","ascension_level":0,"is_trial":false}