{"gold_per_floor":[117,135,145,70,85,85,96,113,113,145,145,145,179,197,197,197],"floor_reached":16,"playtime":869,"items_purged":["Strike_R"],"score":228,"play_id":"499664ea-280e-4e8c-899c-da63ce0bad4a","local_time":"20190322220251","is_ascension_mode":true,"campfire_choices":[{"data":"Bash","floor":6,"key":"SMITH"},{"floor":12,"key":"REST"},{"data":"Uppercut","floor":15,"key":"SMITH"}],"neow_cost":"TEN_PERCENT_HP_LOSS","seed_source_timestamp":2372022041826732,"circlet_count":0,"master_deck":["AscendersBane","Strike_R","Strike_R","Strike_R","Strike_R","Defend_R","Defend_R","Defend_R","Defend_R","Bash+1","Clothesline","Combust+1","Shrug It Off","Anger","Corruption","Metallicize","Uppercut+1"],"relics":["Burning Blood","Nunchaku","Ancient Tea Set","Shovel","Bronze Scales"],"potions_floor_usage":[10,14,16,16],"damage_taken":[{"damage":7,"enemies":"2 Louse","floor":1,"turns":3},{"damage":4,"enemies":"Cultist","floor":2,"turns":3},{"damage":11,"enemies":"Jaw Worm","floor":3,"turns":3},{"damage":7,"enemies":"2 Fungi Beasts","floor":5,"turns":4},{"damage":28,"enemies":"Exordium Thugs","floor":7,"turns":5},{"damage":12,"enemies":"Large Slime","floor":8,"turns":5},{"damage":25,"enemies":"3 Sentries","floor":10,"turns":6},{"damage":28,"enemies":"Gremlin Nob","floor":13,"turns":4},{"damage":7,"enemies":"2 Fungi Beasts","floor":14,"turns":3},{"damage":25,"enemies":"Slime Boss","floor":16,"turns":3}],"seed_played":"-1555650073633309069","potions_obtained":[{"floor":2,"key":"AttackPotion"},{"floor":5,"key":"Energy Potion"},{"floor":13,"key":"Strength Potion"},{"floor":14,"key":"EssenceOfSteel"}],"is_trial":false,"path_per_floor":["M","M","M","$","M","R","M","M","T","E","?","R","E","M","R","B"],"character_chosen":"IRONCLAD","items_purchased":[],"campfire_rested":1,"item_purchase_floors":[],"current_hp_per_floor":[67,68,63,63,62,62,40,34,34,15,15,35,13,12,12,0],"gold":197,"neow_bonus":"ONE_RARE_RELIC","is_prod":false,"is_daily":false,"chose_seed":false,"campfire_upgraded":2,"win_rate":0,"timestamp":1553263371,"path_taken":["M","M","M","$","M","R","M","M","T","E","?","R","E","?","R","BOSS"],"build_version":"2019-03-15","purchased_purges":1,"victory":false,"max_hp_per_floor":[68,68,68,68,68,68,68,68,68,68,68,68,68,68,68,68],"card_choices":[{"not_picked":["Sword Boomerang","Flex"],"picked":"Clothesline","floor":1},{"not_picked":["Sword Boomerang","Seeing Red"],"picked":"Combust","floor":2},{"not_picked":["Fire Breathing","Power Through"],"picked":"Shrug It Off","floor":3},{"not_picked":["Thunderclap","Warcry"],"picked":"Anger","floor":5},{"not_picked":["Evolve","Clash","Brutality"],"picked":"SKIP","floor":7},{"not_picked":["Havoc","Sword Boomerang","Heavy Blade"],"picked":"SKIP","floor":8},{"not_picked":["Clothesline","Metallicize"],"picked":"Corruption","floor":10},{"not_picked":["Dropkick","Bludgeon"],"picked":"Metallicize","floor":13},{"not_picked":["Flex","True Grit"],"picked":"Uppercut","floor":14}],"player_experience":745429,"relics_obtained":[{"floor":9,"key":"Ancient Tea Set"},{"floor":10,"key":"Shovel"},{"floor":13,"key":"Bronze Scales"}],"event_choices":[{"damage_healed":0,"gold_gain":0,"player_choice":"Upgraded","damage_taken":0,"max_hp_gain":0,"max_hp_loss":0,"event_name":"Upgrade Shrine","floor":11,"gold_loss":0,"cards_upgraded":["Combust"]}],"is_beta":true,"boss_relics":[],"items_purged_floors":[4],"is_endless":false,"potions_floor_spawned":[2,5,7,8,13,14],"killed_by":"Slime Boss","ascension_level":20}