{"gold_per_floor":[110,35,46,62,62,62,93,64,64,64,96,96,123,141,141,217,217,231,249,268,109,59,59,86,86,86,57,68,68,68,95,95,174,174,186,197,122,133,150,150,175,195,195,209,125,125,151,163,163,163,163,163,163,20,49,49],"floor_reached":57,"playtime":6053,"items_purged":["Hello World"],"score":3040,"play_id":"5803254b-5799-4016-b06f-fa9e4ea48f02","local_time":"20190428025459","is_ascension_mode":true,"campfire_choices":[{"data":"Ball Lightning","floor":6.0,"key":"SMITH"},{"data":"Coolheaded","floor":12.0,"key":"SMITH"},{"data":"Ball Lightning","floor":15.0,"key":"SMITH"},{"data":"Fission","floor":23.0,"key":"SMITH"},{"data":"Blizzard","floor":25.0,"key":"SMITH"},{"data":"Coolheaded","floor":30.0,"key":"SMITH"},{"data":"Buffer","floor":32.0,"key":"SMITH"},{"floor":40.0,"key":"RECALL"},{"data":"Seek","floor":49.0,"key":"SMITH"},{"data":"Fission","floor":53.0,"key":"SMITH"}],"neow_cost":"NONE","seed_source_timestamp":5493963531658642,"circlet_count":0,"master_deck":["AscendersBane","Zap+1","Glacier","Ball Lightning+1","Coolheaded+1","Go for the Eyes+1","Ball Lightning+1","Compile Driver+1","Glacier","Fission+1","Reinforced Body","All For One","BootSequence","Sweeping Beam+1","Buffer+1","Glacier","Genetic Algorithm","Static Discharge+1","Blizzard+1","Chill","Seek+1","Coolheaded+1","Echo Form","Blizzard+1","Coolheaded","Conserve Battery","Leap+1","Fission+1","Loop","Consume+1"],"special_seed":0,"relics":["Cracked Core","Question Card","Ancient Tea Set","PreservedInsect","Lantern","Nunchaku","Pandora\u0027s Box","Omamori","Art of War","Molten Egg 2","Coffee Dripper","Potion Belt","Letter Opener","Pantograph","Strawberry"],"potions_floor_usage":[56,56,56],"damage_taken":[{"damage":7.0,"enemies":"Small Slimes","floor":1.0,"turns":2.0},{"damage":1.0,"enemies":"Jaw Worm","floor":3.0,"turns":4.0},{"damage":0.0,"enemies":"2 Louse","floor":4.0,"turns":3.0},{"damage":4.0,"enemies":"Gremlin Nob","floor":7.0,"turns":3.0},{"damage":3.0,"enemies":"3 Sentries","floor":11.0,"turns":6.0},{"damage":4.0,"enemies":"Lagavulin","floor":13.0,"turns":3.0},{"damage":0.0,"enemies":"Large Slime","floor":14.0,"turns":3.0},{"damage":30.0,"enemies":"Hexaghost","floor":16.0,"turns":10.0},{"damage":1.0,"enemies":"2 Thieves","floor":18.0,"turns":3.0},{"damage":0.0,"enemies":"Shell Parasite","floor":19.0,"turns":6.0},{"damage":3.0,"enemies":"Sentry and Sphere","floor":20.0,"turns":8.0},{"damage":0.0,"enemies":"Book of Stabbing","floor":24.0,"turns":4.0},{"damage":0.0,"enemies":"Centurion and Healer","floor":28.0,"turns":7.0},{"damage":18.0,"enemies":"Gremlin Leader","floor":31.0,"turns":6.0},{"damage":20.0,"enemies":"Automaton","floor":33.0,"turns":11.0},{"damage":2.0,"enemies":"3 Darklings","floor":35.0,"turns":4.0},{"damage":10.0,"enemies":"3 Shapes","floor":36.0,"turns":5.0},{"damage":0.0,"enemies":"Writhing Mass","floor":38.0,"turns":7.0},{"damage":0.0,"enemies":"Spire Growth","floor":39.0,"turns":6.0},{"damage":0.0,"enemies":"Reptomancer","floor":41.0,"turns":6.0},{"damage":0.0,"enemies":"Maw","floor":42.0,"turns":7.0},{"damage":0.0,"enemies":"Writhing Mass","floor":44.0,"turns":6.0},{"damage":0.0,"enemies":"Giant Head","floor":47.0,"turns":9.0},{"damage":12.0,"enemies":"4 Shapes","floor":48.0,"turns":2.0},{"damage":0.0,"enemies":"Time Eater","floor":50.0,"turns":11.0},{"damage":0.0,"enemies":"Awakened One","floor":51.0,"turns":12.0},{"damage":58.0,"enemies":"Shield and Spear","floor":55.0,"turns":7.0},{"damage":21,"enemies":"The Heart","floor":56,"turns":12}],"seed_played":"-4904660816589791880","potions_obtained":[{"floor":1.0,"key":"SteroidPotion"},{"floor":4.0,"key":"Weak Potion"},{"floor":14.0,"key":"EssenceOfSteel"},{"floor":19.0,"key":"SpeedPotion"},{"floor":35.0,"key":"Ancient Potion"},{"floor":39.0,"key":"Block Potion"},{"floor":47.0,"key":"Fire Potion"},{"floor":48.0,"key":"SpeedPotion"}],"is_trial":false,"path_per_floor":["M","?","M","M","?","R","E","$","T","?","E","R","E","M","R","B",null,"M","M","M","$","?","R","E","R","T","$","M","?","R","E","R","B",null,"M","M","$","M","M","R","E","M","T","M","$","?","E","M","R","B","B",null,"R","$","E","B",null],"character_chosen":"DEFECT","items_purchased":["Go for the Eyes","Blizzard","Chill","Coolheaded","LiquidBronze","Loop","Weak Potion"],"campfire_rested":0,"item_purchase_floors":[8,21,21,27,45,54,54],"current_hp_per_floor":[57,57,56,56,45,45,41,41,41,41,38,38,34,34,34,4,54,53,53,50,50,50,50,50,50,50,50,50,50,50,32,32,12,56,54,44,44,44,44,44,44,44,44,44,44,44,44,32,32,57,71,71,71,71,20,24],"gold":49,"neow_bonus":"UPGRADE_CARD","is_prod":false,"is_daily":false,"chose_seed":false,"campfire_upgraded":9,"win_rate":0,"timestamp":1556391299,"path_taken":["M","?","M","M","?","R","E","?","T","?","E","R","E","M","R","BOSS","M","M","M","$","?","R","E","R","T","?","M","?","R","E","R","BOSS","M","M","$","M","M","R","E","M","T","M","$","?","E","M","R","BOSS","BOSS","R","$","E","BOSS"],"build_version":"2019-04-23","purchased_purges":1,"victory":true,"max_hp_per_floor":[71,71,71,71,71,71,71,71,71,71,71,71,71,71,71,71,71,71,71,71,71,71,71,71,71,71,71,71,71,71,71,71,71,71,71,71,71,71,71,71,71,71,71,71,71,71,71,71,71,71,71,71,71,71,78,78],"card_choices":[{"not_picked":["Stack","BootSequence"],"picked":"Glacier","floor":1.0},{"not_picked":["Steam","Rebound"],"picked":"Ball Lightning","floor":3.0},{"not_picked":["Hello World","Turbo","Leap"],"picked":"SKIP","floor":4.0},{"not_picked":["Fusion","Gash","Turbo"],"picked":"Coolheaded","floor":7.0},{"not_picked":["Compile Driver","Fission","Turbo"],"picked":"Ball Lightning","floor":11.0},{"not_picked":["Steam","Double Energy","Gash"],"picked":"Compile Driver","floor":13.0},{"not_picked":["Sweeping Beam","Cold Snap","Melter"],"picked":"Glacier","floor":14.0},{"not_picked":["Meteor Strike","Creative AI","Amplify"],"picked":"Fission","floor":16.0},{"not_picked":["Cold Snap","BootSequence","Leap"],"picked":"Genetic Algorithm","floor":18.0},{"not_picked":["Force Field+1","Barrage+1","Rebound"],"picked":"Static Discharge+1","floor":19.0},{"not_picked":["Compile Driver+1","Steam","Fusion+1","Redo"],"picked":"SKIP","floor":20.0},{"not_picked":["Rebound","Blizzard","Steam Power"],"picked":"Seek","floor":24.0},{"not_picked":["Ball Lightning","Stack","Turbo","Sunder"],"picked":"SKIP","floor":28.0},{"not_picked":["Rebound","Leap","Steam","Darkness"],"picked":"SKIP","floor":31.0},{"not_picked":["Fission","Creative AI","Multi-Cast"],"picked":"Echo Form","floor":33.0},{"not_picked":["Beam Cell+1","Go for the Eyes+1","Compile Driver+1"],"picked":"Blizzard+1","floor":35.0},{"not_picked":["Stack","Genetic Algorithm","Leap"],"picked":"Coolheaded","floor":36.0},{"not_picked":["Chaos","Barrage+1","Steam","Consume"],"picked":"SKIP","floor":38.0},{"not_picked":["Leap","Go for the Eyes+1","Rebound+1"],"picked":"Conserve Battery","floor":39.0},{"not_picked":["Ball Lightning+1","Cold Snap+1","Melter+1","Darkness+1"],"picked":"SKIP","floor":41.0},{"not_picked":["Reprogram","Conserve Battery","Cold Snap+1","Gash+1"],"picked":"SKIP","floor":42.0},{"not_picked":["Melter+1","Go for the Eyes+1","Aggregate+1"],"picked":"Leap+1","floor":44.0},{"not_picked":["Consume","Beam Cell+1","Multi-Cast"],"picked":"Fission","floor":47.0},{"not_picked":["Steam+1","Sweeping Beam+1","Redo","Gash+1"],"picked":"SKIP","floor":48.0},{"not_picked":["Reboot","Self Repair","Undo"],"picked":"Consume+1","floor":55.0}],"player_experience":775244,"relics_obtained":[{"floor":7.0,"key":"Ancient Tea Set"},{"floor":9.0,"key":"PreservedInsect"},{"floor":11.0,"key":"Lantern"},{"floor":13.0,"key":"Nunchaku"},{"floor":24.0,"key":"Omamori"},{"floor":31.0,"key":"Molten Egg 2"},{"floor":41.0,"key":"Potion Belt"},{"floor":43.0,"key":"Letter Opener"},{"floor":47.0,"key":"Pantograph"},{"floor":55.0,"key":"Strawberry"}],"event_choices":[{"cards_removed":["Strike_B"],"damage_healed":0.0,"max_hp_gain":0.0,"max_hp_loss":0.0,"gold_gain":0.0,"event_name":"The Cleric","player_choice":"Card Removal","floor":2.0,"gold_loss":75.0,"damage_taken":0.0},{"damage_healed":0.0,"max_hp_gain":0.0,"max_hp_loss":0.0,"gold_gain":0.0,"event_name":"Scrap Ooze","player_choice":"Success","floor":5.0,"gold_loss":0.0,"damage_taken":11.0,"relics_obtained":["Question Card"]},{"damage_healed":0.0,"max_hp_gain":0.0,"max_hp_loss":0.0,"gold_gain":0.0,"event_name":"Living Wall","player_choice":"Grow","floor":10.0,"gold_loss":0.0,"damage_taken":0.0,"cards_upgraded":["Go for the Eyes"]},{"damage_healed":0.0,"max_hp_gain":0.0,"max_hp_loss":0.0,"gold_gain":0.0,"event_name":"Designer","player_choice":"Upgraded Two","floor":22.0,"gold_loss":50.0,"damage_taken":0.0,"cards_upgraded":["Sweeping Beam","Compile Driver"]},{"damage_healed":0.0,"max_hp_gain":0.0,"max_hp_loss":0.0,"gold_gain":0.0,"event_name":"The Mausoleum","player_choice":"Opened","floor":29.0,"gold_loss":0.0,"damage_taken":0.0,"relics_obtained":["Art of War"],"cards_obtained":["Writhe"]},{"cards_removed":["Dualcast"],"damage_healed":0.0,"max_hp_gain":0.0,"max_hp_loss":0.0,"gold_gain":0.0,"event_name":"Purifier","player_choice":"Purged","floor":46.0,"gold_loss":0.0,"damage_taken":0.0}],"is_beta":true,"boss_relics":[{"not_picked":["Cursed Key","Ectoplasm"],"picked":"Pandora\u0027s Box"},{"not_picked":["FrozenCore","Black Star"],"picked":"Coffee Dripper"}],"items_purged_floors":[37],"is_endless":false,"potions_floor_spawned":[1,4,14,19,28,31,35,39,47,48],"ascension_level":20}