{"path_per_floor":["M","$","?","M","?","R","E","R","T","$","R","?","M","M","R","B",null,"M","M","M","M","M","R","E","R","T"],"character_chosen":"DEFECT","items_purchased":["Go for the Eyes","FTL"],"gold_per_floor":[114,61,61,73,73,73,105,105,156,2,2,2,12,28,28,130,130,141,158,169,179,198,198,223,223,250,250],"floor_reached":27,"campfire_rested":3,"playtime":1179,"item_purchase_floors":[2,10],"current_hp_per_floor":[55,55,55,46,31,31,14,14,14,14,36,61,61,61,61,23,62,60,57,18,27,16,38,4,26,26,0],"items_purged":["Strike_B"],"gold":250,"score":326,"play_id":"3809e438-083f-40fa-ae31-7d1f90118dda","local_time":"20180609123831","is_prod":false,"is_daily":false,"chose_seed":false,"is_ascension_mode":true,"campfire_upgraded":3,"win_rate":0,"timestamp":1528519111,"campfire_choices":[{"data":"Zap","floor":6,"key":"SMITH"},{"data":"Gash","floor":8,"key":"SMITH"},{"floor":11,"key":"REST"},{"data":"Beam Cell","floor":15,"key":"SMITH"},{"floor":23,"key":"REST"},{"floor":25,"key":"REST"}],"path_taken":["M","$","?","M","?","R","E","R","T","$","R","?","M","M","R","BOSS","M","M","?","M","M","R","E","R","T","E"],"build_version":"2018-06-07v2","seed_source_timestamp":1124378433172095,"purchased_purges":1,"victory":false,"master_deck":["Strike_B","Strike_B","Defend_B","Defend_B","Defend_B","Defend_B+1","Zap+1","Dualcast","Gash+1","Go for the Eyes+1","FTL","Reboot","FTL","Rebound","Beam Cell+1","Echo Form","Hologram","Leap+1","Gash+1","Hologram+1"],"max_hp_per_floor":[75,75,75,75,75,75,75,75,75,75,75,75,75,75,75,75,75,75,75,75,75,75,75,75,75,75,75],"relics":["Cracked Core","Omamori","Lantern","Sozu","Mummified Hand","Regal Pillow"],"card_choices":[{"not_picked":["Turbo","BootSequence"],"picked":"Gash","floor":1},{"not_picked":["Sweeping Beam","Compile Driver"],"picked":"FTL","floor":4},{"not_picked":["Barrage","Thunder Strike"],"picked":"Reboot","floor":7},{"not_picked":["Capacitor","Steam"],"picked":"Rebound","floor":13},{"not_picked":["Coolheaded","Sunder"],"picked":"Beam Cell","floor":14},{"not_picked":["Biased Cognition","Core Surge"],"picked":"Echo Form","floor":16},{"not_picked":["Barrage","Rebound"],"picked":"Hologram","floor":18},{"not_picked":["Conserve Battery","Storm"],"picked":"Leap+1","floor":19},{"not_picked":["Redo+1","FTL+1"],"picked":"Gash+1","floor":20},{"not_picked":["Coolheaded+1","Conserve Battery","Multi-Cast"],"picked":"SKIP","floor":21},{"not_picked":["Turbo","Coolheaded","Rebound"],"picked":"SKIP","floor":22},{"not_picked":["Coolheaded+1","Aggregate+1"],"picked":"Hologram+1","floor":24}],"player_experience":412606,"potions_floor_usage":[21],"damage_taken":[{"damage":13,"enemies":"Jaw Worm","floor":1,"turns":4},{"damage":9,"enemies":"Small Slimes","floor":4,"turns":4},{"damage":17,"enemies":"Lagavulin","floor":7,"turns":6},{"damage":0,"enemies":"Cultist","floor":13,"turns":2},{"damage":0,"enemies":"Looter","floor":14,"turns":2},{"damage":38,"enemies":"The Guardian","floor":16,"turns":10},{"damage":2,"enemies":"Chosen","floor":18,"turns":4},{"damage":3,"enemies":"2 Thieves","floor":19,"turns":3},{"damage":39,"enemies":"Cultist and Chosen","floor":20,"turns":5},{"damage":5,"enemies":"Snake Plant","floor":21,"turns":5},{"damage":11,"enemies":"Centurion and Healer","floor":22,"turns":5},{"damage":34,"enemies":"Gremlin Leader","floor":24,"turns":7},{"damage":26,"enemies":"Slavers","floor":27,"turns":1}],"relics_obtained":[{"floor":7,"key":"Omamori"},{"floor":9,"key":"Lantern"},{"floor":24,"key":"Mummified Hand"},{"floor":26,"key":"Regal Pillow"}],"event_choices":[{"event_name":"Living Wall","player_choice":"Forget","floor":3,"damage_taken":0},{"event_name":"Shining Light","player_choice":"Entered Light","floor":5,"damage_taken":0},{"event_name":"Big Fish","player_choice":"Banana","floor":12,"damage_taken":0}],"boss_relics":[{"not_picked":["Nuclear Battery","Pandora\u0027s Box"],"picked":"Sozu"}],"items_purged_floors":[10],"potions_floor_spawned":[4,7,14,16,18,20,21],"seed_played":"-4951009361774148749","killed_by":"Slavers","ascension_level":8,"potions_obtained":[{"floor":4,"key":"Ancient Potion"},{"floor":7,"key":"Regen Potion"},{"floor":14,"key":"Energy Potion"}],"is_trial":false}