{"path_per_floor":["M","M","?","?","M","R","E","R","T","M","$","M","$","M","R","B",null,"M","M","M","$","?","E"],"character_chosen":"THE_SILENT","items_purchased":["A Thousand Cuts","Finisher"],"gold_per_floor":[114,127,127,127,142,142,177,177,177,187,4,24,24,42,42,143,143,128,145,164,89,89,124],"floor_reached":24,"campfire_rested":0,"playtime":1612,"current_hp_per_floor":[68,68,68,61,60,60,55,55,65,57,57,49,49,49,49,25,94,88,88,66,66,66,32],"items_purged":["Normality"],"gold":124,"score":243,"play_id":"fc47a9e3-74b9-4b4c-812c-7b896557c9ba","is_prod":false,"is_daily":false,"is_ascension_mode":false,"campfire_upgraded":3,"path_taken":["M","M","?","?","M","R","E","R","T","M","$","M","?","?","R","BOSS","M","M","M","$","?","E","M"],"build_version":"2018-02-08-BETA1","purchased_purges":1,"victory":false,"master_deck":["Defend_G","Defend_G","Defend_G","Defend_G","Defend_G","Strike_G","Strike_G","Strike_G","Strike_G","Strike_G","Survivor","Neutralize","Leg Sweep","Terror","Noxious Fumes+1","Bullet Time+1","Writhe","Dagger Spray","A Thousand Cuts+1","Finisher","Prepared","Well Laid Plans","Phantasmal Killer","Clumsy","Normality","Dodge and Roll+1","Dodge and Roll+1"],"max_hp_per_floor":[70,70,70,70,70,70,70,70,80,80,80,80,80,80,80,80,94,94,94,94,94,94,94],"relics":["Cursed Key","Du-Vu Doll","Dream Catcher","Pear","Calling Bell","Mango","Toxic Egg 2","Gremlin Horn","Oddly Smooth Stone"],"card_choices":[{"not_picked":["PiercingWail","Escape Plan"],"picked":"Leg Sweep"},{"not_picked":["Dodge and Roll","Dagger Throw"],"picked":"Terror"},{"not_picked":["Quick Slash","Heel Hook"],"picked":"Noxious Fumes"},{"not_picked":["PiercingWail","Deadly Poison"],"picked":"Bullet Time"},{"not_picked":["Outmaneuver","Flechettes"],"picked":"Dagger Spray"},{"not_picked":["Eviscerate","Outmaneuver"],"picked":"Prepared"},{"not_picked":["Bane","Quick Slash"],"picked":"Well Laid Plans"},{"not_picked":["Die Die Die","Glass Knife"],"picked":"Phantasmal Killer"},{"not_picked":["Quick Slash","Prepared"],"picked":"Dodge and Roll"},{"not_picked":["Dagger Spray","Quick Slash"],"picked":"Dodge and Roll"}],"player_experience":24901,"potions_floor_usage":[12,16,18,20,23],"damage_taken":[{"damage":2,"enemies":"Small Slimes","floor":1,"turns":4},{"damage":0,"enemies":"Jaw Worm","floor":2,"turns":5},{"damage":1,"enemies":"Cultist","floor":5,"turns":5},{"damage":5,"enemies":"Gremlin Nob","floor":7,"turns":5},{"damage":8,"enemies":"Red Slaver","floor":10,"turns":3},{"damage":8,"enemies":"Exordium Wildlife","floor":12,"turns":4},{"damage":0,"enemies":"Looter","floor":14,"turns":3},{"damage":24,"enemies":"The Guardian","floor":16,"turns":9},{"damage":6,"enemies":"2 Thieves","floor":18,"turns":4},{"damage":0,"enemies":"Shell Parasite","floor":19,"turns":2},{"damage":22,"enemies":"Snake Plant","floor":20,"turns":6},{"damage":34,"enemies":"Gremlin Leader","floor":23,"turns":6},{"damage":32,"enemies":"Slaver and Parasite","floor":24,"turns":4}],"event_choices":[{"event_name":"Big Fish","player_choice":"Box","floor":3,"damage_taken":0},{"event_name":"Golden Wing","player_choice":"Card Removal","floor":4,"damage_taken":0},{"event_name":"Fountain of Cleansing","player_choice":"Ignored","floor":22,"damage_taken":0}],"boss_relics":[{"not_picked":["Question Card","Runic Pyramid"],"picked":"Calling Bell"}],"potions_floor_spawned":[2,7,10,12,14,18,20],"seed_played":"-5121654994832510559","killed_by":"Slaver and Parasite","ascension_level":0,"is_trial":false}