{"gold_per_floor":[112,112,126,149,149,149,163,204,204,204,204,177,177,51,51,176,176,200,125,224,47,63,63,89,129,210,210],"floor_reached":27,"playtime":1043,"items_purged":["Defend_B"],"score":363,"play_id":"473a5f84-a7be-4275-ac5f-d08a62cdf305","local_time":"20180906132017","is_ascension_mode":true,"campfire_choices":[{"data":"Gash","floor":6.0,"key":"SMITH"},{"floor":11.0,"key":"REST"},{"floor":15.0,"key":"REST"},{"floor":23.0,"key":"REST"}],"neow_cost":"NONE","seed_source_timestamp":1882726122273975,"circlet_count":0,"master_deck":["Strike_B","Strike_B","Strike_B","Defend_B","Defend_B","Defend_B","Zap","Dualcast","AscendersBane","Gash+1","Rebound","Sunder","FTL","Cold Snap","Chrysalis+1","Beam Cell"],"special_seed":0,"relics":["Cracked Core","NeowsBlessing","Golden Idol","Blue Candle","Toxic Egg 2","Kunai","Unceasing Top","White Beast Statue","Dream Catcher","Shovel","Shuriken"],"potions_floor_usage":[27],"damage_taken":[{"damage":0.0,"enemies":"Small Slimes","floor":1.0,"turns":1.0},{"damage":0.0,"enemies":"Cultist","floor":3.0,"turns":1.0},{"damage":0.0,"enemies":"2 Louse","floor":4.0,"turns":1.0},{"damage":9.0,"enemies":"Red Slaver","floor":7.0,"turns":3.0},{"damage":28.0,"enemies":"Gremlin Nob","floor":8.0,"turns":4.0},{"damage":47.0,"enemies":"The Guardian","floor":16.0,"turns":13.0},{"damage":7.0,"enemies":"Chosen","floor":18.0,"turns":4.0},{"damage":8.0,"enemies":"3 Byrds","floor":22.0,"turns":6.0},{"damage":72.0,"enemies":"Slavers","floor":25.0,"turns":9.0},{"damage":8,"enemies":"Snake Plant","floor":27,"turns":1}],"seed_played":"4142536952310588362","potions_obtained":[{"floor":4.0,"key":"GamblersBrew"},{"floor":7.0,"key":"Fire Potion"},{"floor":16.0,"key":"Fruit Juice"},{"floor":18.0,"key":"FocusPotion"},{"floor":22.0,"key":"Block Potion"},{"floor":25.0,"key":"SteroidPotion"}],"is_trial":false,"path_per_floor":["M","?","M","M","?","R","M","E","T","?","R","?","T","$","R","B",null,"M","?","?","$","M","R","T","E","T"],"character_chosen":"DEFECT","items_purchased":["SkillPotion","Chrysalis+1"],"campfire_rested":3,"item_purchase_floors":[14,21],"current_hp_per_floor":[68,50,50,50,75,75,66,38,38,20,42,42,42,42,64,17,61,59,59,59,59,51,75,75,3,3,0],"gold":210,"neow_bonus":"THREE_ENEMY_KILL","is_prod":false,"is_daily":false,"chose_seed":false,"campfire_upgraded":1,"win_rate":0,"timestamp":1536229217,"path_taken":["M","?","?","M","?","R","M","E","T","?","R","?","?","$","R","BOSS","M","?","?","$","?","R","?","E","T","M"],"build_version":"2018-08-30","purchased_purges":1,"victory":false,"max_hp_per_floor":[75,75,75,75,75,75,75,75,75,75,75,75,75,75,75,75,75,80,80,80,80,80,80,80,80,80,80],"card_choices":[{"not_picked":["Barrage","Turbo"],"picked":"Gash","floor":1.0},{"not_picked":["Leap","Skim"],"picked":"Rebound","floor":3.0},{"not_picked":["Beam Cell","Thunder Strike"],"picked":"Glacier","floor":4.0},{"not_picked":["Turbo","Heatsinks"],"picked":"Sunder","floor":7.0},{"not_picked":["Cold Snap","Chill"],"picked":"FTL","floor":8.0},{"not_picked":["Conserve Battery+1","Loop"],"picked":"Cold Snap","floor":18.0},{"not_picked":["Reinforced Body+1","Rebound","Streamline"],"picked":"SKIP","floor":22.0},{"not_picked":["Coolheaded+1","Multi-Cast+1"],"picked":"Beam Cell","floor":25.0}],"player_experience":684555,"relics_obtained":[{"floor":8.0,"key":"Blue Candle"},{"floor":9.0,"key":"Toxic Egg 2"},{"floor":13.0,"key":"Unceasing Top"},{"floor":24.0,"key":"Dream Catcher"},{"floor":25.0,"key":"Shovel"},{"floor":26.0,"key":"Shuriken"}],"event_choices":[{"event_name":"Golden Idol","player_choice":"Take Damage","floor":2.0,"damage_taken":0.0},{"event_name":"Bonfire Elementals","player_choice":"UNCOMMON","floor":5.0,"damage_taken":0.0},{"event_name":"Scrap Ooze","player_choice":"success","floor":10.0,"damage_taken":18.0},{"event_name":"World of Goop","player_choice":"Left","floor":12.0,"damage_taken":0.0},{"event_name":"Beggar","player_choice":"Gave Gold","floor":19.0,"damage_taken":0.0},{"event_name":"Nest","player_choice":"Stole From Cult","floor":20.0,"damage_taken":0.0}],"is_beta":false,"boss_relics":[{"not_picked":["Sozu","Velvet Choker"],"picked":"White Beast Statue"}],"items_purged_floors":[14],"is_endless":false,"potions_floor_spawned":[4,7,16,18,22,25],"killed_by":"Snake Plant","ascension_level":12}