{"gold_per_floor":[109,25,41,41,58,58,58,58,82,82,5,32,32,44,44,117,117,136,61,61,61,61,61],"floor_reached":23,"playtime":376,"items_purged":["Regret"],"score":370,"play_id":"5bac23f3-b739-422e-a5bd-bf7f3a977415","local_time":"20190418164757","is_ascension_mode":true,"campfire_choices":[{"data":"Bash","floor":6,"key":"SMITH"},{"data":"Body Slam","floor":8,"key":"SMITH"},{"data":"Clothesline","floor":10,"key":"SMITH"},{"floor":15,"key":"REST"}],"neow_cost":"NONE","seed_source_timestamp":219126293801500,"circlet_count":0,"master_deck":["AscendersBane","Strike_R","Strike_R","Strike_R","Strike_R","Defend_R+1","Defend_R","Defend_R","Defend_R","Bash+1","Shrug It Off","Body Slam+1","Clothesline+1","Disarm+1","Demon Form+1"],"relics":["Burning Blood","NeowsBlessing","Red Skull","Regal Pillow","Pear","Velvet Choker","FaceOfCleric"],"potions_floor_usage":[16,16,23,23],"damage_taken":[{"damage":0,"enemies":"Jaw Worm","floor":1,"turns":1},{"damage":0,"enemies":"Small Slimes","floor":3,"turns":1},{"damage":0,"enemies":"Cultist","floor":5,"turns":1},{"damage":49,"enemies":"Gremlin Nob","floor":12,"turns":5},{"damage":14,"enemies":"2 Fungi Beasts","floor":14,"turns":3},{"damage":21,"enemies":"Hexaghost","floor":16,"turns":9},{"damage":38,"enemies":"Shell Parasite","floor":18,"turns":6},{"damage":51,"enemies":"Slavers","floor":23,"turns":3}],"seed_played":"5200815367419958741","potions_obtained":[{"floor":1,"key":"Strength Potion"},{"floor":14,"key":"GamblersBrew"},{"floor":16,"key":"PowerPotion"},{"floor":18,"key":"SteroidPotion"}],"is_trial":false,"path_per_floor":["M","$","M","?","M","R","?","R","T","R","$","E","?","M","R","B",null,"M","$","?","$","?","E"],"character_chosen":"IRONCLAD","items_purchased":["Shrug It Off","Body Slam","Disarm"],"campfire_rested":1,"item_purchase_floors":[2,2,11],"current_hp_per_floor":[74,74,75,75,75,75,75,75,75,75,75,42,16,8,48,33,72,40,40,40,40,40,0],"gold":61,"neow_bonus":"THREE_ENEMY_KILL","is_prod":false,"is_daily":false,"chose_seed":false,"campfire_upgraded":3,"win_rate":0,"timestamp":1555573677,"path_taken":["M","$","M","?","M","R","?","R","T","R","?","E","?","M","R","BOSS","M","$","?","?","?","E"],"build_version":"2019-01-23","purchased_purges":1,"victory":false,"max_hp_per_floor":[75,75,75,75,75,75,75,75,75,75,75,85,85,85,85,85,85,85,85,85,85,85,85],"card_choices":[{"not_picked":["Pummel","Anger","Combust"],"picked":"SKIP","floor":1},{"not_picked":["Combust","Thunderclap","Headbutt"],"picked":"SKIP","floor":3},{"not_picked":["Heavy Blade","Ghostly Armor","Thunderclap"],"picked":"SKIP","floor":5},{"not_picked":["Shrug It Off","Wild Strike","Rage"],"picked":"SKIP","floor":12},{"not_picked":["Metallicize","Pommel Strike","Sword Boomerang"],"picked":"SKIP","floor":14},{"not_picked":["Metallicize","Pommel Strike","Sword Boomerang"],"picked":"SKIP","floor":14},{"not_picked":["Brutality","Dark Embrace"],"picked":"Demon Form","floor":16},{"not_picked":["Warcry","Cleave","Ghostly Armor"],"picked":"SKIP","floor":18}],"player_experience":3211525,"relics_obtained":[{"floor":9,"key":"Regal Pillow"},{"floor":12,"key":"Pear"}],"event_choices":[{"damage_healed":0,"gold_gain":0,"cards_transformed":["Strike_R"],"player_choice":"Change","damage_taken":0,"max_hp_gain":0,"max_hp_loss":0,"event_name":"Living Wall","floor":4,"gold_loss":0,"cards_obtained":["Clothesline"]},{"damage_healed":0,"gold_gain":0,"player_choice":"Box","damage_taken":0,"relics_obtained":["Red Skull"],"max_hp_gain":0,"max_hp_loss":0,"event_name":"Big Fish","floor":7,"gold_loss":0,"cards_obtained":["Regret"]},{"damage_healed":0,"gold_gain":0,"player_choice":"Entered Light","damage_taken":26,"max_hp_gain":0,"max_hp_loss":0,"event_name":"Shining Light","floor":13,"gold_loss":0,"cards_upgraded":["Disarm","Defend_R"]},{"damage_healed":0,"gold_gain":0,"player_choice":"Upgraded","damage_taken":0,"max_hp_gain":0,"max_hp_loss":0,"event_name":"Upgrade Shrine","floor":20,"gold_loss":0,"cards_upgraded":["Demon Form"]},{"damage_healed":0,"gold_gain":0,"player_choice":"Trade","damage_taken":0,"relics_obtained":["FaceOfCleric"],"max_hp_gain":0,"max_hp_loss":0,"event_name":"FaceTrader","floor":22,"gold_loss":0}],"is_beta":false,"boss_relics":[{"not_picked":["Eternal Feather","Black Blood"],"picked":"Velvet Choker"}],"items_purged_floors":[19],"is_endless":false,"potions_floor_spawned":[1,14,16,18],"killed_by":"Slavers","ascension_level":20}