{"path_per_floor":["M","?","?","M","?","E","R","M","T","M","?","M","M","?","R","B",null],"character_chosen":"DEFECT","items_purchased":[],"gold_per_floor":[19,119,119,129,129,159,159,173,198,215,215,229,240,302,302,400,400,400],"floor_reached":18,"campfire_rested":0,"playtime":871,"current_hp_per_floor":[86,86,68,68,68,41,41,37,37,37,37,37,37,31,31,12,89,89],"items_purged":[],"gold":400,"score":162,"play_id":"37b4d7eb-0515-4ac8-adba-024dfdcc9a04","local_time":"20180430142003","is_prod":false,"is_daily":false,"chose_seed":false,"is_ascension_mode":false,"campfire_upgraded":2,"timestamp":1525069203,"path_taken":["M","?","?","M","?","E","R","M","T","M","?","?","M","?","R","BOSS","M"],"build_version":"2018-04-27v3","seed_source_timestamp":276058182792619,"purchased_purges":0,"victory":false,"master_deck":["Strike_B","Strike_B+1","Strike_B","Strike_B","Defend_B","Defend_B","Defend_B","Zap+1","Dualcast","Coolheaded+1","Streamline","Undo","Leap","Fusion","Doom and Gloom","Melter","Capacitor+1","Seek"],"max_hp_per_floor":[89,89,89,89,89,89,89,89,89,89,89,89,89,89,89,89,89,89],"relics":["Cracked Core","Mango","Pen Nib","Anchor","Lantern","Velvet Choker"],"card_choices":[{"not_picked":["Stack","Steam Power"],"picked":"Coolheaded","floor":1},{"not_picked":["Hello World","Sweeping Beam"],"picked":"Streamline","floor":4},{"not_picked":["Hello World","Stack"],"picked":"Undo","floor":6},{"not_picked":["Rip and Tear","Loop"],"picked":"Leap","floor":8},{"not_picked":["Aggregate","Capacitor"],"picked":"Fusion","floor":10},{"not_picked":["Scrape","Barrage"],"picked":"Doom and Gloom","floor":12},{"not_picked":["Skim","Streamline"],"picked":"Melter","floor":13},{"not_picked":["Go for the Eyes","Coolheaded"],"picked":"Capacitor","floor":14},{"not_picked":["Fusion","Reboot"],"picked":"Seek","floor":16}],"player_experience":291580,"potions_floor_usage":[12,14,14],"damage_taken":[{"damage":3,"enemies":"2 Louse","floor":1,"turns":2},{"damage":0,"enemies":"Cultist","floor":4,"turns":3},{"damage":27,"enemies":"Lagavulin","floor":6,"turns":7},{"damage":4,"enemies":"Jaw Worm","floor":8,"turns":3},{"damage":0,"enemies":"2 Fungi Beasts","floor":10,"turns":3},{"damage":0,"enemies":"Large Slime","floor":12,"turns":5},{"damage":0,"enemies":"Exordium Wildlife","floor":13,"turns":3},{"damage":12,"enemies":"Gremlin Nob","floor":14,"turns":3},{"damage":19,"enemies":"Slime Boss","floor":16,"turns":7},{"damage":0,"enemies":"3 Byrds","floor":18,"turns":1}],"event_choices":[{"event_name":"Golden Shrine","player_choice":"Pray","floor":2,"damage_taken":0},{"event_name":"Shining Light","player_choice":"Entered Light","floor":3,"damage_taken":0},{"event_name":"Liars Game","player_choice":"disagreed","floor":5,"damage_taken":0},{"event_name":"Purifier","player_choice":"One Purge","floor":11,"damage_taken":0},{"event_name":"Dead Adventurer","player_choice":"Searched \u00272\u0027 times","floor":14,"damage_taken":0}],"boss_relics":[{"not_picked":["Snecko Eye","Eternal Feather"],"picked":"Velvet Choker"}],"potions_floor_spawned":[6,8,10,13],"seed_played":"228773347292088842","killed_by":"3 Byrds","ascension_level":0,"is_trial":false}