{"gold_per_floor":[115,133,133,133,133,133,150,150,150,150,183,207,218,244,244,244],"floor_reached":16,"playtime":262,"items_purged":[],"score":216,"play_id":"0ea82e5c-74e4-419f-bd81-fcb43eb356be","local_time":"20190411202125","is_ascension_mode":true,"campfire_choices":[{"data":"Whirlwind","floor":6,"key":"SMITH"},{"data":"Bash","floor":8,"key":"SMITH"},{"data":"Strike_R","floor":10,"key":"SMITH"},{"data":"Battle Trance","floor":15,"key":"SMITH"}],"neow_cost":"NONE","seed_source_timestamp":411955668564500,"circlet_count":0,"master_deck":["AscendersBane","Strike_R","Strike_R","Strike_R","Strike_R+1","Defend_R","Defend_R","Defend_R","Defend_R","Bash+1","Whirlwind+1","Power Through","Limit Break","Battle Trance+1"],"relics":["Burning Blood","NeowsBlessing","Juzu Bracelet","Frozen Egg 2","Potion Belt","Oddly Smooth Stone"],"potions_floor_usage":[14,16],"damage_taken":[{"damage":0,"enemies":"2 Louse","floor":1,"turns":1},{"damage":0,"enemies":"Jaw Worm","floor":2,"turns":1},{"damage":0,"enemies":"Cultist","floor":7,"turns":1},{"damage":40,"enemies":"Lagavulin","floor":11,"turns":6},{"damage":12,"enemies":"Exordium Thugs","floor":13,"turns":4},{"damage":20,"enemies":"3 Sentries","floor":14,"turns":4},{"damage":20,"enemies":"Slime Boss","floor":16,"turns":7}],"seed_played":"8402660855673269964","potions_obtained":[{"floor":13,"key":"SteroidPotion"},{"floor":14,"key":"Dexterity Potion"}],"is_trial":false,"path_per_floor":["M","M","?","?","?","R","M","R","T","R","E","T","M","E","R","B"],"character_chosen":"IRONCLAD","items_purchased":[],"campfire_rested":0,"item_purchase_floors":[],"current_hp_per_floor":[74,75,75,75,75,75,75,75,75,75,41,41,35,21,21,1],"gold":244,"neow_bonus":"THREE_ENEMY_KILL","is_prod":false,"is_daily":false,"chose_seed":false,"campfire_upgraded":4,"win_rate":0,"timestamp":1554981685,"path_taken":["M","M","?","?","?","R","M","R","T","R","E","?","M","E","R","BOSS"],"build_version":"2019-01-23","purchased_purges":0,"victory":false,"max_hp_per_floor":[75,75,75,75,75,75,75,75,75,75,75,75,75,75,75,75],"card_choices":[{"not_picked":["Iron Wave","Havoc","Cleave"],"picked":"SKIP","floor":1},{"not_picked":["Clash","Perfected Strike"],"picked":"Whirlwind","floor":2},{"not_picked":["Armaments","Searing Blow"],"picked":"Limit Break","floor":7},{"not_picked":["Warcry","Sword Boomerang","Pommel Strike"],"picked":"SKIP","floor":11},{"not_picked":["Warcry","Sword Boomerang","Pommel Strike"],"picked":"SKIP","floor":11},{"not_picked":["Blood for Blood","Perfected Strike","Clothesline"],"picked":"SKIP","floor":13},{"not_picked":["Flex","Immolate"],"picked":"Battle Trance","floor":14}],"player_experience":3061938,"relics_obtained":[{"floor":9,"key":"Frozen Egg 2"},{"floor":11,"key":"Potion Belt"},{"floor":14,"key":"Oddly Smooth Stone"}],"event_choices":[{"damage_healed":0,"gold_gain":0,"player_choice":"Box","damage_taken":0,"relics_obtained":["Juzu Bracelet"],"max_hp_gain":0,"max_hp_loss":0,"event_name":"Big Fish","floor":3,"gold_loss":0,"cards_obtained":["Regret"]},{"damage_healed":0,"gold_gain":0,"cards_transformed":["Strike_R"],"player_choice":"Transformed","damage_taken":0,"max_hp_gain":0,"max_hp_loss":0,"event_name":"Transmorgrifier","floor":4,"gold_loss":0,"cards_obtained":["Power Through"]},{"cards_removed":["Regret"],"damage_healed":0,"gold_gain":0,"player_choice":"Removed Curses","damage_taken":0,"max_hp_gain":0,"max_hp_loss":0,"event_name":"Fountain of Cleansing","floor":5,"gold_loss":0}],"is_beta":false,"boss_relics":[],"items_purged_floors":[],"is_endless":false,"potions_floor_spawned":[13,14],"killed_by":"Slime Boss","ascension_level":20}