{"gold_per_floor":[116,116,41,41,61,97,120,120,170,201,201,276,296,327,327,458,458,476,496,512,556,575,575,613,628,628,646,646,232,250,263,263,391,391,414,489,489,512,512,546,188,188,188,222,14,38,78,97,97,97],"floor_reached":51,"playtime":5144,"items_purged":["Strike_R","Strike_R","Strike_R"],"score":1134,"play_id":"0c840034-4d1e-4dfd-a956-f8f1fc2a8a76","local_time":"20190422181007","is_ascension_mode":true,"campfire_choices":[{"data":"Body Slam","floor":8.0,"key":"SMITH"},{"data":"Armaments","floor":11.0,"key":"SMITH"},{"floor":15.0,"key":"REST"},{"floor":23.0,"key":"REST"},{"data":"Fiend Fire","floor":28.0,"key":"SMITH"},{"data":"Corruption","floor":32.0,"key":"SMITH"},{"data":"Offering","floor":42.0,"key":"SMITH"},{"data":"Juggernaut","floor":49.0,"key":"SMITH"}],"neow_cost":"NONE","seed_source_timestamp":8043364650000,"circlet_count":0,"master_deck":["Strike_R","Strike_R","Defend_R","Defend_R","Defend_R","Defend_R","Bash","Body Slam+1","Feel No Pain","Armaments+1","Carnage","Feel No Pain","Spot Weakness","Flame Barrier","Fiend Fire+1","Disarm","Armaments+1","Entrench","Rupture+1","Offering+1","Metallicize","Warcry+1","Corruption+1","Combust","Inflame","Juggernaut+1","Shrug It Off+1","True Grit+1","Second Wind+1","Ghostly Armor+1","Shrug It Off+1","Flame Barrier+1","Apotheosis+1","Panache","Secret Technique+1","Carnage+1","Shrug It Off+1","Feel No Pain","Power Through+1","Limit Break+1","Evolve","Shrug It Off+1","Metallicize","Pommel Strike+1","Feel No Pain"],"special_seed":0,"relics":["Black Blood","NeowsBlessing","Golden Idol","Centennial Puzzle","Bag of Marbles","Vajra","Pen Nib","Bird Faced Urn","Red Mask","Juzu Bracelet","Matryoshka","Toxic Egg 2","Orrery","Ginger","Bottled Lightning","Potion Belt","Bottled Tornado","Bag of Preparation","Boot"],"potions_floor_usage":[50],"damage_taken":[{"damage":0.0,"enemies":"2 Louse","floor":1.0,"turns":1.0},{"damage":0.0,"enemies":"Jaw Worm","floor":5.0,"turns":1.0},{"damage":0.0,"enemies":"3 Sentries","floor":6.0,"turns":1.0},{"damage":3.0,"enemies":"Small Slimes","floor":7.0,"turns":3.0},{"damage":31.0,"enemies":"Gremlin Nob","floor":10.0,"turns":4.0},{"damage":29.0,"enemies":"Lagavulin Event","floor":12.0,"turns":4.0},{"damage":1.0,"enemies":"2 Fungi Beasts","floor":13.0,"turns":3.0},{"damage":9.0,"enemies":"3 Sentries","floor":14.0,"turns":9.0},{"damage":52.0,"enemies":"The Guardian","floor":16.0,"turns":11.0},{"damage":28.0,"enemies":"2 Thieves","floor":18.0,"turns":3.0},{"damage":19.0,"enemies":"Shell Parasite","floor":19.0,"turns":4.0},{"damage":15.0,"enemies":"Snake Plant","floor":20.0,"turns":3.0},{"damage":13.0,"enemies":"Masked Bandits","floor":21.0,"turns":4.0},{"damage":3.0,"enemies":"Cultist and Chosen","floor":22.0,"turns":2.0},{"damage":6.0,"enemies":"Gremlin Leader","floor":24.0,"turns":3.0},{"damage":24.0,"enemies":"Centurion and Healer","floor":25.0,"turns":7.0},{"damage":13.0,"enemies":"Snake Plant","floor":27.0,"turns":2.0},{"damage":6.0,"enemies":"Snecko","floor":30.0,"turns":3.0},{"damage":8.0,"enemies":"Shelled Parasite and Fungi","floor":31.0,"turns":4.0},{"damage":29.0,"enemies":"Collector","floor":33.0,"turns":7.0},{"damage":27.0,"enemies":"3 Darklings","floor":35.0,"turns":6.0},{"damage":8.0,"enemies":"3 Shapes","floor":38.0,"turns":5.0},{"damage":22.0,"enemies":"Reptomancer","floor":40.0,"turns":5.0},{"damage":6.0,"enemies":"Giant Head","floor":44.0,"turns":4.0},{"damage":6.0,"enemies":"Writhing Mass","floor":46.0,"turns":3.0},{"damage":12.0,"enemies":"Nemesis","floor":47.0,"turns":5.0},{"damage":3.0,"enemies":"Jaw Worm Horde","floor":48.0,"turns":5.0},{"damage":67,"enemies":"Awakened One","floor":50,"turns":9}],"seed_played":"2404680876209004207","potions_obtained":[{"floor":1.0,"key":"Explosive Potion"},{"floor":6.0,"key":"EssenceOfSteel"},{"floor":10.0,"key":"BloodPotion"},{"floor":19.0,"key":"Ancient Potion"},{"floor":21.0,"key":"EssenceOfSteel"},{"floor":27.0,"key":"Energy Potion"},{"floor":31.0,"key":"Energy Potion"},{"floor":35.0,"key":"PowerPotion"},{"floor":38.0,"key":"BloodPotion"},{"floor":46.0,"key":"Weak Potion"}],"is_trial":false,"path_per_floor":["M","?","$","?","M","E","M","R","T","E","R","?","M","E","R","B",null,"M","M","M","?","M","R","E","M","T","M","R","$","M","M","R","B",null,"M","?","?","M","?","E","$","R","T","E","$","M","E","M","R","B",null],"character_chosen":"IRONCLAD","items_purchased":["Corruption","Toxic Egg 2","Bottled Lightning","Feel No Pain","Power Through+1","Evolve","Shrug It Off+1"],"campfire_rested":2,"item_purchase_floors":[29,29,41,41,41,45,45],"current_hp_per_floor":[80,80,80,60,66,72,75,75,75,50,50,27,32,29,53,11,63,45,36,31,38,45,69,79,68,68,67,67,67,73,80,80,71,78,75,67,57,73,73,79,79,79,79,80,80,80,80,80,80,36],"gold":97,"neow_bonus":"THREE_ENEMY_KILL","is_prod":false,"is_daily":false,"chose_seed":false,"campfire_upgraded":6,"win_rate":0,"timestamp":1555924207,"path_taken":["M","?","$","?","M","E","M","R","T","E","R","?","M","E","R","BOSS","M","M","M","?","M","R","E","M","T","M","R","$","M","M","R","BOSS","M","?","?","M","?","E","$","R","T","E","$","M","E","M","R","BOSS"],"build_version":"2019-01-23","purchased_purges":3,"victory":true,"max_hp_per_floor":[80,80,80,80,80,80,80,80,80,80,80,80,80,80,80,80,80,80,80,80,80,80,80,80,80,80,80,80,80,80,80,80,80,80,80,80,80,80,80,80,80,80,80,80,80,80,80,80,80,80],"card_choices":[{"not_picked":["Reckless Charge","Twin Strike"],"picked":"Pommel Strike","floor":1.0},{"not_picked":["Anger","Heavy Blade"],"picked":"Body Slam","floor":5.0},{"not_picked":["Thunderclap","Clothesline"],"picked":"Feel No Pain","floor":6.0},{"not_picked":["Sentinel","Blood for Blood"],"picked":"Armaments","floor":7.0},{"not_picked":["Headbutt","Sever Soul"],"picked":"Carnage","floor":10.0},{"not_picked":["Warcry","Blood for Blood"],"picked":"Feel No Pain","floor":12.0},{"not_picked":["Anger","Warcry"],"picked":"Spot Weakness","floor":13.0},{"not_picked":["Battle Trance","Clash"],"picked":"Flame Barrier","floor":14.0},{"not_picked":["Exhume","Impervious"],"picked":"Fiend Fire","floor":16.0},{"not_picked":["Cleave","Warcry"],"picked":"Disarm","floor":18.0},{"not_picked":["Hemokinesis","Clash"],"picked":"Armaments+1","floor":19.0},{"not_picked":["Shrug It Off","Cleave+1"],"picked":"Entrench","floor":20.0},{"not_picked":["Cleave","Clash"],"picked":"Rupture+1","floor":21.0},{"not_picked":["Pummel+1","Hemokinesis"],"picked":"Offering","floor":22.0},{"not_picked":["Hemokinesis+1","Sword Boomerang+1"],"picked":"Metallicize","floor":24.0},{"not_picked":["Searing Blow","Iron Wave+1","Uppercut"],"picked":"SKIP","floor":25.0},{"not_picked":["Sword Boomerang","Heavy Blade"],"picked":"Warcry+1","floor":27.0},{"not_picked":["Headbutt","Heavy Blade"],"picked":"Combust","floor":30.0},{"not_picked":["Heavy Blade+1","Disarm+1"],"picked":"Inflame","floor":31.0},{"not_picked":["Dark Embrace","Feed"],"picked":"Juggernaut","floor":33.0},{"not_picked":["Heavy Blade","Infernal Blade+1"],"picked":"Shrug It Off+1","floor":34.0},{"not_picked":["Cleave","Warcry+1"],"picked":"True Grit+1","floor":34.0},{"not_picked":["Headbutt","Pommel Strike"],"picked":"Second Wind+1","floor":34.0},{"not_picked":["Anger","Fire Breathing"],"picked":"Ghostly Armor+1","floor":34.0},{"not_picked":["Cleave","True Grit+1"],"picked":"Shrug It Off+1","floor":34.0},{"not_picked":["Reckless Charge+1","Pommel Strike+1"],"picked":"Flame Barrier+1","floor":35.0},{"not_picked":["Purity+1","Finesse+1"],"picked":"Apotheosis+1","floor":37.0},{"not_picked":["Good Instincts+1","Forethought+1"],"picked":"Panache","floor":37.0},{"not_picked":["PanicButton+1","Deep Breath+1"],"picked":"Secret Technique+1","floor":37.0},{"not_picked":["Clothesline","Anger+1"],"picked":"Carnage+1","floor":38.0},{"not_picked":["Thunderclap","Whirlwind"],"picked":"Shrug It Off+1","floor":40.0},{"not_picked":["Burning Pact+1","Shrug It Off+1"],"picked":"Limit Break+1","floor":44.0},{"not_picked":["Infernal Blade+1","Twin Strike+1"],"picked":"Metallicize","floor":46.0},{"not_picked":["Rampage","Blood for Blood+1"],"picked":"Pommel Strike+1","floor":47.0},{"not_picked":["Spot Weakness+1","Cleave"],"picked":"Feel No Pain","floor":48.0}],"player_experience":337592,"relics_obtained":[{"floor":6.0,"key":"Centennial Puzzle"},{"floor":9.0,"key":"Bag of Marbles"},{"floor":10.0,"key":"Vajra"},{"floor":12.0,"key":"Pen Nib"},{"floor":14.0,"key":"Bird Faced Urn"},{"floor":21.0,"key":"Red Mask"},{"floor":24.0,"key":"Juzu Bracelet"},{"floor":26.0,"key":"Matryoshka"},{"floor":40.0,"key":"Ginger"},{"floor":43.0,"key":"Potion Belt"},{"floor":43.0,"key":"Bottled Tornado"},{"floor":44.0,"key":"Bag of Preparation"},{"floor":47.0,"key":"Boot"}],"event_choices":[{"damage_healed":0.0,"max_hp_gain":0.0,"max_hp_loss":0.0,"gold_gain":0.0,"event_name":"Shining Light","player_choice":"Ignored","floor":2.0,"gold_loss":0.0,"damage_taken":0.0},{"damage_healed":0.0,"max_hp_gain":0.0,"max_hp_loss":0.0,"gold_gain":0.0,"event_name":"Golden Idol","player_choice":"Take Damage","floor":4.0,"gold_loss":0.0,"damage_taken":20.0,"relics_obtained":["Golden Idol"]},{"damage_healed":0.0,"max_hp_gain":0.0,"max_hp_loss":0.0,"gold_gain":0.0,"event_name":"Dead Adventurer","player_choice":"Searched \u00272\u0027 times","floor":12.0,"gold_loss":0.0,"damage_taken":0.0},{"damage_healed":0.0,"max_hp_gain":0.0,"max_hp_loss":0.0,"gold_gain":0.0,"event_name":"Masked Bandits","player_choice":"Fought Bandits","floor":21.0,"gold_loss":0.0,"damage_taken":0.0},{"damage_healed":0.0,"max_hp_gain":0.0,"max_hp_loss":0.0,"gold_gain":75.0,"event_name":"FaceTrader","player_choice":"Touch","floor":36.0,"gold_loss":0.0,"damage_taken":8.0},{"damage_healed":0.0,"max_hp_gain":0.0,"max_hp_loss":0.0,"gold_gain":0.0,"event_name":"SensoryStone","player_choice":"Memory 3","floor":37.0,"gold_loss":0.0,"damage_taken":10.0},{"cards_removed":["Pommel Strike"],"damage_healed":0.0,"max_hp_gain":0.0,"max_hp_loss":0.0,"gold_gain":0.0,"event_name":"Falling","player_choice":"Removed Attack","floor":39.0,"gold_loss":0.0,"damage_taken":0.0}],"is_beta":false,"boss_relics":[{"not_picked":["Tiny House","Runic Cube"],"picked":"Black Blood"},{"not_picked":["Mark of Pain","Busted Crown"],"picked":"Orrery"}],"items_purged_floors":[3,29,45],"is_endless":false,"potions_floor_spawned":[1,6,10,19,21,27,31,35,38,46],"ascension_level":5}