{"path_per_floor":["M","?","M","?","M","R","E","R","T","?","R","E","M","E","R","B",null,"M","?","?","$","?","E","$","M","T","R","E","M","M","?","R","B",null,"M","M","M","M","M","R","M","M","T","R"],"character_chosen":"DEFECT","items_purchased":["Machine Learning","Blood Vial","Panache"],"gold_per_floor":[110,110,122,122,136,136,168,168,168,168,168,195,206,240,240,336,336,356,391,491,263,263,295,17,27,27,27,53,72,84,44,44,145,145,160,174,184,197,213,213,229,240,240,240,240],"floor_reached":45,"campfire_rested":7,"playtime":3375,"item_purchase_floors":[21,21,24],"current_hp_per_floor":[66,66,64,69,62,62,45,69,69,53,77,64,58,44,69,61,84,45,56,56,56,84,20,20,36,36,63,56,46,42,42,69,60,92,81,64,56,65,61,90,44,26,26,56,0],"items_purged":["Defend_B"],"gold":240,"score":595,"play_id":"b3a3349e-588f-4d49-a62f-4db50b78b9c3","local_time":"20180607211143","is_prod":false,"is_daily":false,"chose_seed":false,"is_ascension_mode":true,"campfire_upgraded":0,"win_rate":0,"timestamp":1528395103,"campfire_choices":[{"data":"Regret","floor":6,"key":"PURGE"},{"floor":8,"key":"REST"},{"floor":11,"key":"REST"},{"floor":15,"key":"REST"},{"floor":27,"key":"REST"},{"floor":32,"key":"REST"},{"floor":40,"key":"REST"},{"floor":44,"key":"REST"}],"path_taken":["M","?","M","?","?","R","E","R","T","?","R","E","M","E","R","BOSS","M","?","?","$","?","E","?","M","T","R","E","M","M","?","R","BOSS","M","?","M","M","M","R","?","M","T","R","E"],"build_version":"2018-05-31","seed_source_timestamp":1462380687825275,"purchased_purges":1,"victory":false,"master_deck":["Strike_B+1","Strike_B","Strike_B+1","Strike_B","Defend_B+1","Defend_B","Defend_B","Zap+1","Dualcast","Ball Lightning+1","Compile Driver","Melter+1","Rainbow+1","Force Field","Electrodynamics","Storm","Machine Learning","Panache","Storm","Loop","Echo Form","Self Repair","Loop+1"],"max_hp_per_floor":[75,75,75,80,80,80,80,80,80,80,80,82,84,84,84,84,84,84,86,86,86,86,88,88,90,90,90,90,90,92,92,92,92,92,94,94,96,96,98,98,100,102,102,102,102],"relics":["Cracked Core","Peace Pipe","Pantograph","Singing Bowl","Cables","Meat on the Bone","Black Star","Red Mask","Blood Vial","Bronze Scales","Whetstone","Shovel","Vajra","War Paint","Sozu","Smiling Mask"],"card_choices":[{"not_picked":["Coolheaded","Turbo"],"picked":"Ball Lightning","floor":1},{"not_picked":["Go for the Eyes","Hologram"],"picked":"Compile Driver","floor":3},{"not_picked":["Stack","Gash"],"picked":"Melter","floor":5},{"not_picked":["Steam Power","Beam Cell"],"picked":"Rainbow","floor":7},{"not_picked":["Reinforced Body","Hologram","Gash"],"picked":"Singing Bowl","floor":12},{"not_picked":["Recycle","Aggregate","Blizzard"],"picked":"Singing Bowl","floor":13},{"not_picked":["Gash","Cold Snap"],"picked":"Force Field","floor":14},{"not_picked":["Hyperbeam","Thunder Strike"],"picked":"Electrodynamics","floor":16},{"not_picked":["Force Field","Gash"],"picked":"Storm","floor":18},{"not_picked":["Gash","Steam","Melter"],"picked":"Singing Bowl","floor":19},{"not_picked":["Undo","Leap","Lockon+1"],"picked":"Singing Bowl","floor":23},{"not_picked":["Hologram","Aggregate","Reprogram"],"picked":"Singing Bowl","floor":25},{"not_picked":["Compile Driver","Core Surge"],"picked":"Storm","floor":28},{"not_picked":["Chaos+1","Coolheaded"],"picked":"Loop","floor":29},{"not_picked":["Coolheaded+1","Go for the Eyes","Sweeping Beam"],"picked":"Singing Bowl","floor":30},{"not_picked":["Biased Cognition","Rainbow"],"picked":"Echo Form","floor":33},{"not_picked":["Sweeping Beam","Conserve Battery","Tempest"],"picked":"Singing Bowl","floor":35},{"not_picked":["Static Discharge","Streamline+1"],"picked":"Self Repair","floor":36},{"not_picked":["Streamline+1","Multi-Cast","Conserve Battery+1"],"picked":"Singing Bowl","floor":37},{"not_picked":["Rebound+1","Double Energy"],"picked":"Loop+1","floor":38},{"not_picked":["Barrage+1","Cold Snap","Scrape+1"],"picked":"Singing Bowl","floor":39},{"not_picked":["Melter+1","Rebound","Blizzard+1"],"picked":"Singing Bowl","floor":41},{"not_picked":["Genetic Algorithm","Blizzard+1","Barrage"],"picked":"Singing Bowl","floor":42}],"player_experience":474160,"potions_floor_usage":[19,19,28,30,33,33,33,35,36,41],"damage_taken":[{"damage":9,"enemies":"2 Louse","floor":1,"turns":3},{"damage":2,"enemies":"Cultist","floor":3,"turns":2},{"damage":7,"enemies":"Jaw Worm","floor":5,"turns":2},{"damage":17,"enemies":"3 Sentries","floor":7,"turns":6},{"damage":15,"enemies":"Lagavulin","floor":12,"turns":6},{"damage":8,"enemies":"Blue Slaver","floor":13,"turns":2},{"damage":14,"enemies":"3 Sentries","floor":14,"turns":5},{"damage":23,"enemies":"The Guardian","floor":16,"turns":8},{"damage":39,"enemies":"2 Thieves","floor":18,"turns":3},{"damage":8,"enemies":"Masked Bandits","floor":19,"turns":2},{"damage":80,"enemies":"Slavers","floor":23,"turns":5},{"damage":0,"enemies":"3 Byrds","floor":25,"turns":2},{"damage":21,"enemies":"Gremlin Leader","floor":28,"turns":7},{"damage":12,"enemies":"3 Cultists","floor":29,"turns":3},{"damage":20,"enemies":"Snecko","floor":30,"turns":5},{"damage":32,"enemies":"Collector","floor":33,"turns":6},{"damage":13,"enemies":"3 Shapes","floor":35,"turns":3},{"damage":19,"enemies":"Orb Walker","floor":36,"turns":3},{"damage":12,"enemies":"3 Darklings","floor":37,"turns":3},{"damage":7,"enemies":"Sphere and 2 Shapes","floor":38,"turns":4},{"damage":20,"enemies":"4 Shapes","floor":39,"turns":3},{"damage":69,"enemies":"Maw","floor":41,"turns":7},{"damage":41,"enemies":"Sphere and 2 Shapes","floor":42,"turns":4},{"damage":58,"enemies":"2 Orb Walkers","floor":45,"turns":3}],"relics_obtained":[{"floor":7,"key":"Pantograph"},{"floor":9,"key":"Singing Bowl"},{"floor":12,"key":"Cables"},{"floor":14,"key":"Meat on the Bone"},{"floor":19,"key":"Red Mask"},{"floor":23,"key":"Bronze Scales"},{"floor":23,"key":"Whetstone"},{"floor":26,"key":"Shovel"},{"floor":28,"key":"Vajra"},{"floor":28,"key":"War Paint"},{"floor":43,"key":"Smiling Mask"}],"event_choices":[{"event_name":"Upgrade Shrine","player_choice":"Upgraded","floor":2,"damage_taken":0},{"event_name":"Big Fish","player_choice":"Donut","floor":4,"damage_taken":0},{"event_name":"Shining Light","player_choice":"Entered Light","floor":10,"damage_taken":0},{"event_name":"Masked Bandits","player_choice":"Fought over 356 gold","floor":19,"damage_taken":0},{"event_name":"Golden Shrine","player_choice":"Pray","floor":20,"damage_taken":0},{"event_name":"The Library","player_choice":"Heal","floor":22,"damage_taken":0},{"event_name":"The Woman in Blue","player_choice":"Bought 3 Potions","floor":31,"damage_taken":0}],"boss_relics":[{"not_picked":["Runic Dome","Tiny House"],"picked":"Black Star"},{"not_picked":["Philosopher\u0027s Stone","Calling Bell"],"picked":"Sozu"}],"items_purged_floors":[24],"potions_floor_spawned":[1,13,16,18,28,30,33,36,42],"seed_played":"7848490104503999768","killed_by":"2 Orb Walkers","ascension_level":4,"potions_obtained":[{"floor":1,"key":"Weak Potion"},{"floor":13,"key":"SteroidPotion"},{"floor":16,"key":"Regen Potion"},{"floor":18,"key":"EssenceOfSteel"},{"floor":28,"key":"Poison Potion"},{"floor":30,"key":"Swift Potion"},{"floor":31,"key":"EntropicBrew"},{"floor":31,"key":"Fire Potion"},{"floor":33,"key":"Energy Potion"}],"is_trial":false}