{"path_per_floor":["M","?","M","?","M","R","M","R","T","E","?","$","M","?","R","B",null,"M","M","?","$","M","R","E","$","T","M","?","M","?","M","R","B",null,"M","M","M"],"character_chosen":"DEFECT","items_purchased":["Capacitor"],"gold_per_floor":[15,15,25,25,49,49,72,72,127,158,158,30,54,54,54,180,180,195,219,219,119,140,140,173,48,48,71,71,91,91,104,104,206,206,224,238,255,255],"floor_reached":38,"campfire_rested":0,"playtime":2484,"current_hp_per_floor":[75,60,58,58,58,58,53,53,53,47,47,47,43,43,43,38,69,54,54,54,54,49,49,41,41,41,50,50,36,36,29,29,40,69,69,60,69,0],"items_purged":["Strike_B","Strike_B","Defend_B"],"gold":255,"score":458,"play_id":"3bc06bf3-65d5-4e32-a929-5499629b7f10","local_time":"20180506210420","is_prod":false,"is_daily":false,"chose_seed":false,"is_ascension_mode":true,"campfire_upgraded":5,"timestamp":1525611860,"path_taken":["M","?","M","?","M","R","M","R","T","E","?","$","M","?","R","BOSS","M","M","?","$","M","R","E","$","T","M","?","M","?","?","R","BOSS","M","M","?","M"],"build_version":"2018-05-03","seed_source_timestamp":0,"purchased_purges":3,"victory":false,"master_deck":["Strike_B+1","Defend_B","Defend_B","Defend_B+1","Zap+1","Dualcast","Rainbow+1","Conserve Battery","Coolheaded+1","Capacitor+1","Glacier","Redo","Barrage+1","Undo+1","Self Repair","FTL","Hologram+1","Prime","Impulse+1"],"max_hp_per_floor":[75,75,75,69,69,69,69,69,69,69,69,69,69,69,69,69,69,69,69,69,69,69,69,69,69,69,69,69,69,69,69,69,69,69,69,69,69,69],"relics":["Cracked Core","Bloody Idol","Omamori","DataDisk","Art of War","Runic Dome","Shuriken","Ornamental Fan","Inserter"],"card_choices":[{"not_picked":["Thunder Strike","Reboot"],"picked":"Rainbow","floor":0.0},{"not_picked":["Turbo","Go for the Eyes"],"picked":"Conserve Battery","floor":1.0},{"not_picked":["Impulse","Hello World"],"picked":"Coolheaded","floor":3.0},{"not_picked":["Impulse","Cold Snap"],"picked":"Glacier","floor":13.0},{"not_picked":["Rainbow","Fusion"],"picked":"Redo","floor":16.0},{"not_picked":["Chill","Ball Lightning"],"picked":"Barrage","floor":19.0},{"not_picked":["Cold Snap","Double Energy"],"picked":"Undo","floor":22.0},{"not_picked":["Tempest","Chill"],"picked":"Self Repair","floor":27.0},{"not_picked":["Coolheaded","Loop"],"picked":"FTL","floor":29.0},{"not_picked":["Streamline","Sweeping Beam"],"picked":"Hologram","floor":31.0},{"not_picked":["Rainbow","Nova"],"picked":"Prime","floor":33.0},{"not_picked":["Capacitor","Go for the Eyes"],"picked":"Impulse","floor":37}],"player_experience":344568,"potions_floor_usage":[37],"damage_taken":[{"damage":0.0,"enemies":"Cultist","floor":1.0,"turns":3.0},{"damage":2.0,"enemies":"Jaw Worm","floor":3.0,"turns":3.0},{"damage":0.0,"enemies":"Small Slimes","floor":5.0,"turns":3.0},{"damage":5.0,"enemies":"2 Fungi Beasts","floor":7.0,"turns":3.0},{"damage":6.0,"enemies":"Lagavulin","floor":10.0,"turns":6.0},{"damage":4.0,"enemies":"3 Louse","floor":13.0,"turns":2.0},{"damage":5.0,"enemies":"The Guardian","floor":16.0,"turns":11.0},{"damage":15.0,"enemies":"Chosen","floor":18.0,"turns":5.0},{"damage":0.0,"enemies":"Shell Parasite","floor":19.0,"turns":5.0},{"damage":5.0,"enemies":"3 Cultists","floor":22.0,"turns":5.0},{"damage":8.0,"enemies":"Book of Stabbing","floor":24.0,"turns":5.0},{"damage":0.0,"enemies":"Centurion and Healer","floor":27.0,"turns":5.0},{"damage":24.0,"enemies":"Snake Plant","floor":29.0,"turns":4.0},{"damage":19.0,"enemies":"Sentry and Sphere","floor":31.0,"turns":5.0},{"damage":34.0,"enemies":"Automaton","floor":33.0,"turns":9.0},{"damage":5,"enemies":"3 Shapes","floor":35,"turns":6},{"damage":39,"enemies":"3 Darklings","floor":36,"turns":5},{"damage":13,"enemies":"Spire Growth","floor":37,"turns":5},{"damage":76,"enemies":"Flame Bruiser 2 Orb","floor":38,"turns":2}],"event_choices":[{"event_name":"Shining Light","player_choice":"Entered Light","floor":2.0,"damage_taken":0.0},{"event_name":"Golden Idol","player_choice":"Lose Max HP","floor":4.0,"damage_taken":0.0},{"event_name":"Accursed Blacksmith","player_choice":"Rummage","floor":11.0,"damage_taken":0.0},{"event_name":"Purifier","player_choice":"One Purge","floor":14.0,"damage_taken":0.0},{"event_name":"Upgrade Shrine","player_choice":"Upgraded","floor":20.0,"damage_taken":0.0},{"event_name":"Drug Dealer","player_choice":"Ignored","floor":28.0,"damage_taken":0.0},{"event_name":"Forgotten Altar","player_choice":"Gave Idol","floor":30.0,"damage_taken":0.0}],"boss_relics":[{"not_picked":["Calling Bell","Black Star"],"picked":"Inserter"}],"potions_floor_spawned":[1,10,16,24,29,31,35,36],"seed_played":"5845972463528411726","killed_by":"Flame Bruiser 2 Orb","ascension_level":3,"is_trial":false}