{"gold_per_floor":[115,115,138,69,92,92,131,131,202,217,261,261,274,298,298,298],"floor_reached":16,"playtime":719,"items_purged":[],"score":182,"play_id":"c6256977-b9e3-4237-87b7-f4743b9f2106","local_time":"20180919180101","is_ascension_mode":true,"campfire_choices":[{"floor":6,"key":"REST"},{"floor":8,"key":"REST"},{"floor":12,"key":"REST"},{"floor":15,"key":"REST"}],"neow_cost":"","seed_source_timestamp":430232225757845,"circlet_count":0,"master_deck":["Strike_B","Strike_B","Strike_B","Strike_B","Defend_B","Defend_B","Defend_B","Defend_B","Zap","Dualcast","AscendersBane","Storm","Injury","FTL","Storm","Defragment","White Noise","Heatsinks","Barrage","Self Repair"],"relics":["Cracked Core","Golden Idol","Vajra","Letter Opener","Dodecahedron","WingedGreaves"],"potions_floor_usage":[11,14,16],"damage_taken":[{"damage":2,"enemies":"2 Louse","floor":1,"turns":3},{"damage":9,"enemies":"Jaw Worm","floor":3,"turns":5},{"damage":25,"enemies":"Lagavulin","floor":7,"turns":6},{"damage":7,"enemies":"Small Slimes","floor":10,"turns":3},{"damage":45,"enemies":"3 Sentries","floor":11,"turns":6},{"damage":35,"enemies":"Gremlin Gang","floor":13,"turns":3},{"damage":9,"enemies":"Red Slaver","floor":14,"turns":2},{"damage":29,"enemies":"The Guardian","floor":16,"turns":7}],"seed_played":"-5557135315670595885","potions_obtained":[{"floor":10,"key":"Fruit Juice"},{"floor":13,"key":"Explosive Potion"},{"floor":14,"key":"Energy Potion"}],"is_trial":false,"path_per_floor":["M","?","M","$","T","R","E","R","T","M","E","R","M","M","R"],"character_chosen":"DEFECT","items_purchased":["Storm"],"campfire_rested":4,"item_purchase_floors":[4],"current_hp_per_floor":[66,66,57,57,57,75,50,72,72,65,25,49,14,5,29,0],"gold":298,"neow_bonus":"","is_prod":false,"is_daily":false,"chose_seed":false,"campfire_upgraded":0,"win_rate":0,"timestamp":1537369261,"path_taken":["M","?","?","$","?","R","E","R","T","?","E","R","?","M","R","BOSS"],"build_version":"2018-09-06","purchased_purges":0,"victory":false,"max_hp_per_floor":[75,75,75,75,75,75,75,75,75,75,80,80,80,80,80,80],"card_choices":[{"not_picked":["Coolheaded","Darkness"],"picked":"Storm","floor":1},{"not_picked":["Hologram","Reinforced Body"],"picked":"FTL","floor":3},{"not_picked":["Hyperbeam","Streamline"],"picked":"Defragment","floor":7},{"not_picked":["Ball Lightning","Sweeping Beam"],"picked":"White Noise","floor":10},{"not_picked":["Ball Lightning","Turbo"],"picked":"Heatsinks","floor":11},{"not_picked":["Streamline","Steam"],"picked":"Barrage","floor":13},{"not_picked":["Beam Cell","Ball Lightning"],"picked":"Self Repair","floor":14}],"player_experience":713694,"relics_obtained":[{"floor":5,"key":"Vajra"},{"floor":7,"key":"Letter Opener"},{"floor":9,"key":"Dodecahedron"},{"floor":11,"key":"WingedGreaves"}],"event_choices":[{"event_name":"Golden Idol","player_choice":"Take Wound","floor":2,"damage_taken":0}],"is_beta":false,"boss_relics":[],"items_purged_floors":[],"is_endless":false,"potions_floor_spawned":[10,13,14],"killed_by":"The Guardian","ascension_level":13}