{"gold_per_floor":[109,55,80,80,100,100,135,135,135,162,178,178,178,178,178,255,255,275,200,232,248,248,248,260,260,260,286,303,34,46,64,64,138,138,156,156,173,173,71,71,99,99,126,136,136,169,187,216,216,216,216,216,216,1,31,31],"floor_reached":56,"playtime":2925,"items_purged":["Defend_B"],"score":2102,"play_id":"b33314a0-21d7-4a5b-841f-69820ec4768b","local_time":"20190213120154","is_ascension_mode":true,"campfire_choices":[{"data":"Zap","floor":6,"key":"SMITH"},{"data":"Capacitor","floor":8,"key":"SMITH"},{"data":"Biased Cognition","floor":12,"key":"SMITH"},{"data":"Strike_B","floor":15,"key":"SMITH"},{"data":"Dualcast","floor":23,"key":"SMITH"},{"floor":25,"key":"REST"},{"data":"Blizzard","floor":32,"key":"SMITH"},{"data":"Reboot","floor":40,"key":"SMITH"},{"data":"Coolheaded","floor":42,"key":"SMITH"},{"data":"Panacea","floor":45,"key":"SMITH"},{"floor":49,"key":"RECALL"},{"data":"Capacitor","floor":53,"key":"SMITH"}],"neow_cost":"NONE","seed_source_timestamp":89869266104500,"circlet_count":0,"master_deck":["AscendersBane","Strike_B","Strike_B","Strike_B+1","Strike_B+1","Zap+1","Dualcast+1","Coolheaded+1","Capacitor+1","Glacier","Biased Cognition+1","Core Surge","Barrage","Gash","Stack","Reboot+1","Chill","Cold Snap","Capacitor+1","Turbo","White Noise","Blizzard+1","Echo Form","Panacea+1","Purity","Coolheaded"],"relics":["Cracked Core","NeowsBlessing","Blood Vial","Gambling Chip","Pear","Matryoshka","Boot","DataDisk","Potion Belt","Empty Cage","Red Mask","Bag of Marbles","PreservedInsect","Happy Flower","Runic Dome","Strawberry","Centennial Puzzle","Dodecahedron","Pen Nib","Art of War","Vajra"],"potions_floor_usage":[16,16,21,33,44,55,55,56,56],"damage_taken":[{"damage":0,"enemies":"Cultist","floor":1,"turns":1},{"damage":0,"enemies":"Jaw Worm","floor":5,"turns":1},{"damage":0,"enemies":"Lagavulin","floor":7,"turns":1},{"damage":0,"enemies":"2 Louse","floor":11,"turns":2},{"damage":63,"enemies":"Slime Boss","floor":16,"turns":10},{"damage":3,"enemies":"Chosen","floor":18,"turns":4},{"damage":29,"enemies":"Masked Bandits","floor":20,"turns":4},{"damage":11,"enemies":"2 Thieves","floor":21,"turns":4},{"damage":4,"enemies":"3 Cultists","floor":24,"turns":5},{"damage":15,"enemies":"Gremlin Leader","floor":27,"turns":6},{"damage":3,"enemies":"Shelled Parasite and Fungi","floor":28,"turns":5},{"damage":2,"enemies":"Snecko","floor":30,"turns":6},{"damage":0,"enemies":"3 Cultists","floor":31,"turns":6},{"damage":0,"enemies":"Champ","floor":33,"turns":11},{"damage":0,"enemies":"3 Shapes","floor":35,"turns":4},{"damage":0,"enemies":"3 Darklings","floor":37,"turns":5},{"damage":0,"enemies":"Nemesis","floor":41,"turns":7},{"damage":10,"enemies":"Writhing Mass","floor":44,"turns":6},{"damage":6,"enemies":"Giant Head","floor":46,"turns":7},{"damage":0,"enemies":"4 Shapes","floor":47,"turns":7},{"damage":13,"enemies":"Nemesis","floor":48,"turns":8},{"damage":14,"enemies":"Time Eater","floor":50,"turns":12},{"damage":22,"enemies":"Awakened One","floor":51,"turns":13},{"damage":76,"enemies":"Shield and Spear","floor":55,"turns":7},{"damage":4,"enemies":"The Heart","floor":56,"turns":2}],"seed_played":"-1757759235103825907","potions_obtained":[{"floor":1,"key":"Poison Potion"},{"floor":7,"key":"Swift Potion"},{"floor":16,"key":"FocusPotion"},{"floor":21,"key":"Fruit Juice"},{"floor":28,"key":"Poison Potion"},{"floor":31,"key":"PowerPotion"},{"floor":41,"key":"Regen Potion"},{"floor":44,"key":"Poison Potion"},{"floor":47,"key":"FocusPotion"}],"is_trial":false,"path_per_floor":["M","$","T","?","M","R","E","R","T","T","M","R","?","?","R","B",null,"M","?","?","M","?","R","M","R","T","E","M","$","M","M","R","B",null,"M","?","M","?","?","R","E","R","T","M","R","E","M","E","R","B","B",null,"R","$","E","B"],"character_chosen":"DEFECT","items_purchased":["Coolheaded","Capacitor","Turbo","White Noise","Art of War","Coolheaded"],"campfire_rested":1,"item_purchase_floors":[2,29,29,29,54,54],"current_hp_per_floor":[64,64,64,53,55,55,67,67,67,67,69,69,69,69,69,8,63,62,62,35,31,31,31,29,54,54,41,40,40,40,42,42,44,76,78,78,80,70,77,77,79,79,79,86,86,82,84,73,73,61,41,77,77,77,3,1],"gold":31,"neow_bonus":"THREE_ENEMY_KILL","is_prod":false,"is_daily":false,"chose_seed":false,"campfire_upgraded":10,"win_rate":0,"timestamp":1550026914,"path_taken":["M","$","?","?","M","R","E","R","T","?","M","R","?","?","R","BOSS","M","?","?","M","?","R","M","R","T","E","M","$","?","M","R","BOSS","M","?","M","?","?","R","E","R","T","M","R","E","?","E","R","BOSS","BOSS","R","$","E","BOSS"],"build_version":"2019-01-23","purchased_purges":1,"victory":false,"max_hp_per_floor":[71,71,71,71,71,71,81,81,81,81,81,81,81,81,81,81,81,81,81,81,86,86,86,86,86,86,86,86,86,86,86,86,86,86,86,82,82,82,89,89,89,89,89,89,89,89,89,89,89,89,89,89,89,89,89,89],"card_choices":[{"not_picked":["Blizzard","Rebound","Recycle"],"picked":"SKIP","floor":1},{"not_picked":["Compile Driver","Conserve Battery"],"picked":"Capacitor","floor":5},{"not_picked":["Leap","Ball Lightning"],"picked":"Glacier","floor":7},{"not_picked":["Reinforced Body","Rebound"],"picked":"Biased Cognition","floor":11},{"not_picked":["Fission","Multi-Cast"],"picked":"Core Surge","floor":16},{"not_picked":["Go for the Eyes","Redo"],"picked":"Barrage","floor":18},{"not_picked":["Steam Power","Ball Lightning"],"picked":"Gash","floor":21},{"not_picked":["Force Field","Leap"],"picked":"Reboot","floor":24},{"not_picked":["Leap","Rip and Tear"],"picked":"Chill","floor":27},{"not_picked":["Stack","Rebound"],"picked":"Cold Snap","floor":28},{"not_picked":["Darkness","Redo","Compile Driver+1"],"picked":"SKIP","floor":30},{"not_picked":["Chaos","Aggregate"],"picked":"Blizzard","floor":31},{"not_picked":["Meteor Strike","Hyperbeam"],"picked":"Echo Form","floor":33},{"not_picked":["Rip and Tear+1","Leap+1","Stack"],"picked":"SKIP","floor":35},{"not_picked":["Redo","Ball Lightning","Gash"],"picked":"SKIP","floor":37},{"not_picked":["Flash of Steel","Transmutation"],"picked":"Panacea","floor":38},{"not_picked":["Mind Blast","Finesse"],"picked":"Purity","floor":38},{"not_picked":["Hello World","Scrape","Rebound"],"picked":"SKIP","floor":41},{"not_picked":["Doom and Gloom","Steam","Go for the Eyes"],"picked":"SKIP","floor":44},{"not_picked":["Conserve Battery","Multi-Cast","Cold Snap"],"picked":"SKIP","floor":46},{"not_picked":["Reprogram","Darkness+1","Sweeping Beam+1"],"picked":"SKIP","floor":47},{"not_picked":["Sweeping Beam","FTL","Cold Snap"],"picked":"SKIP","floor":48},{"not_picked":["Conserve Battery","Recycle","Steam"],"picked":"SKIP","floor":55}],"player_experience":1544753,"relics_obtained":[{"floor":3,"key":"Blood Vial"},{"floor":7,"key":"Pear"},{"floor":9,"key":"Matryoshka"},{"floor":10,"key":"Boot"},{"floor":10,"key":"DataDisk"},{"floor":20,"key":"Red Mask"},{"floor":26,"key":"Bag of Marbles"},{"floor":26,"key":"PreservedInsect"},{"floor":27,"key":"Happy Flower"},{"floor":41,"key":"Centennial Puzzle"},{"floor":46,"key":"Dodecahedron"},{"floor":48,"key":"Pen Nib"},{"floor":55,"key":"Vajra"}],"event_choices":[{"damage_healed":0,"gold_gain":0,"player_choice":"Success","damage_taken":11,"relics_obtained":["Gambling Chip"],"max_hp_gain":0,"max_hp_loss":0,"event_name":"Scrap Ooze","floor":4,"gold_loss":0},{"damage_healed":0,"gold_gain":0,"player_choice":"Box","damage_taken":0,"relics_obtained":["Potion Belt"],"max_hp_gain":0,"max_hp_loss":0,"event_name":"Big Fish","floor":13,"gold_loss":0,"cards_obtained":["Regret"]},{"damage_healed":0,"gold_gain":0,"player_choice":"Upgraded","damage_taken":0,"max_hp_gain":0,"max_hp_loss":0,"event_name":"Upgrade Shrine","floor":14,"gold_loss":0,"cards_upgraded":["Strike_B"]},{"cards_removed":["Defend_B"],"damage_healed":0,"gold_gain":0,"player_choice":"Gave Gold","damage_taken":0,"max_hp_gain":0,"max_hp_loss":0,"event_name":"Beggar","floor":19,"gold_loss":75},{"damage_healed":0,"gold_gain":0,"player_choice":"Fought Bandits","damage_taken":0,"max_hp_gain":0,"max_hp_loss":0,"event_name":"Masked Bandits","floor":20,"gold_loss":0},{"damage_healed":0,"gold_gain":0,"cards_transformed":["Defend_B"],"player_choice":"Transformed","damage_taken":0,"max_hp_gain":0,"max_hp_loss":0,"event_name":"Transmorgrifier","floor":22,"gold_loss":0,"cards_obtained":["Stack"]},{"damage_healed":0,"gold_gain":0,"player_choice":"Max HP","damage_taken":0,"max_hp_gain":0,"max_hp_loss":4,"event_name":"Winding Halls","floor":36,"gold_loss":0},{"damage_healed":0,"gold_gain":0,"player_choice":"Memory 3","damage_taken":10,"max_hp_gain":0,"max_hp_loss":0,"event_name":"SensoryStone","floor":38,"gold_loss":0},{"damage_healed":0,"gold_gain":0,"player_choice":"Paid Gold","damage_taken":0,"relics_obtained":["Strawberry"],"max_hp_gain":0,"max_hp_loss":0,"event_name":"WeMeetAgain","floor":39,"gold_loss":102}],"is_beta":false,"boss_relics":[{"not_picked":["Orrery","Snecko Eye"],"picked":"Empty Cage"},{"not_picked":["Coffee Dripper","Sozu"],"picked":"Runic Dome"}],"items_purged_floors":[29],"is_endless":false,"potions_floor_spawned":[1,7,16,21,28,31,41,44,47],"killed_by":"The Heart","ascension_level":20}