{"gold_per_floor":[116,116,116,130,148,148,205,233,233,233],"floor_reached":10,"playtime":239,"items_purged":[],"score":132,"play_id":"b5213602-6dab-4362-86ae-b5799803dab6","local_time":"20190406134634","is_ascension_mode":true,"campfire_choices":[{"data":"Sunder","floor":6,"key":"SMITH"}],"neow_cost":"NONE","seed_source_timestamp":701031705035200,"circlet_count":0,"master_deck":["AscendersBane","Strike_B","Strike_B","Strike_B","Defend_B","Defend_B","Defend_B","Defend_B","Zap+1","Dualcast","Cold Snap","Sunder+1","Chill","Coolheaded","Cold Snap"],"relics":["Cracked Core","NeowsBlessing","Singing Bowl","Anchor"],"potions_floor_usage":[7,10],"damage_taken":[{"damage":0,"enemies":"Jaw Worm","floor":1,"turns":1},{"damage":0,"enemies":"Cultist","floor":4,"turns":1},{"damage":0,"enemies":"2 Louse","floor":5,"turns":1},{"damage":25,"enemies":"Lagavulin Event","floor":7,"turns":6},{"damage":8,"enemies":"3 Sentries","floor":8,"turns":8},{"damage":39,"enemies":"Gremlin Nob","floor":10,"turns":4}],"seed_played":"747478615400905403","potions_obtained":[{"floor":4,"key":"Weak Potion"},{"floor":8,"key":"AttackPotion"}],"is_trial":false,"path_per_floor":["M","?","?","M","M","R","?","E","T","E"],"character_chosen":"DEFECT","items_purchased":[],"campfire_rested":0,"item_purchase_floors":[],"current_hp_per_floor":[64,57,57,57,57,57,32,24,24,0],"gold":233,"neow_bonus":"THREE_ENEMY_KILL","is_prod":false,"is_daily":false,"chose_seed":false,"campfire_upgraded":1,"win_rate":0,"timestamp":1554525994,"path_taken":["M","?","?","?","M","R","?","E","T","E"],"build_version":"2019-01-23","purchased_purges":0,"victory":false,"max_hp_per_floor":[71,71,71,71,71,71,71,71,71,71],"card_choices":[{"not_picked":["Ball Lightning","Beam Cell"],"picked":"Cold Snap","floor":1},{"not_picked":["Conserve Battery","FTL"],"picked":"Sunder","floor":4},{"not_picked":["Steam","Rebound"],"picked":"Chill","floor":5},{"not_picked":["Hologram","Fission"],"picked":"Coolheaded","floor":7},{"not_picked":["All For One","Streamline"],"picked":"Cold Snap","floor":8}],"player_experience":2910173,"relics_obtained":[{"floor":7,"key":"Singing Bowl"},{"floor":8,"key":"Anchor"}],"event_choices":[{"cards_removed":["Strike_B"],"damage_healed":0,"gold_gain":0,"player_choice":"Card Removal","damage_taken":7,"max_hp_gain":0,"max_hp_loss":0,"event_name":"Golden Wing","floor":2,"gold_loss":0},{"damage_healed":0,"gold_gain":0,"player_choice":"Upgraded","damage_taken":0,"max_hp_gain":0,"max_hp_loss":0,"event_name":"Upgrade Shrine","floor":3,"gold_loss":0,"cards_upgraded":["Zap"]},{"damage_healed":0,"gold_gain":0,"player_choice":"Searched \u00271\u0027 times","damage_taken":0,"max_hp_gain":0,"max_hp_loss":0,"event_name":"Dead Adventurer","floor":7,"gold_loss":0}],"is_beta":false,"boss_relics":[],"items_purged_floors":[],"is_endless":false,"potions_floor_spawned":[4,8],"killed_by":"Gremlin Nob","ascension_level":20}