{"gold_per_floor":[17,17,17,38,52,52,90,90,90,121,121,161,181,205,205,299,299,324,317,317,317,328,328,360,360,411,424,436,436,468,146,146,146],"floor_reached":33,"playtime":2157,"items_purged":["Defend_R"],"score":528,"play_id":"dc673e5f-e328-4a7a-9aa5-d44fa955f460","local_time":"20181121150719","is_ascension_mode":true,"campfire_choices":[{"data":"Metallicize","floor":6,"key":"SMITH"},{"data":"Disarm","floor":8,"key":"SMITH"},{"data":"Uppercut","floor":15,"key":"SMITH"},{"data":"Flame Barrier","floor":23,"key":"SMITH"},{"data":"Impervious","floor":25,"key":"SMITH"},{"data":"Rampage","floor":29,"key":"SMITH"},{"data":"True Grit","floor":32,"key":"SMITH"}],"neow_cost":"NO_GOLD","seed_source_timestamp":974214436430444,"circlet_count":0,"master_deck":["AscendersBane","Defend_R","Metallicize+1","Flame Barrier+1","Clothesline","Disarm+1","Uppercut+1","Evolve+1","Impervious+1","Armaments+1","Bite","Bite","Bite","Bite","Bite","Inflame+1","Rampage+1","Battle Trance","Feel No Pain+1","True Grit+1"],"relics":["Burning Blood","Bloody Idol","Dead Branch","Frozen Egg 2","Self Forming Clay","Question Card","Philosopher\u0027s Stone","Turnip","Dream Catcher","Ancient Tea Set","Sling"],"potions_floor_usage":[7,13,16,16,19,30],"damage_taken":[{"damage":10,"enemies":"Small Slimes","floor":1,"turns":3},{"damage":2,"enemies":"Cultist","floor":4,"turns":4},{"damage":0,"enemies":"2 Louse","floor":5,"turns":4},{"damage":21,"enemies":"Gremlin Nob","floor":7,"turns":5},{"damage":35,"enemies":"3 Sentries","floor":10,"turns":8},{"damage":27,"enemies":"Gremlin Nob","floor":12,"turns":6},{"damage":10,"enemies":"2 Fungi Beasts","floor":13,"turns":5},{"damage":5,"enemies":"Blue Slaver","floor":14,"turns":4},{"damage":12,"enemies":"Hexaghost","floor":16,"turns":11},{"damage":19,"enemies":"Shell Parasite","floor":18,"turns":7},{"damage":12,"enemies":"2 Thieves","floor":19,"turns":4},{"damage":25,"enemies":"Centurion and Healer","floor":22,"turns":9},{"damage":9,"enemies":"Book of Stabbing","floor":24,"turns":8},{"damage":36,"enemies":"3 Cultists","floor":27,"turns":7},{"damage":28,"enemies":"Snake Plant","floor":28,"turns":3},{"damage":18,"enemies":"Gremlin Leader","floor":30,"turns":7},{"damage":76,"enemies":"Automaton","floor":33,"turns":12}],"seed_played":"-4600622623384993437","potions_obtained":[{"floor":4,"key":"Poison Potion"},{"floor":5,"key":"BloodPotion"},{"floor":12,"key":"SkillPotion"},{"floor":14,"key":"Explosive Potion"},{"floor":18,"key":"Block Potion"},{"floor":28,"key":"Weak Potion"}],"is_trial":false,"path_per_floor":["M","?","?","M","M","R","E","R","T","E","?","E","M","M","R","B",null,"M","M","?","?","M","R","E","R","T","M","M","R","E","$","R","B"],"character_chosen":"IRONCLAD","items_purchased":["True Grit","Sling"],"campfire_rested":0,"item_purchase_floors":[31,31],"current_hp_per_floor":[68,68,73,77,79,79,64,64,64,35,35,14,10,11,11,12,62,49,43,43,43,55,55,55,55,55,50,37,37,48,48,48,0],"gold":146,"neow_bonus":"REMOVE_TWO","is_prod":false,"is_daily":false,"chose_seed":false,"campfire_upgraded":7,"win_rate":0,"timestamp":1542784039,"path_taken":["M","?","?","M","M","R","E","R","T","E","?","E","M","?","R","BOSS","M","M","?","?","M","R","E","R","T","M","M","R","E","$","R","BOSS"],"build_version":"2018-11-15","purchased_purges":1,"victory":false,"max_hp_per_floor":[80,74,79,79,79,79,79,79,79,79,79,79,79,79,79,79,79,79,79,79,55,55,55,55,55,55,55,55,55,55,55,55,55],"card_choices":[{"not_picked":["Warcry","Ghostly Armor"],"picked":"Metallicize","floor":1},{"not_picked":["Warcry","Heavy Blade"],"picked":"Flame Barrier","floor":4},{"not_picked":["Sword Boomerang","Havoc"],"picked":"Clothesline","floor":5},{"not_picked":["Searing Blow","Intimidate"],"picked":"Disarm","floor":7},{"not_picked":["Dual Wield","Thunderclap"],"picked":"Uppercut","floor":10},{"not_picked":["Heavy Blade","Perfected Strike","Clothesline"],"picked":"SKIP","floor":12},{"not_picked":["Double Tap","Headbutt","Twin Strike"],"picked":"Evolve+1","floor":13},{"not_picked":["Fire Breathing+1","Flex","Wild Strike","Pummel"],"picked":"SKIP","floor":14},{"not_picked":["Offering","Limit Break","Berserk+1"],"picked":"Impervious","floor":16},{"not_picked":["Rage","Perfected Strike","Ghostly Armor","Havoc+1"],"picked":"SKIP","floor":18},{"not_picked":["Anger","Second Wind+1","Flame Barrier"],"picked":"Armaments+1","floor":19},{"not_picked":["Fire Breathing+1","Entrench","Sever Soul","Warcry"],"picked":"SKIP","floor":22},{"not_picked":["Armaments","Shockwave+1","Combust+1"],"picked":"Inflame+1","floor":24},{"not_picked":["Warcry","Perfected Strike+1","Inflame+1"],"picked":"Rampage","floor":27},{"not_picked":["Clothesline","Fire Breathing+1","Inflame+1"],"picked":"Battle Trance","floor":28},{"not_picked":["Reaper","Shockwave","Armaments"],"picked":"Feel No Pain+1","floor":30}],"player_experience":528702,"relics_obtained":[{"floor":7,"key":"Dead Branch"},{"floor":9,"key":"Frozen Egg 2"},{"floor":10,"key":"Self Forming Clay"},{"floor":12,"key":"Question Card"},{"floor":24,"key":"Turnip"},{"floor":26,"key":"Dream Catcher"},{"floor":30,"key":"Ancient Tea Set"}],"event_choices":[{"damage_healed":0,"gold_gain":0,"player_choice":"Lose Max HP","damage_taken":0,"relics_obtained":["Golden Idol"],"max_hp_gain":0,"max_hp_loss":6,"event_name":"Golden Idol","floor":2,"gold_loss":0},{"damage_healed":0,"gold_gain":0,"player_choice":"Donut","damage_taken":0,"max_hp_gain":5,"max_hp_loss":0,"event_name":"Big Fish","floor":3,"gold_loss":0},{"cards_removed":["Bash"],"damage_healed":0,"gold_gain":0,"player_choice":"Purged","damage_taken":0,"max_hp_gain":0,"max_hp_loss":0,"event_name":"Purifier","floor":11,"gold_loss":0},{"damage_healed":0,"gold_gain":0,"player_choice":"Gave Idol","damage_taken":0,"relics_obtained":["Bloody Idol"],"max_hp_gain":0,"max_hp_loss":0,"event_name":"Forgotten Altar","floor":20,"relics_lost":["Golden Idol"],"gold_loss":0},{"damage_healed":0,"gold_gain":0,"player_choice":"Became a vampire","damage_taken":0,"max_hp_gain":0,"max_hp_loss":24,"event_name":"Vampires","floor":21,"gold_loss":0,"cards_obtained":["Bite","Bite","Bite","Bite","Bite"]}],"is_beta":true,"boss_relics":[{"not_picked":["Empty Cage","Velvet Choker"],"picked":"Philosopher\u0027s Stone"}],"items_purged_floors":[31],"is_endless":false,"potions_floor_spawned":[4,5,12,14,18,28],"killed_by":"Automaton","ascension_level":13}