{"gold_per_floor":[112,112,122,122,141,172,172,204,204,204],"floor_reached":10,"playtime":202,"items_purged":[],"score":152,"play_id":"4566957d-f1d5-4aaa-9969-3be875269164","local_time":"20190418182729","is_ascension_mode":true,"campfire_choices":[{"data":"Whirlwind","floor":7,"key":"SMITH"}],"neow_cost":"NONE","seed_source_timestamp":225270092062800,"circlet_count":0,"master_deck":["AscendersBane","Strike_R","Strike_R","Strike_R","Strike_R","Strike_R","Defend_R","Defend_R","Defend_R","Defend_R","Bash","Perfected Strike","Pommel Strike","Whirlwind+1","Wild Strike"],"relics":["Burning Blood","NeowsBlessing","Pear","Kunai","Incense Burner","Matryoshka","Dream Catcher","Bottled Flame"],"potions_floor_usage":[],"damage_taken":[{"damage":0,"enemies":"Jaw Worm","floor":1,"turns":1},{"damage":0,"enemies":"Cultist","floor":3,"turns":1},{"damage":0,"enemies":"2 Louse","floor":5,"turns":1},{"damage":56,"enemies":"Gremlin Nob","floor":6,"turns":5},{"damage":25,"enemies":"3 Sentries","floor":8,"turns":5},{"damage":8,"enemies":"Gremlin Nob","floor":10,"turns":3}],"seed_played":"4009153844376831919","potions_obtained":[{"floor":1,"key":"AttackPotion"}],"is_trial":false,"path_per_floor":["M","?","M","?","M","E","R","E","T","E"],"character_chosen":"IRONCLAD","items_purchased":[],"campfire_rested":0,"item_purchase_floors":[],"current_hp_per_floor":[74,84,85,74,80,30,30,11,11,3],"gold":204,"neow_bonus":"THREE_ENEMY_KILL","is_prod":false,"is_daily":false,"chose_seed":false,"campfire_upgraded":1,"win_rate":0,"timestamp":1555579649,"path_taken":["M","?","?","?","M","E","R","E","T","E"],"build_version":"2019-01-23","purchased_purges":0,"victory":false,"max_hp_per_floor":[75,85,85,85,85,85,85,85,85,85],"card_choices":[{"not_picked":["Dual Wield","Iron Wave"],"picked":"Perfected Strike","floor":1},{"not_picked":["Shrug It Off","Rupture"],"picked":"Pommel Strike","floor":3},{"not_picked":["Hemokinesis","Bloodletting","Rampage"],"picked":"SKIP","floor":5},{"not_picked":["Rupture","Flame Barrier"],"picked":"Whirlwind","floor":6},{"not_picked":["Flex","Havoc"],"picked":"Wild Strike","floor":8}],"player_experience":3211901,"relics_obtained":[{"floor":6,"key":"Incense Burner"},{"floor":8,"key":"Matryoshka"},{"floor":9,"key":"Dream Catcher"},{"floor":9,"key":"Bottled Flame"}],"event_choices":[{"damage_healed":0,"gold_gain":0,"player_choice":"Gave Potion","damage_taken":0,"relics_obtained":["Pear"],"max_hp_gain":0,"max_hp_loss":0,"event_name":"WeMeetAgain","floor":2,"gold_loss":0},{"damage_healed":0,"gold_gain":0,"player_choice":"Success","damage_taken":11,"relics_obtained":["Kunai"],"max_hp_gain":0,"max_hp_loss":0,"event_name":"Scrap Ooze","floor":4,"gold_loss":0}],"is_beta":false,"boss_relics":[],"items_purged_floors":[],"is_endless":false,"potions_floor_spawned":[1],"killed_by":"Gremlin Nob","ascension_level":20}