{"gold_per_floor":[365,50,69,69,25,25,53,11,11,46,65,75,75,100,100,179,179,191,34,44,44,61,61,77,77,77,27,27,38,38,63,63,63],"floor_reached":33,"playtime":1147,"items_purged":["Strike_R"],"score":566,"play_id":"0524453c-ef22-4209-9d22-f60e048296d7","local_time":"20190411200501","is_ascension_mode":true,"campfire_choices":[{"floor":6,"key":"REST"},{"floor":13,"key":"REST"},{"data":"Demon Form","floor":15,"key":"SMITH"},{"data":"Armaments","floor":23,"key":"SMITH"},{"data":"Immolate","floor":25,"key":"SMITH"},{"floor":30,"key":"REST"},{"data":"Evolve","floor":32,"key":"SMITH"}],"neow_cost":"PERCENT_DAMAGE","seed_source_timestamp":410086358792000,"circlet_count":0,"master_deck":["AscendersBane","Strike_R","Strike_R","Strike_R+1","Strike_R","Defend_R","Defend_R","Defend_R","Defend_R","Bash+1","Armaments+1","Evolve+1","Demon Form+1","Shrug It Off","Shrug It Off","Immolate+1","Bludgeon","Flame Barrier","Shockwave+1"],"relics":["Burning Blood","Membership Card","Regal Pillow","Ornamental Fan","Pantograph","Blood Vial","Snecko Eye","Gambling Chip","Smiling Mask","Mummified Hand"],"potions_floor_usage":[7,10,12,33],"damage_taken":[{"damage":6,"enemies":"Cultist","floor":1,"turns":3},{"damage":3,"enemies":"2 Louse","floor":3,"turns":2},{"damage":50,"enemies":"Gremlin Nob","floor":7,"turns":6},{"damage":13,"enemies":"3 Sentries","floor":10,"turns":7},{"damage":7,"enemies":"Jaw Worm","floor":11,"turns":4},{"damage":0,"enemies":"2 Fungi Beasts","floor":12,"turns":6},{"damage":16,"enemies":"Lagavulin","floor":14,"turns":6},{"damage":27,"enemies":"The Guardian","floor":16,"turns":11},{"damage":39,"enemies":"2 Thieves","floor":18,"turns":3},{"damage":9,"enemies":"Spheric Guardian","floor":20,"turns":5},{"damage":14,"enemies":"Snake Plant","floor":22,"turns":3},{"damage":4,"enemies":"Snecko","floor":24,"turns":4},{"damage":8,"enemies":"3 Cultists","floor":29,"turns":3},{"damage":17,"enemies":"Slavers","floor":31,"turns":4},{"damage":81,"enemies":"Automaton","floor":33,"turns":8}],"seed_played":"-3268557711863490559","potions_obtained":[{"floor":3,"key":"Weak Potion"},{"floor":10,"key":"LiquidBronze"},{"floor":11,"key":"Swift Potion"},{"floor":24,"key":"EssenceOfSteel"},{"floor":31,"key":"Strength Potion"}],"is_trial":false,"path_per_floor":["M","$","M","?","$","R","E","$","T","E","M","M","R","E","R","B",null,"M","$","M","?","M","R","M","R","T","$","?","M","R","E","R","B"],"character_chosen":"IRONCLAD","items_purchased":["Membership Card","Regal Pillow","Evolve","Shrug It Off","Energy Potion","Gambling Chip"],"campfire_rested":3,"item_purchase_floors":[2,2,5,8,8,19],"current_hp_per_floor":[50,50,53,30,30,67,23,23,23,16,15,21,58,48,48,54,70,39,39,38,38,32,32,36,36,36,36,36,36,73,64,64,0],"gold":63,"neow_bonus":"TWO_FIFTY_GOLD","is_prod":false,"is_daily":false,"chose_seed":false,"campfire_upgraded":4,"win_rate":0,"timestamp":1554980701,"path_taken":["M","?","M","?","$","R","E","?","T","E","M","M","R","E","R","BOSS","M","$","M","?","M","R","M","R","T","$","?","M","R","E","R","BOSS"],"build_version":"2019-01-23","purchased_purges":1,"victory":false,"max_hp_per_floor":[75,75,75,75,75,75,75,75,75,75,75,75,75,75,75,75,75,75,75,75,75,75,75,75,75,75,75,75,75,75,75,75,75],"card_choices":[{"not_picked":["Anger","Warcry","Wild Strike"],"picked":"SKIP","floor":1},{"not_picked":["Pummel","Bloodletting"],"picked":"Armaments","floor":3},{"not_picked":["Shrug It Off","Flex"],"picked":"Demon Form","floor":7},{"not_picked":["Sword Boomerang","Clothesline","Clash"],"picked":"SKIP","floor":10},{"not_picked":["Flex","Headbutt","Havoc"],"picked":"SKIP","floor":11},{"not_picked":["Twin Strike","Demon Form"],"picked":"Shrug It Off","floor":12},{"not_picked":["Anger","Second Wind","Twin Strike"],"picked":"SKIP","floor":14},{"not_picked":["Feed","Demon Form"],"picked":"Immolate","floor":16},{"not_picked":["Clothesline","Clash","Cleave"],"picked":"SKIP","floor":18},{"not_picked":["Body Slam","Bloodletting","Blood for Blood"],"picked":"SKIP","floor":20},{"not_picked":["Cleave","Pommel Strike"],"picked":"Bludgeon","floor":22},{"not_picked":["Body Slam","Cleave"],"picked":"Flame Barrier","floor":24},{"not_picked":["Disarm","Pommel Strike+1"],"picked":"Shockwave+1","floor":29},{"not_picked":["Pommel Strike","Fire Breathing","Searing Blow"],"picked":"SKIP","floor":31}],"player_experience":3060106,"relics_obtained":[{"floor":7,"key":"Ornamental Fan"},{"floor":9,"key":"Pantograph"},{"floor":14,"key":"Blood Vial"},{"floor":26,"key":"Smiling Mask"},{"floor":31,"key":"Mummified Hand"}],"event_choices":[{"damage_healed":0,"gold_gain":0,"player_choice":"Entered Light","damage_taken":23,"max_hp_gain":0,"max_hp_loss":0,"event_name":"Shining Light","floor":4,"gold_loss":0,"cards_upgraded":["Bash","Strike_R"]},{"damage_healed":0,"gold_gain":0,"player_choice":"Ignored","damage_taken":0,"max_hp_gain":0,"max_hp_loss":0,"event_name":"Vampires","floor":21,"gold_loss":0},{"damage_healed":0,"gold_gain":0,"player_choice":"Ignored","damage_taken":0,"max_hp_gain":0,"max_hp_loss":0,"event_name":"The Mausoleum","floor":28,"gold_loss":0}],"is_beta":false,"boss_relics":[{"not_picked":["White Beast Statue","Busted Crown"],"picked":"Snecko Eye"}],"items_purged_floors":[27],"is_endless":false,"potions_floor_spawned":[3,10,11,24,29,31],"killed_by":"Automaton","ascension_level":20}