{"gold_per_floor":[117,132,22,41,5,32,50,50,50,50,82,82],"floor_reached":12,"playtime":557,"items_purged":[],"score":141,"play_id":"7cb54d7f-3607-4806-a99a-6d4eaf5a7bd0","local_time":"20180915112754","is_ascension_mode":true,"campfire_choices":[{"floor":8,"key":"REST"},{"floor":10,"key":"REST"}],"neow_cost":"NONE","seed_source_timestamp":61215071268082,"circlet_count":0,"master_deck":["Strike_B","Strike_B","Strike_B","Strike_B","Defend_B","Defend_B","Defend_B","Defend_B","Zap","Dualcast","AscendersBane","Cold Snap","Barrage","Storm","Force Field","Fusion","Chaos","Seek","Static Discharge","Stack"],"relics":["Cracked Core","Bronze Scales","Bottled Flame","Ice Cream","WingedGreaves"],"potions_floor_usage":[6,6,12],"damage_taken":[{"damage":0,"enemies":"Cultist","floor":1,"turns":3},{"damage":2,"enemies":"Jaw Worm","floor":2,"turns":3},{"damage":0,"enemies":"2 Louse","floor":4,"turns":3},{"damage":33,"enemies":"3 Sentries","floor":6,"turns":6},{"damage":24,"enemies":"Large Slime","floor":7,"turns":5},{"damage":31,"enemies":"Gremlin Nob","floor":11,"turns":4},{"damage":41,"enemies":"The Mushroom Lair","floor":12,"turns":3}],"seed_played":"-4205605417220640021","potions_obtained":[{"floor":1,"key":"Strength Potion"},{"floor":4,"key":"Swift Potion"},{"floor":11,"key":"Regen Potion"}],"is_trial":false,"path_per_floor":["M","M","$","M","$","E","M","R","T","R","E"],"character_chosen":"DEFECT","items_purchased":["Storm","Force Field","Chaos"],"campfire_rested":2,"item_purchase_floors":[3,3,5],"current_hp_per_floor":[68,66,66,66,66,33,9,31,31,53,22,0],"gold":82,"neow_bonus":"RANDOM_COMMON_RELIC","is_prod":false,"is_daily":false,"chose_seed":false,"campfire_upgraded":0,"win_rate":0,"timestamp":1537000074,"path_taken":["M","?","$","M","?","E","M","R","T","R","E","?"],"build_version":"2018-09-06","purchased_purges":0,"victory":false,"max_hp_per_floor":[75,75,75,75,75,75,75,75,75,75,75,75],"card_choices":[{"not_picked":["Coolheaded","Steam"],"picked":"Cold Snap","floor":1},{"not_picked":["Stack","Beam Cell"],"picked":"Barrage","floor":2},{"not_picked":["Leap","Stack"],"picked":"Fusion","floor":4},{"not_picked":["Gash","Cold Snap"],"picked":"Seek","floor":6},{"not_picked":["Aggregate","Go for the Eyes"],"picked":"Static Discharge","floor":7},{"not_picked":["Streamline","Go for the Eyes"],"picked":"Stack","floor":11}],"player_experience":697171,"relics_obtained":[{"floor":6,"key":"Bottled Flame"},{"floor":9,"key":"Ice Cream"},{"floor":11,"key":"WingedGreaves"}],"event_choices":[{"event_name":"Mushrooms","player_choice":"Fought Mushrooms","floor":12,"damage_taken":0}],"is_beta":false,"boss_relics":[],"items_purged_floors":[],"is_endless":false,"potions_floor_spawned":[1,4,11],"killed_by":"The Mushroom Lair","ascension_level":12}