{"gold_per_floor":[119,131,145,145,145,145,178,194,218,218,235,235,267,283,283,354,354,371,390,390,420,420,420,431,444,444,444,42,42,58,72,72,149,149,160,170,170,181,16,44,44,62,85,85,140,164,164,178,178,178],"floor_reached":50,"playtime":1930,"items_purged":["Strike_R"],"score":1168,"play_id":"e03195ae-9a1b-4e3e-927e-6dbda1cbd0a4","local_time":"20190403123901","is_ascension_mode":true,"campfire_choices":[{"data":"Bash","floor":6.0,"key":"SMITH"},{"floor":12.0,"key":"REST"},{"data":"Carnage","floor":15.0,"key":"SMITH"},{"floor":23.0,"key":"REST"},{"data":"Barricade","floor":29.0,"key":"SMITH"},{"data":"Entrench","floor":32.0,"key":"SMITH"},{"data":"Impervious","floor":44.0,"key":"SMITH"},{"floor":47.0,"key":"RECALL"},{"data":"Body Slam","floor":49.0,"key":"SMITH"}],"neow_cost":"NONE","seed_source_timestamp":435660438513700,"circlet_count":0,"master_deck":["AscendersBane","Strike_R","Strike_R","Defend_R","Defend_R+1","Defend_R+1","Defend_R","Bash+1","Corruption","Spot Weakness","Shrug It Off","Carnage+1","Barricade+1","Sentinel","Body Slam+1","Ghostly","Ghostly","Ghostly","Dropkick","Seeing Red+1","Entrench+1","Armaments","True Grit","Second Wind+1","Feed","Impervious+1","Shockwave+1","Sentinel"],"special_seed":0,"relics":["Burning Blood","NeowsBlessing","WarpedTongs","Potion Belt","Pen Nib","War Paint","Runic Dome","Red Mask","Bag of Preparation","Bottled Tornado","Busted Crown","Gremlin Horn","Bird Faced Urn","Orichalcum"],"potions_floor_usage":[50],"damage_taken":[{"damage":0.0,"enemies":"Cultist","floor":1.0,"turns":1.0},{"damage":0.0,"enemies":"Jaw Worm","floor":2.0,"turns":1.0},{"damage":0.0,"enemies":"Small Slimes","floor":3.0,"turns":1.0},{"damage":22.0,"enemies":"Lagavulin","floor":7.0,"turns":7.0},{"damage":35.0,"enemies":"Gremlin Gang","floor":8.0,"turns":7.0},{"damage":9.0,"enemies":"Looter","floor":11.0,"turns":4.0},{"damage":6.0,"enemies":"Gremlin Nob","floor":13.0,"turns":3.0},{"damage":7.0,"enemies":"Red Slaver","floor":14.0,"turns":3.0},{"damage":28.0,"enemies":"The Guardian","floor":16.0,"turns":11.0},{"damage":5.0,"enemies":"Shell Parasite","floor":18.0,"turns":2.0},{"damage":17.0,"enemies":"2 Thieves","floor":19.0,"turns":3.0},{"damage":52.0,"enemies":"Masked Bandits","floor":21.0,"turns":5.0},{"damage":0.0,"enemies":"Snake Plant","floor":24.0,"turns":4.0},{"damage":3.0,"enemies":"3 Cultists","floor":25.0,"turns":5.0},{"damage":0.0,"enemies":"Sentry and Sphere","floor":30.0,"turns":4.0},{"damage":26.0,"enemies":"Cultist and Chosen","floor":31.0,"turns":7.0},{"damage":0.0,"enemies":"Champ","floor":33.0,"turns":10.0},{"damage":0.0,"enemies":"3 Darklings","floor":35.0,"turns":12.0},{"damage":7.0,"enemies":"Orb Walker","floor":36.0,"turns":8.0},{"damage":0.0,"enemies":"3 Darklings","floor":38.0,"turns":10.0},{"damage":0.0,"enemies":"Nemesis","floor":40.0,"turns":7.0},{"damage":0.0,"enemies":"Writhing Mass","floor":42.0,"turns":6.0},{"damage":0.0,"enemies":"2 Orb Walkers","floor":45.0,"turns":8.0},{"damage":0.0,"enemies":"Sphere and 2 Shapes","floor":48.0,"turns":12.0},{"damage":58,"enemies":"Time Eater","floor":50,"turns":21}],"seed_played":"1959268759367764473","potions_obtained":[{"floor":3.0,"key":"Regen Potion"},{"floor":7.0,"key":"FearPotion"},{"floor":8.0,"key":"LiquidBronze"},{"floor":13.0,"key":"Swift Potion"},{"floor":14.0,"key":"Weak Potion"},{"floor":21.0,"key":"Swift Potion"},{"floor":24.0,"key":"Swift Potion"},{"floor":31.0,"key":"Weak Potion"},{"floor":33.0,"key":"Block Potion"},{"floor":36.0,"key":"LiquidBronze"},{"floor":38.0,"key":"Strength Potion"},{"floor":42.0,"key":"Fire Potion"}],"is_trial":false,"path_per_floor":["M","M","M","?","?","R","E","M","T","?","M","R","E","M","R","B",null,"M","M","?","?","?","R","M","M","T","?","$","R","M","M","R","B",null,"M","M","$","M","$","E","?","M","T","R","?","T","R","M","R","B"],"character_chosen":"IRONCLAD","items_purchased":["Bottled Tornado","Armaments","Impervious"],"campfire_rested":2,"item_purchase_floors":[28,28,39],"current_hp_per_floor":[74,75,75,68,68,68,52,38,38,38,35,57,57,56,56,34,65,66,55,55,9,9,20,26,29,29,29,29,29,35,15,15,21,33,41,44,44,48,48,48,46,46,46,46,46,46,46,49,49,0],"gold":178,"neow_bonus":"THREE_ENEMY_KILL","is_prod":false,"is_daily":false,"chose_seed":false,"campfire_upgraded":6,"win_rate":0,"timestamp":1554262741,"path_taken":["M","?","M","?","?","R","E","?","T","?","?","R","E","M","R","BOSS","M","M","?","?","?","R","M","M","T","?","$","R","M","M","R","BOSS","M","M","$","M","$","E","?","M","T","R","?","?","R","M","R","BOSS"],"build_version":"2019-01-23","purchased_purges":1,"victory":false,"max_hp_per_floor":[75,75,75,75,75,75,75,75,75,75,75,75,75,75,75,75,75,75,75,75,75,37,37,37,37,37,37,37,37,37,37,37,37,37,41,45,45,48,48,48,46,46,46,46,46,46,46,49,49,49],"card_choices":[{"not_picked":["Havoc","Thunderclap"],"picked":"Corruption","floor":1.0},{"not_picked":["Havoc","Headbutt","Burning Pact"],"picked":"SKIP","floor":2.0},{"not_picked":["Warcry","Headbutt","Twin Strike"],"picked":"SKIP","floor":3.0},{"not_picked":["Corruption","Iron Wave","Wild Strike"],"picked":"SKIP","floor":7.0},{"not_picked":["Cleave","Armaments"],"picked":"Spot Weakness","floor":8.0},{"not_picked":["Brutality","Pommel Strike"],"picked":"Shrug It Off","floor":11.0},{"not_picked":["Iron Wave","Clash","Carnage"],"picked":"SKIP","floor":13.0},{"not_picked":["Sword Boomerang","Thunderclap"],"picked":"Carnage","floor":14.0},{"not_picked":["Immolate","Double Tap"],"picked":"Barricade","floor":16.0},{"not_picked":["Cleave","Twin Strike","Wild Strike"],"picked":"SKIP","floor":18.0},{"not_picked":["Anger","Cleave"],"picked":"Sentinel","floor":19.0},{"not_picked":["Pommel Strike","Barricade"],"picked":"Body Slam","floor":21.0},{"not_picked":["Cleave+1","Whirlwind"],"picked":"Dropkick","floor":24.0},{"not_picked":["Uppercut","Cleave"],"picked":"Seeing Red+1","floor":25.0},{"not_picked":["Anger","Spot Weakness"],"picked":"True Grit","floor":30.0},{"not_picked":["Pummel+1","Headbutt"],"picked":"Second Wind+1","floor":31.0},{"not_picked":["Limit Break","Demon Form"],"picked":"Feed","floor":33.0},{"not_picked":["Thunderclap+1"],"picked":"SKIP","floor":35.0},{"not_picked":["Heavy Blade"],"picked":"SKIP","floor":36.0},{"not_picked":["Anger"],"picked":"SKIP","floor":38.0},{"not_picked":["Anger"],"picked":"SKIP","floor":40.0},{"not_picked":[],"picked":"Shockwave+1","floor":42.0},{"not_picked":[],"picked":"Sentinel","floor":45.0},{"not_picked":["Spot Weakness"],"picked":"SKIP","floor":48.0}],"player_experience":2824215,"relics_obtained":[{"floor":7.0,"key":"Potion Belt"},{"floor":9.0,"key":"Pen Nib"},{"floor":13.0,"key":"War Paint"},{"floor":21.0,"key":"Red Mask"},{"floor":26.0,"key":"Bag of Preparation"},{"floor":40.0,"key":"Gremlin Horn"},{"floor":45.0,"key":"Bird Faced Urn"},{"floor":46.0,"key":"Orichalcum"}],"event_choices":[{"cards_removed":["Strike_R"],"damage_healed":0.0,"max_hp_gain":0.0,"max_hp_loss":0.0,"gold_gain":0.0,"event_name":"Golden Wing","player_choice":"Card Removal","floor":4.0,"gold_loss":0.0,"damage_taken":7.0},{"damage_healed":0.0,"max_hp_gain":0.0,"max_hp_loss":0.0,"gold_gain":0.0,"event_name":"Accursed Blacksmith","player_choice":"Rummage","floor":5.0,"gold_loss":0.0,"damage_taken":0.0,"relics_obtained":["WarpedTongs"],"cards_obtained":["Pain"]},{"cards_removed":["Pain"],"damage_healed":0.0,"max_hp_gain":0.0,"max_hp_loss":0.0,"gold_gain":0.0,"event_name":"Purifier","player_choice":"Purged","floor":10.0,"gold_loss":0.0,"damage_taken":0.0},{"cards_removed":["Strike_R"],"damage_healed":0.0,"max_hp_gain":0.0,"max_hp_loss":0.0,"gold_gain":0.0,"event_name":"Back to Basics","player_choice":"Elegance","floor":20.0,"gold_loss":0.0,"damage_taken":0.0},{"damage_healed":0.0,"max_hp_gain":0.0,"max_hp_loss":0.0,"gold_gain":0.0,"event_name":"Masked Bandits","player_choice":"Fought Bandits","floor":21.0,"gold_loss":0.0,"damage_taken":0.0},{"damage_healed":0.0,"max_hp_gain":0.0,"max_hp_loss":38.0,"gold_gain":0.0,"event_name":"Ghosts","player_choice":"Became a Ghost","floor":22.0,"gold_loss":0.0,"damage_taken":0.0,"cards_obtained":["Ghostly","Ghostly","Ghostly"]},{"damage_healed":0.0,"max_hp_gain":0.0,"max_hp_loss":0.0,"gold_gain":0.0,"event_name":"The Library","player_choice":"Read","floor":27.0,"gold_loss":0.0,"damage_taken":0.0,"cards_obtained":["Entrench"]},{"damage_healed":0.0,"max_hp_gain":0.0,"max_hp_loss":2.0,"gold_gain":0.0,"event_name":"Winding Halls","player_choice":"Max HP","floor":41.0,"gold_loss":0.0,"damage_taken":0.0},{"damage_healed":0.0,"max_hp_gain":0.0,"max_hp_loss":0.0,"gold_gain":0.0,"event_name":"Mysterious Sphere","player_choice":"Fight","floor":45.0,"gold_loss":0.0,"damage_taken":0.0}],"is_beta":false,"boss_relics":[{"not_picked":["Mark of Pain","Fusion Hammer"],"picked":"Runic Dome"},{"not_picked":["Runic Pyramid","Orrery"],"picked":"Busted Crown"}],"items_purged_floors":[28],"is_endless":false,"potions_floor_spawned":[3,7,8,13,14,21,24,31,33,36,38,42],"killed_by":"Time Eater","ascension_level":20}