{"gold_per_floor":[118,134,59,59,73,73,91,91,162,162,181,181,193,213,213,310,310,324,344,2,12,32,32,47,146,169,44,44,57,69,19,19,19],"floor_reached":33,"playtime":1340,"items_purged":["Defend_R","Defend_R","Strike_R"],"score":243,"play_id":"fe52d723-26df-486e-9ca8-dcfcc62f3070","local_time":"20180815124953","is_ascension_mode":false,"campfire_choices":[{"data":"Fire Breathing","floor":6.0,"key":"SMITH"},{"data":"Clash","floor":10.0,"key":"SMITH"},{"data":"Defend_R","floor":12.0,"key":"SMITH"},{"data":"Bash","floor":15.0,"key":"SMITH"},{"floor":23,"key":"REST"},{"floor":28,"key":"REST"},{"data":"Anger","floor":32,"key":"SMITH"}],"neow_cost":"NONE","seed_source_timestamp":2049636624619018,"circlet_count":0,"master_deck":["Strike_R","Strike_R","Strike_R","Defend_R+1","Defend_R","Bash+1","Fire Breathing+1","Clash+1","Infernal Blade+1","Anger+1","Clash"],"special_seed":0,"relics":["Burning Blood","Toxic Egg 2","Orrery","Gremlin Horn","Strawberry"],"potions_floor_usage":[16,21,22,29,30,33],"damage_taken":[{"damage":6.0,"enemies":"Cultist","floor":1.0,"turns":3.0},{"damage":0.0,"enemies":"2 Louse","floor":2.0,"turns":3.0},{"damage":12.0,"enemies":"Small Slimes","floor":5.0,"turns":3.0},{"damage":1.0,"enemies":"Exordium Thugs","floor":7.0,"turns":3.0},{"damage":5.0,"enemies":"Large Slime","floor":11.0,"turns":4.0},{"damage":11.0,"enemies":"Blue Slaver","floor":13.0,"turns":3.0},{"damage":2.0,"enemies":"3 Louse","floor":14.0,"turns":2.0},{"damage":7,"enemies":"Slime Boss","floor":16,"turns":7},{"damage":25,"enemies":"Shell Parasite","floor":18,"turns":6},{"damage":8,"enemies":"3 Byrds","floor":19,"turns":4},{"damage":51,"enemies":"Snecko","floor":21,"turns":7},{"damage":0,"enemies":"3 Cultists","floor":22,"turns":3},{"damage":15,"enemies":"Centurion and Healer","floor":24,"turns":4},{"damage":2,"enemies":"Cultist and Chosen","floor":29,"turns":3},{"damage":9,"enemies":"Snake Plant","floor":30,"turns":2},{"damage":86,"enemies":"Automaton","floor":33,"turns":8}],"seed_played":"504117184874845048","potions_obtained":[{"floor":0.0,"key":"Swift Potion"},{"floor":0.0,"key":"BloodPotion"},{"floor":0.0,"key":"Fire Potion"},{"floor":1.0,"key":"BloodPotion"},{"floor":11.0,"key":"SteroidPotion"},{"floor":21,"key":"Strength Potion"},{"floor":24,"key":"PowerPotion"},{"floor":29,"key":"Block Potion"}],"is_trial":false,"path_per_floor":["M","M","$","$","M","R","M","?","T","R","M","R","M","M","R","B",null,"M","M","$","M","M","R","M","?","T","$","R","M","M","$","R"],"character_chosen":"IRONCLAD","items_purchased":["Gremlin Horn","SteroidPotion"],"campfire_rested":2,"item_purchase_floors":[20,31],"current_hp_per_floor":[80,80,80,80,80,80,80,80,80,80,80,80,75,79,79,78,80,61,59,59,22,28,52,43,43,50,50,76,83,80,80,80,0],"gold":19,"neow_bonus":"THREE_SMALL_POTIONS","is_prod":false,"is_daily":false,"chose_seed":false,"campfire_upgraded":5,"win_rate":0,"timestamp":1534326593,"path_taken":["M","?","?","$","M","R","?","?","T","R","M","R","M","M","R","BOSS","M","M","$","M","M","R","M","?","T","$","R","M","M","$","R","BOSS"],"build_version":"2018-08-09","purchased_purges":3,"victory":false,"max_hp_per_floor":[80,80,80,80,80,80,80,80,80,80,80,80,80,80,80,80,80,80,80,80,80,80,80,80,80,87,87,87,90,90,90,90,90],"card_choices":[{"not_picked":["Cleave","Anger"],"picked":"Fire Breathing","floor":1.0},{"not_picked":["True Grit","Wild Strike","Intimidate"],"picked":"SKIP","floor":2.0},{"not_picked":["Pommel Strike","True Grit"],"picked":"Clash","floor":5.0},{"not_picked":["Heavy Blade","Brutality","Havoc"],"picked":"SKIP","floor":7.0},{"not_picked":["Combust","Iron Wave","Warcry+1"],"picked":"SKIP","floor":11.0},{"not_picked":["Heavy Blade","Body Slam","Bloodletting+1"],"picked":"SKIP","floor":13.0},{"not_picked":["Whirlwind","Pommel Strike"],"picked":"Infernal Blade+1","floor":14.0},{"not_picked":["Pommel Strike","Body Slam"],"picked":"Anger","floor":18},{"not_picked":["Warcry+1","Wild Strike+1","Clothesline"],"picked":"SKIP","floor":19},{"not_picked":["Seeing Red+1","Whirlwind","Spot Weakness+1"],"picked":"SKIP","floor":21},{"not_picked":["Feel No Pain+1","Thunderclap"],"picked":"Clash","floor":22},{"not_picked":["Havoc+1","Hemokinesis","Feel No Pain"],"picked":"SKIP","floor":24},{"not_picked":["Havoc+1","True Grit+1","Rupture"],"picked":"SKIP","floor":29},{"not_picked":["Heavy Blade","Intimidate+1","Twin Strike"],"picked":"SKIP","floor":30}],"player_experience":652980,"relics_obtained":[{"floor":9.0,"key":"Toxic Egg 2"},{"floor":26,"key":"Strawberry"}],"event_choices":[{"event_name":"Living Wall","player_choice":"Forget","floor":8.0,"damage_taken":0.0},{"event_name":"Nest","player_choice":"Stole From Cult","floor":25,"damage_taken":0}],"is_beta":false,"boss_relics":[{"not_picked":["Velvet Choker","Lizard Tail"],"picked":"Orrery"}],"items_purged_floors":[3,20,27],"is_endless":false,"potions_floor_spawned":[1,2,11,13,21,24,29],"killed_by":"Automaton","ascension_level":0}