{"gold_per_floor":[114,133,145,168,179,209,209,228,254,283,310,310,310,326,326,428,428,428,428,428,428,428,428,428,428,428,428,428,428,428,428,428,428,428,428,428,428,15,15,15,15,15,15,15,15,15,15,15,15,15],"floor_reached":51,"playtime":3401,"items_purged":["Defend_R"],"score":761,"play_id":"1d51316d-3aeb-4830-a560-4a3957e07a57","local_time":"20190427122244","is_ascension_mode":false,"campfire_choices":[{"data":"Perfected Strike","floor":7,"key":"SMITH"},{"data":"Armaments","floor":13,"key":"SMITH"},{"data":"Bash","floor":15,"key":"SMITH"},{"data":"Whirlwind","floor":32,"key":"SMITH"},{"data":"Demon Form","floor":40,"key":"SMITH"},{"data":"Clothesline","floor":42,"key":"SMITH"},{"data":"Immolate","floor":46,"key":"SMITH"},{"data":"Bludgeon","floor":49,"key":"SMITH"}],"neow_cost":"PERCENT_DAMAGE","seed_source_timestamp":1299126940880200,"circlet_count":0,"master_deck":["Strike_R","Strike_R","Strike_R","Strike_R","Strike_R","Defend_R","Defend_R","Defend_R","Bash+1","Clash","Perfected Strike+1","Flame Barrier","Iron Wave","Armaments+1","Demon Form+1","Headbutt","Reaper","Whirlwind+1","Pummel","Rage+1","Warcry+1","True Grit+1","Immolate+1","Pommel Strike+1","Corruption+1","Clothesline+1","Bludgeon+1","True Grit+1","Shockwave+1","Enlightenment+1","Disarm+1","Shrug It Off+1","Flame Barrier+1","Headbutt+1"],"relics":["Burning Blood","Blood Vial","Dream Catcher","Pen Nib","Odd Mushroom","Dodecahedron","Ectoplasm","Bag of Marbles","Toxic Egg 2","Blue Candle","Ancient Tea Set","Lantern","Velvet Choker","Kunai","Omamori","Thread and Needle"],"potions_floor_usage":[6,11,16,18,22,28,33,44,50,50],"damage_taken":[{"damage":1,"enemies":"Cultist","floor":1,"turns":4},{"damage":0,"enemies":"Small Slimes","floor":2,"turns":3},{"damage":5,"enemies":"2 Louse","floor":3,"turns":2},{"damage":5,"enemies":"Looter","floor":5,"turns":3},{"damage":18,"enemies":"3 Sentries","floor":6,"turns":9},{"damage":16,"enemies":"Gremlin Gang","floor":8,"turns":4},{"damage":8,"enemies":"The Mushroom Lair","floor":10,"turns":5},{"damage":16,"enemies":"Gremlin Nob","floor":11,"turns":3},{"damage":1,"enemies":"Lots of Slimes","floor":14,"turns":6},{"damage":34,"enemies":"Slime Boss","floor":16,"turns":8},{"damage":5,"enemies":"3 Byrds","floor":18,"turns":4},{"damage":12,"enemies":"Shell Parasite","floor":20,"turns":4},{"damage":12,"enemies":"Cultist and Chosen","floor":21,"turns":6},{"damage":6,"enemies":"Snake Plant","floor":22,"turns":3},{"damage":47,"enemies":"Gremlin Leader","floor":23,"turns":6},{"damage":17,"enemies":"Centurion and Healer","floor":24,"turns":6},{"damage":34,"enemies":"Shelled Parasite and Fungi","floor":25,"turns":5},{"damage":6,"enemies":"Book of Stabbing","floor":27,"turns":4},{"damage":18,"enemies":"Snake Plant","floor":28,"turns":3},{"damage":13,"enemies":"Snecko","floor":29,"turns":4},{"damage":29,"enemies":"Slavers","floor":30,"turns":6},{"damage":12,"enemies":"Centurion and Healer","floor":31,"turns":12},{"damage":68,"enemies":"Automaton","floor":33,"turns":10},{"damage":13,"enemies":"Orb Walker","floor":35,"turns":3},{"damage":13,"enemies":"3 Darklings","floor":36,"turns":9},{"damage":0,"enemies":"Writhing Mass","floor":37,"turns":3},{"damage":3,"enemies":"Maw","floor":39,"turns":6},{"damage":13,"enemies":"Sphere and 2 Shapes","floor":41,"turns":13},{"damage":14,"enemies":"Nemesis","floor":44,"turns":5},{"damage":2,"enemies":"Writhing Mass","floor":45,"turns":4},{"damage":0,"enemies":"4 Shapes","floor":47,"turns":5},{"damage":4,"enemies":"Maw","floor":48,"turns":5},{"damage":40,"enemies":"Awakened One","floor":50,"turns":10}],"seed_played":"-2209892485035921635","potions_obtained":[{"floor":2,"key":"Swift Potion"},{"floor":5,"key":"Block Potion"},{"floor":6,"key":"Ancient Potion"},{"floor":11,"key":"SkillPotion"},{"floor":14,"key":"Weak Potion"},{"floor":16,"key":"Ancient Potion"},{"floor":18,"key":"Poison Potion"},{"floor":22,"key":"Regen Potion"},{"floor":25,"key":"Fire Potion"},{"floor":28,"key":"Weak Potion"},{"floor":30,"key":"GamblersBrew"},{"floor":33,"key":"Weak Potion"},{"floor":45,"key":"AttackPotion"}],"is_trial":false,"path_per_floor":["M","M","M","T","M","E","R","M","T","?","E","?","R","M","R","B",null,"M","?","M","M","M","E","M","M","T","E","M","M","E","M","R","B",null,"M","M","M","$","M","R","M","R","T","E","M","R","M","M","R","B",null],"character_chosen":"IRONCLAD","items_purchased":["Enlightenment+1","Kunai"],"campfire_rested":0,"item_purchase_floors":[38,38],"current_hp_per_floor":[77,83,84,84,87,77,77,69,69,69,61,61,61,68,68,42,96,96,96,90,92,94,81,88,84,84,86,76,77,65,96,96,41,96,89,96,96,96,96,96,89,89,89,96,96,96,96,96,96,71],"gold":15,"neow_bonus":"TWENTY_PERCENT_HP_BONUS","is_prod":false,"is_daily":false,"chose_seed":false,"campfire_upgraded":8,"win_rate":1,"timestamp":1556392964,"path_taken":["M","M","M","?","M","E","R","M","T","?","E","?","R","M","R","BOSS","M","?","?","M","M","E","M","M","T","E","M","M","E","M","R","BOSS","M","M","M","$","M","R","M","R","T","E","M","R","?","M","R","BOSS"],"build_version":"2019-01-23","purchased_purges":1,"victory":true,"max_hp_per_floor":[96,96,96,96,96,96,96,96,96,96,96,96,96,96,96,96,96,96,96,96,96,96,96,96,96,96,96,96,96,96,96,96,96,96,96,96,96,96,96,96,96,96,96,96,96,96,96,96,96,96],"card_choices":[{"not_picked":["Flex","Combust","Thunderclap"],"picked":"SKIP","floor":1},{"not_picked":["Flex","Second Wind"],"picked":"Clash","floor":2},{"not_picked":["Twin Strike","Cleave"],"picked":"Perfected Strike","floor":3},{"not_picked":["Second Wind","Flex"],"picked":"Flame Barrier","floor":5},{"not_picked":["Heavy Blade","Flex"],"picked":"Iron Wave","floor":6},{"not_picked":["Infernal Blade","Havoc"],"picked":"Armaments","floor":8},{"not_picked":["Dual Wield","Searing Blow"],"picked":"Demon Form","floor":10},{"not_picked":["Thunderclap","Reckless Charge","Entrench"],"picked":"SKIP","floor":11},{"not_picked":["Sentinel","Second Wind"],"picked":"Headbutt","floor":14},{"not_picked":["Demon Form","Limit Break"],"picked":"Reaper","floor":16},{"not_picked":["Pommel Strike","Havoc"],"picked":"Whirlwind","floor":18},{"not_picked":["Warcry","Twin Strike"],"picked":"Pummel","floor":20},{"not_picked":["Sword Boomerang","Twin Strike","Pommel Strike"],"picked":"SKIP","floor":21},{"not_picked":["Dual Wield","Sentinel","Rage"],"picked":"SKIP","floor":22},{"not_picked":["Anger","Thunderclap","Sword Boomerang+1"],"picked":"SKIP","floor":23},{"not_picked":["Rampage+1","Corruption"],"picked":"Rage+1","floor":24},{"not_picked":["Havoc+1","Sword Boomerang"],"picked":"Warcry+1","floor":25},{"not_picked":["Rampage","Burning Pact+1"],"picked":"True Grit+1","floor":27},{"not_picked":["Dual Wield+1","Flex+1"],"picked":"Immolate","floor":28},{"not_picked":["Wild Strike","Armaments+1"],"picked":"Pommel Strike+1","floor":29},{"not_picked":["Armaments+1","Brutality"],"picked":"Corruption+1","floor":30},{"not_picked":["Perfected Strike","Body Slam+1"],"picked":"Clothesline","floor":31},{"not_picked":["Juggernaut","Fiend Fire"],"picked":"Bludgeon","floor":33},{"not_picked":["Armaments+1","Heavy Blade+1","Cleave+1"],"picked":"SKIP","floor":35},{"not_picked":["Sword Boomerang+1","Headbutt"],"picked":"True Grit+1","floor":36},{"not_picked":["Uppercut","Hemokinesis"],"picked":"Shockwave+1","floor":37},{"not_picked":["True Grit+1","Rupture+1"],"picked":"Disarm+1","floor":39},{"not_picked":["Wild Strike","Headbutt","Cleave+1"],"picked":"SKIP","floor":41},{"not_picked":["Immolate","Metallicize+1"],"picked":"Shrug It Off+1","floor":44},{"not_picked":["Seeing Red+1","Clash+1"],"picked":"Flame Barrier+1","floor":45},{"not_picked":["Wild Strike","Combust+1"],"picked":"Headbutt+1","floor":47},{"not_picked":["Wild Strike+1","Armaments+1","Rampage"],"picked":"SKIP","floor":48}],"player_experience":625165,"relics_obtained":[{"floor":4,"key":"Blood Vial"},{"floor":6,"key":"Dream Catcher"},{"floor":9,"key":"Pen Nib"},{"floor":10,"key":"Odd Mushroom"},{"floor":11,"key":"Dodecahedron"},{"floor":19,"key":"Bag of Marbles"},{"floor":23,"key":"Toxic Egg 2"},{"floor":26,"key":"Blue Candle"},{"floor":27,"key":"Ancient Tea Set"},{"floor":30,"key":"Lantern"},{"floor":43,"key":"Omamori"},{"floor":44,"key":"Thread and Needle"}],"event_choices":[{"damage_healed":0,"gold_gain":0,"player_choice":"Fought Mushrooms","damage_taken":0,"max_hp_gain":0,"max_hp_loss":0,"event_name":"Mushrooms","floor":10,"gold_loss":0},{"damage_healed":0,"gold_gain":0,"player_choice":"Ignored","damage_taken":0,"max_hp_gain":0,"max_hp_loss":0,"event_name":"Liars Game","floor":12,"gold_loss":0},{"damage_healed":0,"gold_gain":0,"player_choice":"Relic","damage_taken":0,"max_hp_gain":0,"max_hp_loss":0,"event_name":"Wheel of Change","floor":19,"gold_loss":0}],"is_beta":false,"boss_relics":[{"not_picked":["Black Blood","Calling Bell"],"picked":"Ectoplasm"},{"not_picked":["Eternal Feather","Runic Dome"],"picked":"Velvet Choker"}],"items_purged_floors":[38],"is_endless":false,"potions_floor_spawned":[2,5,6,11,14,16,18,22,25,28,29,30,33,36,37,45],"ascension_level":0}