{"gold_per_floor":[209,209,309,325,345,345,377,391,391,401,481,481,556,556,556,556],"floor_reached":16,"playtime":386,"items_purged":[],"score":130,"play_id":"cca8ac5e-12ae-4c98-b393-e48c388ac670","local_time":"20181214183212","is_ascension_mode":true,"campfire_choices":[{"data":"Zap","floor":6,"key":"SMITH"},{"floor":12,"key":"REST"},{"floor":15,"key":"REST"}],"neow_cost":"NONE","seed_source_timestamp":256437630763197,"circlet_count":0,"master_deck":["Strike_B","Strike_B","Strike_B","Strike_B","Defend_B","Defend_B","Defend_B","Defend_B","Zap+1","Dualcast","Hologram","Ball Lightning","Streamline","Ball Lightning","Coolheaded"],"relics":["Cracked Core","Pen Nib","Pear","Mercury Hourglass","Golden Idol"],"potions_floor_usage":[16,16],"damage_taken":[{"damage":1,"enemies":"Jaw Worm","floor":1,"turns":3},{"damage":5,"enemies":"2 Louse","floor":4,"turns":2},{"damage":1,"enemies":"Cultist","floor":5,"turns":4},{"damage":37,"enemies":"Lagavulin","floor":7,"turns":6},{"damage":15,"enemies":"Exordium Wildlife","floor":8,"turns":3},{"damage":0,"enemies":"Large Slime","floor":10,"turns":3},{"damage":56,"enemies":"The Guardian","floor":16,"turns":8}],"seed_played":"-5284070397485450695","potions_obtained":[{"floor":4,"key":"PowerPotion"},{"floor":5,"key":"Explosive Potion"},{"floor":10,"key":"Energy Potion"}],"is_trial":false,"path_per_floor":["M","?","?","M","M","R","E","M","T","M","T","R","?","?","R","B"],"character_chosen":"DEFECT","items_purchased":[],"campfire_rested":2,"item_purchase_floors":[],"current_hp_per_floor":[74,79,79,74,73,73,36,21,31,31,31,58,47,25,52,0],"gold":556,"neow_bonus":"HUNDRED_GOLD","is_prod":false,"is_daily":false,"chose_seed":false,"campfire_upgraded":1,"win_rate":0,"timestamp":1544833932,"path_taken":["M","?","?","M","M","R","E","M","T","?","?","R","?","?","R","BOSS"],"build_version":"2018-12-13","purchased_purges":0,"victory":false,"max_hp_per_floor":[75,80,80,80,80,80,80,80,90,90,90,90,90,90,90,90],"card_choices":[{"not_picked":["Reinforced Body","Self Repair"],"picked":"Hologram","floor":1},{"not_picked":["Storm","Scrape","Tempest"],"picked":"SKIP","floor":4},{"not_picked":["Genetic Algorithm","Leap"],"picked":"Ball Lightning","floor":5},{"not_picked":["White Noise","Steam Power"],"picked":"Streamline","floor":7},{"not_picked":["Barrage","Undo"],"picked":"Ball Lightning","floor":8},{"not_picked":["Chaos","Sweeping Beam"],"picked":"Coolheaded","floor":10}],"player_experience":122643,"relics_obtained":[{"floor":7,"key":"Pen Nib"},{"floor":9,"key":"Pear"},{"floor":11,"key":"Mercury Hourglass"}],"event_choices":[{"damage_healed":0,"gold_gain":0,"player_choice":"Donut","damage_taken":0,"max_hp_gain":5,"max_hp_loss":0,"event_name":"Big Fish","floor":2,"gold_loss":0},{"damage_healed":0,"gold_gain":100,"player_choice":"Pray","damage_taken":0,"max_hp_gain":0,"max_hp_loss":0,"event_name":"Golden Shrine","floor":3,"gold_loss":0},{"damage_healed":0,"gold_gain":75,"player_choice":"Gather Gold","damage_taken":11,"max_hp_gain":0,"max_hp_loss":0,"event_name":"World of Goop","floor":13,"gold_loss":0},{"damage_healed":0,"gold_gain":0,"player_choice":"Take Damage","damage_taken":22,"relics_obtained":["Golden Idol"],"max_hp_gain":0,"max_hp_loss":0,"event_name":"Golden Idol","floor":14,"gold_loss":0}],"is_beta":false,"boss_relics":[],"items_purged_floors":[],"is_endless":false,"potions_floor_spawned":[4,5,10],"killed_by":"The Guardian","ascension_level":1}