{"gold_per_floor":[311,50,62,81,81,81,111,111,164,190,190,210,210,135,135,135],"floor_reached":16,"playtime":367,"items_purged":["Strike_R"],"score":212,"play_id":"15b688db-f75b-4631-b5bf-d30a604ec28f","local_time":"20190304192832","is_ascension_mode":true,"campfire_choices":[{"data":"Bash","floor":6,"key":"SMITH"},{"data":"Carnage","floor":8,"key":"SMITH"},{"data":"Strike_R","floor":11,"key":"SMITH"},{"floor":15,"key":"REST"}],"neow_cost":"NO_GOLD","seed_source_timestamp":242615200802200,"circlet_count":0,"master_deck":["AscendersBane","Strike_R","Strike_R","Strike_R+1","Defend_R","Defend_R","Defend_R","Defend_R","Bash+1","Carnage+1"],"relics":["Burning Blood","Old Coin","Tiny Chest","Omamori","Orichalcum","Strawberry","Odd Mushroom","Mummified Hand"],"potions_floor_usage":[4,7,7,10,16],"damage_taken":[{"damage":10,"enemies":"Small Slimes","floor":1,"turns":3},{"damage":15,"enemies":"2 Louse","floor":3,"turns":3},{"damage":2,"enemies":"Cultist","floor":4,"turns":4},{"damage":46,"enemies":"Lagavulin","floor":7,"turns":7},{"damage":2,"enemies":"Gremlin Nob","floor":10,"turns":3},{"damage":6,"enemies":"The Mushroom Lair","floor":12,"turns":3},{"damage":56,"enemies":"Slime Boss","floor":16,"turns":7}],"seed_played":"7407900165448839662","potions_obtained":[{"floor":3,"key":"SteroidPotion"},{"floor":4,"key":"SteroidPotion"},{"floor":7,"key":"Energy Potion"},{"floor":12,"key":"Energy Potion"}],"is_trial":false,"path_per_floor":["M","$","M","M","?","R","E","R","T","E","R","?","T","?","R","B"],"character_chosen":"IRONCLAD","items_purchased":["Tiny Chest","PowerPotion"],"campfire_rested":1,"item_purchase_floors":[2,2],"current_hp_per_floor":[64,64,55,59,64,64,24,24,24,35,35,35,35,35,61,5],"gold":135,"neow_bonus":"ONE_RARE_RELIC","is_prod":false,"is_daily":false,"chose_seed":false,"campfire_upgraded":3,"win_rate":0,"timestamp":1551695312,"path_taken":["M","$","M","M","?","R","E","R","T","E","R","?","?","?","R","BOSS"],"build_version":"2019-01-23","purchased_purges":1,"victory":false,"max_hp_per_floor":[75,75,75,75,80,80,80,80,80,87,87,87,87,87,87,87],"card_choices":[{"not_picked":["Flex","Heavy Blade","Anger"],"picked":"SKIP","floor":1},{"not_picked":["Body Slam","Anger","Sever Soul"],"picked":"SKIP","floor":3},{"not_picked":["Armaments","Headbutt","Flex"],"picked":"SKIP","floor":4},{"not_picked":["Armaments","Headbutt","Flex"],"picked":"SKIP","floor":4},{"not_picked":["Pommel Strike","Disarm"],"picked":"Carnage","floor":7},{"not_picked":["Armaments","Dual Wield","Cleave"],"picked":"SKIP","floor":10}],"player_experience":2012842,"relics_obtained":[{"floor":7,"key":"Omamori"},{"floor":9,"key":"Orichalcum"},{"floor":10,"key":"Strawberry"},{"floor":12,"key":"Odd Mushroom"},{"floor":13,"key":"Mummified Hand"}],"event_choices":[{"damage_healed":0,"gold_gain":0,"player_choice":"Donut","damage_taken":0,"max_hp_gain":5,"max_hp_loss":0,"event_name":"Big Fish","floor":5,"gold_loss":0},{"damage_healed":0,"gold_gain":0,"player_choice":"Fought Mushrooms","damage_taken":0,"max_hp_gain":0,"max_hp_loss":0,"event_name":"Mushrooms","floor":12,"gold_loss":0},{"cards_removed":["Strike_R"],"damage_healed":0,"gold_gain":0,"player_choice":"Card Removal","damage_taken":0,"max_hp_gain":0,"max_hp_loss":0,"event_name":"The Cleric","floor":14,"gold_loss":75}],"is_beta":false,"boss_relics":[],"items_purged_floors":[2],"is_endless":false,"potions_floor_spawned":[3,4,7,12],"killed_by":"Slime Boss","ascension_level":20}