{"gold_per_floor":[114,124,135,135,135,165,165,197,246,246,261,411,2,23,23,102,102,112,327,13,13,13,13,42,62,62,62,87,112,124,151,163,175],"floor_reached":33,"playtime":938,"items_purged":["Doubt"],"score":578,"play_id":"482d9be8-513c-4a24-91a2-e2bc4990e3fc","local_time":"20190424205858","is_ascension_mode":true,"campfire_choices":[{"data":"Whirlwind","floor":7,"key":"SMITH"},{"floor":10,"key":"REST"},{"data":"Feel No Pain","floor":15,"key":"SMITH"},{"floor":23,"key":"REST"},{"data":"Strike_R","floor":27,"key":"PURGE"},{"floor":30,"key":"REST"},{"data":"Strike_R","floor":32,"key":"PURGE"}],"neow_cost":"NONE","seed_source_timestamp":205314129488400,"circlet_count":0,"master_deck":["AscendersBane","Strike_R","Strike_R","Defend_R","Defend_R","Defend_R","Defend_R","Bash+1","Feel No Pain+1","Ghostly Armor","Whirlwind+1","Feel No Pain","Double Tap","Second Wind","Ghostly Armor","Shrug It Off"],"relics":["Burning Blood","NeowsBlessing","Bottled Flame","Vajra","Bag of Marbles","Bronze Scales","Odd Mushroom","Velvet Choker","Old Coin","Peace Pipe","Nilry\u0027s Codex","Mango","Red Skull","Blood Vial","MawBank"],"potions_floor_usage":[16,29],"damage_taken":[{"damage":0,"enemies":"Cultist","floor":1,"turns":1},{"damage":0,"enemies":"Small Slimes","floor":2,"turns":1},{"damage":0,"enemies":"2 Louse","floor":3,"turns":1},{"damage":23,"enemies":"3 Sentries","floor":6,"turns":19},{"damage":32,"enemies":"Gremlin Nob","floor":8,"turns":4},{"damage":19,"enemies":"Exordium Thugs","floor":11,"turns":4},{"damage":0,"enemies":"The Mushroom Lair","floor":14,"turns":1},{"damage":67,"enemies":"The Guardian","floor":16,"turns":15},{"damage":6,"enemies":"3 Byrds","floor":18,"turns":3},{"damage":23,"enemies":"Gremlin Leader","floor":24,"turns":6},{"damage":20,"enemies":"Spheric Guardian","floor":25,"turns":5},{"damage":30,"enemies":"Book of Stabbing","floor":29,"turns":3},{"damage":0,"enemies":"Chosen and Byrds","floor":31,"turns":3},{"damage":70,"enemies":"Collector","floor":33,"turns":9}],"seed_played":"-4591264418419242624","potions_obtained":[{"floor":6,"key":"Dexterity Potion"},{"floor":8,"key":"FairyPotion"},{"floor":25,"key":"Regen Potion"}],"is_trial":false,"path_per_floor":["M","M","M","?","?","E","R","E","T","R","M","?","$","?","R","B",null,"M","?","$","?","?","R","E","M","T","R","T","E","R","M","R","B"],"character_chosen":"IRONCLAD","items_purchased":["Bag of Marbles","Bronze Scales","Peace Pipe"],"campfire_rested":3,"item_purchase_floors":[13,13,20],"current_hp_per_floor":[74,75,75,68,68,51,51,25,25,47,34,34,34,40,40,9,59,59,59,59,38,17,41,38,24,24,24,24,11,39,47,47,0],"gold":175,"neow_bonus":"THREE_ENEMY_KILL","is_prod":false,"is_daily":false,"chose_seed":false,"campfire_upgraded":2,"win_rate":0,"timestamp":1556107138,"path_taken":["M","M","?","?","?","E","R","E","T","R","?","?","$","?","R","BOSS","M","?","$","?","?","R","E","M","T","R","?","E","R","M","R","BOSS"],"build_version":"2019-01-23","purchased_purges":1,"victory":false,"max_hp_per_floor":[75,75,75,75,75,75,75,75,75,75,75,75,75,75,75,75,75,75,75,75,75,80,80,94,94,94,94,94,94,94,94,94,94],"card_choices":[{"not_picked":["Armaments","Clash","Body Slam"],"picked":"SKIP","floor":1},{"not_picked":["Iron Wave","Blood for Blood"],"picked":"Feel No Pain","floor":2},{"not_picked":["Anger","Wild Strike"],"picked":"Ghostly Armor","floor":3},{"not_picked":["Pommel Strike","Flex"],"picked":"Whirlwind","floor":6},{"not_picked":["Hemokinesis","Burning Pact","Havoc"],"picked":"SKIP","floor":8},{"not_picked":["Exhume","Heavy Blade","Wild Strike"],"picked":"SKIP","floor":11},{"not_picked":["Body Slam","Whirlwind"],"picked":"Feel No Pain","floor":14},{"not_picked":["Brutality","Dark Embrace"],"picked":"Double Tap","floor":16},{"not_picked":["Headbutt","Inflame"],"picked":"Second Wind","floor":18},{"not_picked":["Twin Strike","Uppercut","Second Wind"],"picked":"SKIP","floor":24},{"not_picked":["Clothesline","Havoc+1","Reckless Charge"],"picked":"SKIP","floor":25},{"not_picked":["Corruption","Fire Breathing"],"picked":"Ghostly Armor","floor":29},{"not_picked":["Feel No Pain","Flame Barrier"],"picked":"Shrug It Off","floor":31}],"player_experience":3353146,"relics_obtained":[{"floor":6,"key":"Bottled Flame"},{"floor":8,"key":"Vajra"},{"floor":14,"key":"Odd Mushroom"},{"floor":21,"key":"Nilry\u0027s Codex"},{"floor":24,"key":"Mango"},{"floor":26,"key":"Red Skull"},{"floor":28,"key":"Blood Vial"},{"floor":29,"key":"MawBank"}],"event_choices":[{"cards_removed":["Strike_R"],"damage_healed":0,"gold_gain":0,"player_choice":"Card Removal","damage_taken":7,"max_hp_gain":0,"max_hp_loss":0,"event_name":"Golden Wing","floor":4,"gold_loss":0},{"damage_healed":0,"gold_gain":0,"player_choice":"Upgraded","damage_taken":0,"max_hp_gain":0,"max_hp_loss":0,"event_name":"Upgrade Shrine","floor":5,"gold_loss":0,"cards_upgraded":["Bash"]},{"damage_healed":0,"gold_gain":150,"player_choice":"AGREE","damage_taken":0,"max_hp_gain":0,"max_hp_loss":0,"event_name":"Liars Game","floor":12,"gold_loss":0,"cards_obtained":["Doubt"]},{"damage_healed":0,"gold_gain":0,"player_choice":"Fought Mushrooms","damage_taken":0,"max_hp_gain":0,"max_hp_loss":0,"event_name":"Mushrooms","floor":14,"gold_loss":0},{"damage_healed":0,"gold_gain":0,"player_choice":"Obtained Relic","damage_taken":0,"relics_obtained":["Old Coin"],"max_hp_gain":0,"max_hp_loss":0,"event_name":"Addict","floor":19,"gold_loss":85},{"damage_healed":0,"gold_gain":0,"player_choice":"Obtained Book","damage_taken":21,"max_hp_gain":0,"max_hp_loss":0,"event_name":"Cursed Tome","floor":21,"gold_loss":0},{"damage_healed":0,"gold_gain":0,"player_choice":"Shed Blood","damage_taken":26,"max_hp_gain":5,"max_hp_loss":0,"event_name":"Forgotten Altar","floor":22,"gold_loss":0}],"is_beta":false,"boss_relics":[{"not_picked":["Cursed Key","Runic Pyramid"],"picked":"Velvet Choker"}],"items_purged_floors":[13],"is_endless":false,"potions_floor_spawned":[6,8,14,25],"killed_by":"Collector","ascension_level":20}