{"gold_per_floor":[113,113,113,127,14,14,27,54,80,92,119,164,176],"floor_reached":13,"playtime":233,"items_purged":[],"score":186,"play_id":"8e49fca2-405f-4b11-ba8a-ee89f8a45ec0","local_time":"20190225133944","is_ascension_mode":true,"campfire_choices":[{"data":"Zap","floor":6,"key":"SMITH"},{"data":"Streamline","floor":10,"key":"SMITH"}],"neow_cost":"NONE","seed_source_timestamp":438746693629300,"circlet_count":0,"master_deck":["AscendersBane","Strike_B","Strike_B","Strike_B","Strike_B","Defend_B","Defend_B","Defend_B","Zap+1","Dualcast","Ball Lightning","Capacitor","Cold Snap","Coolheaded","Streamline+1"],"relics":["Cracked Core","NeowsBlessing","Vajra","MawBank","Happy Flower"],"potions_floor_usage":[12,13],"damage_taken":[{"damage":0,"enemies":"Small Slimes","floor":1,"turns":1},{"damage":0,"enemies":"Jaw Worm","floor":4,"turns":1},{"damage":0,"enemies":"Cultist","floor":7,"turns":1},{"damage":22,"enemies":"Lagavulin","floor":8,"turns":6},{"damage":4,"enemies":"Blue Slaver","floor":11,"turns":3},{"damage":23,"enemies":"3 Sentries","floor":12,"turns":6},{"damage":0,"enemies":"2 Fungi Beasts","floor":13,"turns":1}],"seed_played":"-3774493183470691871","potions_obtained":[{"floor":1,"key":"FocusPotion"}],"is_trial":false,"path_per_floor":["M","?","?","M","$","R","M","E","T","R","M","E","M"],"character_chosen":"DEFECT","items_purchased":["Cold Snap","Fire Potion"],"campfire_rested":0,"item_purchase_floors":[5,5],"current_hp_per_floor":[64,64,57,57,57,57,57,35,35,35,31,8,8],"gold":176,"neow_bonus":"THREE_ENEMY_KILL","is_prod":false,"is_daily":false,"chose_seed":false,"campfire_upgraded":2,"win_rate":0,"timestamp":1551069584,"path_taken":["M","?","?","M","?","R","?","E","T","R","M","E","M"],"build_version":"2019-01-23","purchased_purges":0,"victory":false,"max_hp_per_floor":[71,71,71,71,71,71,71,71,71,71,71,71,71],"card_choices":[{"not_picked":["Tempest","Storm"],"picked":"Ball Lightning","floor":1},{"not_picked":["Compile Driver","Chaos"],"picked":"Capacitor","floor":4},{"not_picked":["Fusion","Skim"],"picked":"Coolheaded","floor":7},{"not_picked":["Lockon","Redo"],"picked":"Streamline","floor":8},{"not_picked":["Blizzard","Aggregate","Storm"],"picked":"SKIP","floor":11},{"not_picked":["Ball Lightning","Go for the Eyes","Melter"],"picked":"SKIP","floor":12}],"player_experience":1811378,"relics_obtained":[{"floor":8,"key":"Vajra"},{"floor":9,"key":"MawBank"},{"floor":12,"key":"Happy Flower"}],"event_choices":[{"damage_healed":0,"gold_gain":0,"player_choice":"Ignored","damage_taken":0,"max_hp_gain":0,"max_hp_loss":0,"event_name":"Liars Game","floor":2,"gold_loss":0},{"cards_removed":["Defend_B"],"damage_healed":0,"gold_gain":0,"player_choice":"Card Removal","damage_taken":7,"max_hp_gain":0,"max_hp_loss":0,"event_name":"Golden Wing","floor":3,"gold_loss":0}],"is_beta":false,"boss_relics":[],"items_purged_floors":[],"is_endless":false,"potions_floor_spawned":[1],"killed_by":"2 Fungi Beasts","ascension_level":20}