{"gold_per_floor":[111,124,124,124,13,13,45,57,69,96,125,137,160,172,184,269,281,303,240,265,377,403,415,427,459,501,513,525,549,578,100,100,177,177,191,201,216,16,40,40,40,57,57,57,57,89,39,52,52,52,52,52,52,52,84,84],"floor_reached":57,"playtime":2156,"items_purged":["Pain","Strike_B","Defend_B"],"score":2589,"play_id":"600a5dc6-952a-468b-b718-400153803cd9","local_time":"20190406162930","is_ascension_mode":true,"campfire_choices":[{"data":"Static Discharge","floor":6.0,"key":"SMITH"},{"data":"Consume","floor":8.0,"key":"SMITH"},{"floor":15.0,"key":"REST"},{"data":"Coolheaded","floor":23,"key":"SMITH"},{"data":"Tempest","floor":28,"key":"SMITH"},{"data":"Capacitor","floor":32,"key":"SMITH"},{"data":"Echo Form","floor":40,"key":"SMITH"},{"floor":49,"key":"RECALL"},{"data":"Loop","floor":53,"key":"SMITH"}],"neow_cost":"NONE","seed_source_timestamp":708705212059000,"circlet_count":0,"master_deck":["AscendersBane","Defend_B","Defend_B","Defend_B","Zap","Dualcast","Self Repair","Consume+1","Static Discharge+1","Coolheaded+1","Echo Form+1","Self Repair","Tempest+1","Glacier","Streamline+1","Cold Snap+1","Capacitor+1","Meteor Strike+1","Sunder+1","Glacier","Blizzard+1","Coolheaded+1","Echo Form","Hologram+1","Loop+1","Blizzard+1"],"special_seed":0,"relics":["Cracked Core","Matryoshka","WarpedTongs","MawBank","Lantern","Potion Belt","Omamori","Snecko Eye","Bird Faced Urn","Question Card","Tiny Chest","Molten Egg 2","Meat on the Bone","Runic Capacitor","Inserter","Happy Flower","Toxic Egg 2","Shuriken"],"potions_floor_usage":[21,56,56,56,56],"damage_taken":[{"damage":0.0,"enemies":"2 Louse","floor":1.0,"turns":2.0},{"damage":1.0,"enemies":"Cultist","floor":2.0,"turns":3.0},{"damage":11.0,"enemies":"Gremlin Nob","floor":7.0,"turns":3.0},{"damage":2.0,"enemies":"Small Slimes","floor":10.0,"turns":3.0},{"damage":46.0,"enemies":"Gremlin Gang","floor":11.0,"turns":6.0},{"damage":2.0,"enemies":"Large Slime","floor":13.0,"turns":4.0},{"damage":31.0,"enemies":"The Guardian","floor":16.0,"turns":10.0},{"damage":17.0,"enemies":"3 Byrds","floor":18.0,"turns":2.0},{"damage":0.0,"enemies":"Spheric Guardian","floor":20.0,"turns":7.0},{"damage":24,"enemies":"Colosseum Slavers","floor":21,"turns":7},{"damage":29,"enemies":"Colosseum Nobs","floor":21,"turns":3},{"damage":0,"enemies":"Snake Plant","floor":22,"turns":3},{"damage":35,"enemies":"Chosen and Byrds","floor":25,"turns":3},{"damage":6,"enemies":"Snecko","floor":29,"turns":4},{"damage":1,"enemies":"Sentry and Sphere","floor":30,"turns":6},{"damage":8,"enemies":"Champ","floor":33,"turns":8},{"damage":11,"enemies":"Orb Walker","floor":35,"turns":4},{"damage":0,"enemies":"3 Shapes","floor":36,"turns":3},{"damage":20,"enemies":"Spire Growth","floor":37,"turns":4},{"damage":20,"enemies":"Transient","floor":42,"turns":6},{"damage":49,"enemies":"Nemesis","floor":46,"turns":11},{"damage":0,"enemies":"Writhing Mass","floor":48,"turns":5},{"damage":54,"enemies":"Time Eater","floor":50,"turns":10},{"damage":25,"enemies":"Donu and Deca","floor":51,"turns":7},{"damage":47,"enemies":"Shield and Spear","floor":55,"turns":5},{"damage":36,"enemies":"The Heart","floor":56,"turns":9}],"seed_played":"-6370446608584832013","potions_obtained":[{"floor":1.0,"key":"GamblersBrew"},{"floor":10.0,"key":"Dexterity Potion"},{"floor":18.0,"key":"Poison Potion"},{"floor":25,"key":"GamblersBrew"},{"floor":30,"key":"FearPotion"},{"floor":36,"key":"Weak Potion"},{"floor":48,"key":"Strength Potion"},{"floor":55,"key":"GamblersBrew"}],"is_trial":false,"path_per_floor":["M","M","?","?","$","R","E","R","T","M","M","?","M","?","R","B",null,"M","?","M","?","M","R","?","M","T","T","R","M","M","$","R","B",null,"M","M","M","$","T","R","$","M","T","?","?","E","$","M","R","B","B",null,"R","$","E","B",null],"character_chosen":"DEFECT","items_purchased":["Static Discharge","Runic Capacitor","Capacitor","Doom and Gloom+1","Blizzard+1","Hologram+1"],"campfire_rested":1,"item_purchase_floors":[5,31,31,31,38,47],"current_hp_per_floor":[71,71,53,53,53,53,49,49,49,54,15,15,20,13,34,10,56,49,49,71,42,55,55,35,39,39,39,39,76,76,76,76,76,76,76,76,67,67,67,67,67,71,71,71,71,72,72,72,72,72,72,72,72,72,71,72],"gold":84,"neow_bonus":"TRANSFORM_CARD","is_prod":false,"is_daily":false,"chose_seed":false,"campfire_upgraded":7,"win_rate":0,"timestamp":1554535770,"path_taken":["M","M","?","?","$","R","E","R","T","?","M","?","?","?","R","BOSS","M","?","M","?","M","R","?","?","T","?","R","M","M","$","R","BOSS","M","?","M","$","?","R","$","M","T","?","?","E","?","M","R","BOSS","BOSS","R","$","E","BOSS"],"build_version":"2019-01-23","purchased_purges":3,"victory":true,"max_hp_per_floor":[71,71,71,71,71,71,71,71,71,71,71,71,71,71,71,71,71,71,71,71,71,71,71,76,76,76,76,76,76,76,76,76,76,76,76,76,76,76,76,76,76,76,76,76,72,72,72,72,72,72,72,72,72,72,72,72],"card_choices":[{"not_picked":["BootSequence","Compile Driver"],"picked":"Consume","floor":1.0},{"not_picked":["Scrape","Stack","Redo"],"picked":"SKIP","floor":2.0},{"not_picked":["Double Energy","Steam Power"],"picked":"Coolheaded","floor":7.0},{"not_picked":["Redo","All For One","Barrage"],"picked":"SKIP","floor":10.0},{"not_picked":["Reprogram","Streamline","Barrage"],"picked":"SKIP","floor":11.0},{"not_picked":["Hologram","Beam Cell","Darkness"],"picked":"SKIP","floor":13.0},{"not_picked":["Seek","Meteor Strike"],"picked":"Echo Form","floor":16.0},{"not_picked":["BootSequence","Go for the Eyes"],"picked":"Self Repair","floor":18.0},{"not_picked":["Reprogram","Streamline","Gash"],"picked":"SKIP","floor":20.0},{"not_picked":["Stack","Beam Cell"],"picked":"Tempest","floor":21},{"not_picked":["Defragment","Hologram","Stack"],"picked":"Glacier","floor":22},{"not_picked":["Rebound","FTL","Barrage"],"picked":"Streamline+1","floor":25},{"not_picked":["Scrape+1","Hyperbeam+1","Undo","Steam"],"picked":"SKIP","floor":29},{"not_picked":["Beam Cell+1","Conserve Battery","Chaos"],"picked":"Cold Snap+1","floor":30},{"not_picked":["Machine Learning","Creative AI","Multi-Cast"],"picked":"Meteor Strike+1","floor":33},{"not_picked":["Hello World+1","Ball Lightning+1","Streamline+1","Coolheaded"],"picked":"SKIP","floor":35},{"not_picked":["Leap+1","Compile Driver+1","White Noise"],"picked":"Sunder+1","floor":36},{"not_picked":["Barrage+1","Compile Driver+1","Skim+1"],"picked":"Glacier","floor":37},{"not_picked":["Auto Shields","Conserve Battery","Rebound+1"],"picked":"Coolheaded+1","floor":42},{"not_picked":["Stack+1","Streamline+1","Compile Driver+1"],"picked":"Echo Form","floor":46},{"not_picked":["Hello World+1","Coolheaded+1","Ball Lightning+1"],"picked":"Loop","floor":48},{"not_picked":["Steam+1","Streamline+1","Creative AI"],"picked":"Blizzard+1","floor":55}],"player_experience":2916962,"relics_obtained":[{"floor":7.0,"key":"MawBank"},{"floor":9.0,"key":"Lantern"},{"floor":9.0,"key":"Potion Belt"},{"floor":12.0,"key":"Omamori"},{"floor":21,"key":"Bird Faced Urn"},{"floor":21,"key":"Question Card"},{"floor":26,"key":"Tiny Chest"},{"floor":26,"key":"Molten Egg 2"},{"floor":27,"key":"Meat on the Bone"},{"floor":39,"key":"Happy Flower"},{"floor":46,"key":"Toxic Egg 2"},{"floor":55,"key":"Shuriken"}],"event_choices":[{"damage_healed":0.0,"max_hp_gain":0.0,"max_hp_loss":0.0,"gold_gain":0.0,"event_name":"Scrap Ooze","player_choice":"Success","floor":3.0,"gold_loss":0.0,"damage_taken":18.0,"relics_obtained":["Matryoshka"]},{"damage_healed":0.0,"max_hp_gain":0.0,"max_hp_loss":0.0,"gold_gain":0.0,"event_name":"Accursed Blacksmith","player_choice":"Rummage","floor":4.0,"gold_loss":0.0,"damage_taken":0.0,"relics_obtained":["WarpedTongs"],"cards_obtained":["Pain"]},{"damage_healed":0.0,"max_hp_gain":0.0,"max_hp_loss":0.0,"gold_gain":0.0,"event_name":"Wheel of Change","player_choice":"Relic","floor":12.0,"gold_loss":0.0,"damage_taken":0.0},{"cards_removed":["Strike_B"],"damage_healed":0.0,"max_hp_gain":0.0,"max_hp_loss":0.0,"gold_gain":0.0,"event_name":"Golden Wing","player_choice":"Card Removal","floor":14.0,"gold_loss":0.0,"damage_taken":7.0},{"cards_removed":["Strike_B"],"damage_healed":0.0,"max_hp_gain":0.0,"max_hp_loss":0.0,"gold_gain":0.0,"event_name":"Beggar","player_choice":"Gave Gold","floor":19.0,"gold_loss":75.0,"damage_taken":0.0},{"damage_healed":0,"gold_gain":0,"player_choice":"Fight","damage_taken":0,"max_hp_gain":0,"max_hp_loss":0,"event_name":"Colosseum","floor":21,"gold_loss":0},{"damage_healed":0,"gold_gain":0,"player_choice":"Fought Nobs","damage_taken":0,"max_hp_gain":0,"max_hp_loss":0,"event_name":"Colosseum","floor":21,"gold_loss":0},{"damage_healed":0,"gold_gain":0,"player_choice":"Shed Blood","damage_taken":25,"max_hp_gain":5,"max_hp_loss":0,"event_name":"Forgotten Altar","floor":24,"gold_loss":0},{"cards_removed":["Doom and Gloom"],"damage_healed":0,"gold_gain":0,"player_choice":"Removed Attack","damage_taken":0,"max_hp_gain":0,"max_hp_loss":0,"event_name":"Falling","floor":44,"gold_loss":0},{"damage_healed":0,"gold_gain":0,"player_choice":"Max HP","damage_taken":0,"max_hp_gain":0,"max_hp_loss":4,"event_name":"Winding Halls","floor":45,"gold_loss":0}],"is_beta":false,"boss_relics":[{"not_picked":["Busted Crown","Black Star"],"picked":"Snecko Eye"},{"not_picked":["Orrery","Sozu"],"picked":"Inserter"}],"items_purged_floors":[5,31,38],"is_endless":false,"potions_floor_spawned":[1,10,18,25,30,36,48,55],"ascension_level":20}