{"gold_per_floor":[115,115,133,133,55,55,72,107,132,165,165,130,130],"floor_reached":13,"playtime":248,"items_purged":[],"score":182,"play_id":"5859b506-3231-459d-81ce-d417afc07e60","local_time":"20190312213615","is_ascension_mode":true,"campfire_choices":[{"data":"Consume","floor":6,"key":"SMITH"}],"neow_cost":"NONE","seed_source_timestamp":300276396690300,"circlet_count":0,"master_deck":["AscendersBane","Strike_B","Strike_B","Strike_B","Strike_B","Defend_B","Defend_B","Defend_B","Defend_B","Zap","Dualcast","Self Repair","Consume+1","Loop"],"relics":["Cracked Core","NeowsBlessing","Pen Nib","Peace Pipe","Happy Flower","Mercury Hourglass"],"potions_floor_usage":[8,13],"damage_taken":[{"damage":0,"enemies":"Jaw Worm","floor":1,"turns":1},{"damage":0,"enemies":"2 Louse","floor":3,"turns":2},{"damage":0,"enemies":"Small Slimes","floor":7,"turns":2},{"damage":48,"enemies":"Gremlin Nob","floor":8,"turns":4},{"damage":15,"enemies":"Lagavulin","floor":10,"turns":7},{"damage":9,"enemies":"Gremlin Nob","floor":13,"turns":3}],"seed_played":"3675048918856478492","potions_obtained":[{"floor":1,"key":"Poison Potion"},{"floor":10,"key":"PowerPotion"}],"is_trial":false,"path_per_floor":["M","?","M","?","$","R","M","E","T","E","?","?","E"],"character_chosen":"DEFECT","items_purchased":["Loop"],"campfire_rested":0,"item_purchase_floors":[5],"current_hp_per_floor":[64,29,36,59,59,59,59,18,18,10,10,27,18],"gold":130,"neow_bonus":"THREE_ENEMY_KILL","is_prod":false,"is_daily":false,"chose_seed":false,"campfire_upgraded":1,"win_rate":0,"timestamp":1552394175,"path_taken":["M","?","M","?","$","R","M","E","T","E","?","?","E"],"build_version":"2019-01-23","purchased_purges":0,"victory":false,"max_hp_per_floor":[71,71,71,71,71,71,71,71,71,71,71,71,71],"card_choices":[{"not_picked":["Rebound","Double Energy"],"picked":"Self Repair","floor":1},{"not_picked":["Leap","Rebound"],"picked":"Consume","floor":3},{"not_picked":["Gash","Steam Power","Doom and Gloom"],"picked":"SKIP","floor":7},{"not_picked":["Heatsinks","Meteor Strike","Hello World"],"picked":"SKIP","floor":8},{"not_picked":["Melter","Fusion","Conserve Battery"],"picked":"SKIP","floor":10}],"player_experience":2213166,"relics_obtained":[{"floor":8,"key":"Peace Pipe"},{"floor":9,"key":"Happy Flower"},{"floor":10,"key":"Mercury Hourglass"}],"event_choices":[{"damage_healed":0,"gold_gain":0,"player_choice":"Success","damage_taken":35,"relics_obtained":["Pen Nib"],"max_hp_gain":0,"max_hp_loss":0,"event_name":"Scrap Ooze","floor":2,"gold_loss":0},{"damage_healed":23,"gold_gain":0,"player_choice":"Banana","damage_taken":0,"max_hp_gain":0,"max_hp_loss":0,"event_name":"Big Fish","floor":4,"gold_loss":0},{"damage_healed":0,"gold_gain":0,"player_choice":"Ignored","damage_taken":0,"max_hp_gain":0,"max_hp_loss":0,"event_name":"Shining Light","floor":11,"gold_loss":0},{"damage_healed":17,"gold_gain":0,"player_choice":"Healed","damage_taken":0,"max_hp_gain":0,"max_hp_loss":0,"event_name":"The Cleric","floor":12,"gold_loss":35}],"is_beta":false,"boss_relics":[],"items_purged_floors":[],"is_endless":false,"potions_floor_spawned":[1,10],"killed_by":"Gremlin Nob","ascension_level":20}