{"gold_per_floor":[114,114,130,130,130,130,161,161,161,161,126,137,149,149,149,249,249,259,275,275,285,285],"floor_reached":22,"playtime":1071,"items_purged":[],"score":184,"play_id":"8ee84d02-13c9-4ae6-b5fd-f293b38c5c1a","local_time":"20190123181239","is_ascension_mode":false,"campfire_choices":[{"data":"Redo","floor":6,"key":"SMITH"},{"data":"Zap","floor":8,"key":"SMITH"},{"floor":15,"key":"RECALL"}],"neow_cost":"NONE","seed_source_timestamp":253013864301643,"circlet_count":0,"master_deck":["Strike_B","Strike_B","Strike_B","Strike_B","Defend_B","Defend_B","Defend_B","Defend_B","Zap+1","Dualcast","Redo+1","Self Repair","Chill","Swift Strike","Static Discharge","Chaos+1","Hello World","Biased Cognition","Chaos","Conserve Battery+1","Hello World"],"relics":["Cracked Core","Pantograph","Inserter","Enchiridion"],"potions_floor_usage":[7,7,7,19,21],"damage_taken":[{"damage":1,"enemies":"Jaw Worm","floor":1,"turns":3},{"damage":5,"enemies":"Small Slimes","floor":3,"turns":3},{"damage":9,"enemies":"Lagavulin","floor":7,"turns":8},{"damage":1,"enemies":"Cultist","floor":12,"turns":3},{"damage":2,"enemies":"3 Louse","floor":13,"turns":5},{"damage":50,"enemies":"Slime Boss","floor":16,"turns":9},{"damage":30,"enemies":"2 Thieves","floor":18,"turns":3},{"damage":2,"enemies":"Chosen","floor":19,"turns":4},{"damage":21,"enemies":"Snake Plant","floor":21,"turns":3},{"damage":31,"enemies":"Cultist and Chosen","floor":22,"turns":6}],"seed_played":"-6593120079611973059","potions_obtained":[{"floor":0,"key":"PowerPotion"},{"floor":0,"key":"FocusPotion"},{"floor":0,"key":"EssenceOfSteel"},{"floor":12,"key":"EssenceOfSteel"},{"floor":16,"key":"Strength Potion"}],"is_trial":false,"path_per_floor":["M","?","M","?","?","R","E","R","T","?","$","M","M","?","R","B",null,"M","M","?","M","M"],"character_chosen":"DEFECT","items_purchased":["Static Discharge"],"campfire_rested":0,"item_purchase_floors":[11],"current_hp_per_floor":[74,74,69,74,74,74,72,72,72,72,72,78,80,80,80,37,80,57,62,46,25,0],"gold":285,"neow_bonus":"THREE_SMALL_POTIONS","is_prod":false,"is_daily":false,"chose_seed":false,"campfire_upgraded":2,"win_rate":0,"timestamp":1548259959,"path_taken":["M","?","M","?","?","R","E","R","T","?","$","?","M","?","R","BOSS","M","M","?","M","M"],"build_version":"2019-01-17v2","purchased_purges":0,"victory":false,"max_hp_per_floor":[75,75,75,80,80,80,80,80,80,80,80,80,80,80,80,80,80,80,80,80,80,80],"card_choices":[{"not_picked":["Beam Cell","Reinforced Body"],"picked":"Redo","floor":1},{"not_picked":["Sunder","Compile Driver"],"picked":"Self Repair","floor":3},{"not_picked":["Auto Shields","Cold Snap"],"picked":"Chill","floor":7},{"not_picked":["Gash","Coolheaded"],"picked":"Chaos","floor":12},{"not_picked":["Rebound","BootSequence"],"picked":"Hello World","floor":13},{"not_picked":["Meteor Strike","Amplify"],"picked":"Biased Cognition","floor":16},{"not_picked":["Coolheaded+1","Consume+1"],"picked":"Chaos","floor":18},{"not_picked":["Aggregate+1","Scrape"],"picked":"Conserve Battery+1","floor":19},{"not_picked":["Gash","Melter"],"picked":"Hello World","floor":21}],"player_experience":916627,"relics_obtained":[{"floor":7,"key":"Pantograph"},{"floor":20,"key":"Enchiridion"}],"event_choices":[{"damage_healed":0,"gold_gain":0,"player_choice":"Leave","damage_taken":0,"max_hp_gain":0,"max_hp_loss":0,"event_name":"The Cleric","floor":2,"gold_loss":0},{"damage_healed":0,"gold_gain":0,"player_choice":"Donut","damage_taken":0,"max_hp_gain":5,"max_hp_loss":0,"event_name":"Big Fish","floor":4,"gold_loss":0},{"damage_healed":0,"gold_gain":0,"player_choice":"Ignored","damage_taken":0,"max_hp_gain":0,"max_hp_loss":0,"event_name":"Golden Wing","floor":5,"gold_loss":0},{"damage_healed":0,"gold_gain":0,"player_choice":"1 cards matched","damage_taken":0,"max_hp_gain":0,"max_hp_loss":0,"event_name":"Match and Keep!","floor":10,"gold_loss":0,"cards_obtained":["Swift Strike"]},{"damage_healed":0,"gold_gain":0,"player_choice":"Grow","damage_taken":0,"max_hp_gain":0,"max_hp_loss":0,"event_name":"Living Wall","floor":14,"gold_loss":0,"cards_upgraded":["Chaos"]},{"damage_healed":0,"gold_gain":0,"player_choice":"Obtained Book","damage_taken":16,"max_hp_gain":0,"max_hp_loss":0,"event_name":"Cursed Tome","floor":20,"gold_loss":0}],"is_beta":false,"boss_relics":[{"not_picked":["Ectoplasm","Busted Crown"],"picked":"Inserter"}],"items_purged_floors":[],"is_endless":false,"potions_floor_spawned":[12,16],"killed_by":"Cultist and Chosen","ascension_level":0}