{"gold_per_floor":[110,68,68,82,82,82,82,116,193,193,229,229,310,333,333,426,426,441,12,35,54,104,104,127,167,167,187,231,231,231,231,231,306,306,323,248,263,82,92,92,102,102,102,102,102,102,0,34,34,34,34,34,34,34,66,66],"floor_reached":56,"playtime":3275,"items_purged":["Strike_R","Anger+1"],"score":1963,"play_id":"df71a613-0f81-45fa-a647-7cac8df6bc15","local_time":"20190313141557","is_ascension_mode":true,"campfire_choices":[{"data":"Armaments","floor":6,"key":"SMITH"},{"data":"Shockwave","floor":10,"key":"SMITH"},{"data":"Inflame","floor":15,"key":"SMITH"},{"data":"Discovery","floor":23,"key":"SMITH"},{"floor":30,"key":"REST"},{"data":"Juggernaut","floor":32,"key":"SMITH"},{"data":"Impervious","floor":40,"key":"SMITH"},{"floor":46,"key":"RECALL"},{"data":"Disarm","floor":49,"key":"SMITH"},{"data":"Evolve","floor":53,"key":"SMITH"}],"neow_cost":"TEN_PERCENT_HP_LOSS","seed_source_timestamp":357231523339100,"circlet_count":0,"master_deck":["AscendersBane","Bash","Seeing Red","Pummel","Inflame+1","Shockwave+1","Feed","Armaments+1","Body Slam+1","Headbutt+1","Fiend Fire+1","Disarm+1","Evolve+1","Discovery+1","Heavy Blade+1","Entrench","Pommel Strike+1","Juggernaut+1","Feed+1","Impervious+1","Battle Trance","Corruption","Barricade","Dual Wield","Twin Strike+1","Power Through+1","Whirlwind+1","Power Through","Shrug It Off"],"relics":["Burning Blood","Bloody Idol","PreservedInsect","Molten Egg 2","Letter Opener","Tiny Chest","Snecko Eye","Oddly Smooth Stone","Shuriken","Turnip","Anchor","Pandora\u0027s Box","Art of War","Red Mask","Regal Pillow","Lantern"],"potions_floor_usage":[8,8,25,33,33,50,55,56],"damage_taken":[{"damage":1,"enemies":"2 Louse","floor":1,"turns":3},{"damage":6,"enemies":"Cultist","floor":4,"turns":4},{"damage":8,"enemies":"Gremlin Nob","floor":8,"turns":3},{"damage":40,"enemies":"3 Sentries","floor":11,"turns":12},{"damage":0,"enemies":"Small Slimes","floor":14,"turns":4},{"damage":32,"enemies":"Slime Boss","floor":16,"turns":8},{"damage":7,"enemies":"3 Byrds","floor":18,"turns":5},{"damage":4,"enemies":"2 Thieves","floor":20,"turns":2},{"damage":8,"enemies":"Centurion and Healer","floor":21,"turns":4},{"damage":36,"enemies":"Snake Plant","floor":24,"turns":7},{"damage":14,"enemies":"Book of Stabbing","floor":25,"turns":2},{"damage":8,"enemies":"Snecko","floor":27,"turns":5},{"damage":26,"enemies":"Slavers","floor":28,"turns":4},{"damage":50,"enemies":"Automaton","floor":33,"turns":10},{"damage":0,"enemies":"Orb Walker","floor":35,"turns":2},{"damage":6,"enemies":"3 Shapes","floor":37,"turns":6},{"damage":0,"enemies":"Spire Growth","floor":39,"turns":4},{"damage":2,"enemies":"Writhing Mass","floor":41,"turns":3},{"damage":0,"enemies":"Nemesis","floor":48,"turns":5},{"damage":100,"enemies":"Awakened One","floor":50,"turns":17},{"damage":24,"enemies":"Time Eater","floor":51,"turns":10},{"damage":86,"enemies":"Shield and Spear","floor":55,"turns":6},{"damage":8,"enemies":"The Heart","floor":56,"turns":2}],"seed_played":"-1648434306122369307","potions_obtained":[{"floor":4,"key":"SteroidPotion"},{"floor":8,"key":"Fruit Juice"},{"floor":20,"key":"SteroidPotion"},{"floor":21,"key":"Energy Potion"},{"floor":27,"key":"Strength Potion"},{"floor":35,"key":"Fire Potion"},{"floor":37,"key":"FearPotion"},{"floor":55,"key":"Regen Potion"}],"is_trial":false,"path_per_floor":["M","$","?","M","?","R","?","E","T","R","E","?","T","M","R","B",null,"M","$","M","M","?","R","M","E","T","M","E","?","R","?","R","B",null,"M","?","M","$","M","R","M","?","T","$","T","R","?","E","R","B","B",null,"R","$","E","B"],"character_chosen":"IRONCLAD","items_purchased":["Shockwave","Oddly Smooth Stone","Evolve","Discovery","Whirlwind+1"],"campfire_rested":1,"item_purchase_floors":[2,19,19,19,38],"current_hp_per_floor":[68,68,68,71,71,71,47,53,53,53,22,49,49,59,59,33,73,76,76,81,83,83,83,56,48,48,46,30,30,61,61,61,22,84,99,99,111,111,119,119,119,109,109,109,109,109,109,119,119,28,10,94,94,94,19,16],"gold":66,"neow_bonus":"TRANSFORM_TWO_CARDS","is_prod":false,"is_daily":false,"chose_seed":false,"campfire_upgraded":8,"win_rate":0,"timestamp":1552454157,"path_taken":["M","$","?","?","?","R","?","E","T","R","E","?","?","M","R","BOSS","M","$","M","M","?","R","M","E","T","?","E","?","R","?","R","BOSS","M","?","?","$","M","R","M","?","T","?","?","R","?","E","R","BOSS","BOSS","R","$","E","BOSS"],"build_version":"2019-01-23","purchased_purges":2,"victory":false,"max_hp_per_floor":[68,68,68,71,71,71,71,79,79,79,82,82,82,86,86,86,86,90,90,93,97,97,97,100,100,100,100,104,104,104,104,104,104,104,108,108,115,115,119,119,119,119,119,119,119,119,119,119,119,122,122,122,122,122,122,122],"card_choices":[{"not_picked":["Headbutt","Heavy Blade"],"picked":"Inflame","floor":1},{"not_picked":["Bloodletting","Second Wind"],"picked":"Armaments","floor":4},{"not_picked":["Warcry","Searing Blow","Bloodletting"],"picked":"SKIP","floor":8},{"not_picked":["Inflame","Pommel Strike+1"],"picked":"Body Slam+1","floor":11},{"not_picked":["Clothesline+1","Dropkick+1"],"picked":"Headbutt+1","floor":14},{"not_picked":["Bludgeon+1","Dark Embrace"],"picked":"Fiend Fire+1","floor":16},{"not_picked":["Perfected Strike+1","Cleave+1"],"picked":"Disarm","floor":18},{"not_picked":["Wild Strike+1","Rage"],"picked":"Heavy Blade+1","floor":20},{"not_picked":["Anger+1","Rupture","Flex"],"picked":"SKIP","floor":21},{"not_picked":["Perfected Strike+1","Twin Strike+1"],"picked":"Entrench","floor":24},{"not_picked":["True Grit","Anger+1"],"picked":"Pommel Strike+1","floor":25},{"not_picked":["Headbutt+1","Flex"],"picked":"Juggernaut","floor":27},{"not_picked":["Havoc","Combust"],"picked":"Feed+1","floor":28},{"not_picked":["Feed+1","Juggernaut"],"picked":"Impervious","floor":33},{"not_picked":["Headbutt+1","Searing Blow+1"],"picked":"Dual Wield","floor":35},{"not_picked":["Armaments","Bloodletting+1"],"picked":"Power Through+1","floor":37},{"not_picked":["Sentinel","Anger+1"],"picked":"Power Through","floor":39},{"not_picked":["Flex","Perfected Strike+1","Thunderclap+1"],"picked":"SKIP","floor":41},{"not_picked":["Havoc+1","Rampage+1"],"picked":"Shrug It Off","floor":48},{"not_picked":["Dual Wield","Hemokinesis+1","Battle Trance"],"picked":"SKIP","floor":55}],"player_experience":2223683,"relics_obtained":[{"floor":8,"key":"PreservedInsect"},{"floor":9,"key":"Molten Egg 2"},{"floor":11,"key":"Letter Opener"},{"floor":13,"key":"Tiny Chest"},{"floor":25,"key":"Shuriken"},{"floor":26,"key":"Turnip"},{"floor":28,"key":"Anchor"},{"floor":45,"key":"Art of War"},{"floor":48,"key":"Regal Pillow"},{"floor":55,"key":"Lantern"}],"event_choices":[{"damage_healed":0,"gold_gain":0,"player_choice":"1 cards matched","damage_taken":0,"max_hp_gain":0,"max_hp_loss":0,"event_name":"Match and Keep!","floor":3,"gold_loss":0,"cards_obtained":["Feed"]},{"cards_removed":["Strike_R"],"damage_healed":0,"gold_gain":0,"player_choice":"Forget","damage_taken":0,"max_hp_gain":0,"max_hp_loss":0,"event_name":"Living Wall","floor":5,"gold_loss":0},{"damage_healed":0,"gold_gain":0,"player_choice":"Take Damage","damage_taken":24,"relics_obtained":["Golden Idol"],"max_hp_gain":0,"max_hp_loss":0,"event_name":"Golden Idol","floor":7,"gold_loss":0},{"damage_healed":27,"gold_gain":0,"player_choice":"Banana","damage_taken":0,"max_hp_gain":0,"max_hp_loss":0,"event_name":"Big Fish","floor":12,"gold_loss":0},{"damage_healed":0,"gold_gain":50,"player_choice":"Pray","damage_taken":0,"max_hp_gain":0,"max_hp_loss":0,"event_name":"Golden Shrine","floor":22,"gold_loss":0},{"damage_healed":0,"gold_gain":0,"player_choice":"Simplicity","damage_taken":0,"max_hp_gain":0,"max_hp_loss":0,"event_name":"Back to Basics","floor":29,"gold_loss":0,"cards_upgraded":["Strike_R","Defend_R","Defend_R","Defend_R","Defend_R"]},{"damage_healed":0,"gold_gain":0,"player_choice":"Gave Idol","damage_taken":0,"relics_obtained":["Bloody Idol"],"max_hp_gain":0,"max_hp_loss":0,"event_name":"Forgotten Altar","floor":31,"relics_lost":["Golden Idol"],"gold_loss":0},{"damage_healed":0,"gold_gain":0,"cards_transformed":["Wild Strike","Wild Strike"],"player_choice":"Transformed Cards","damage_taken":0,"max_hp_gain":0,"max_hp_loss":0,"event_name":"Designer","floor":36,"gold_loss":75,"cards_obtained":["Twin Strike","Anger"]},{"damage_healed":0,"gold_gain":0,"player_choice":"Memory 3","damage_taken":10,"max_hp_gain":0,"max_hp_loss":0,"event_name":"SensoryStone","floor":42,"gold_loss":0},{"damage_healed":0,"gold_gain":0,"player_choice":"Paid","damage_taken":0,"relics_obtained":["Red Mask"],"max_hp_gain":0,"max_hp_loss":0,"event_name":"Tomb of Lord Red Mask","floor":47,"gold_loss":102}],"is_beta":false,"boss_relics":[{"not_picked":["Runic Dome","Astrolabe"],"picked":"Snecko Eye"},{"not_picked":["Empty Cage","Busted Crown"],"picked":"Pandora\u0027s Box"}],"items_purged_floors":[19,38],"is_endless":false,"potions_floor_spawned":[4,8,20,21,27,35,37,55],"killed_by":"The Heart","ascension_level":20}