{"gold_per_floor":[112,124,124,49,49,76,76,110,137,149,224,243,36,55,55,55],"floor_reached":16,"playtime":345,"items_purged":["Strike_B"],"score":270,"play_id":"14b788d0-712e-47c7-8901-b918989c7c67","local_time":"20190324125429","is_ascension_mode":true,"campfire_choices":[{"data":"Streamline","floor":7,"key":"SMITH"},{"data":"Sunder","floor":15,"key":"SMITH"}],"neow_cost":"NONE","seed_source_timestamp":66177360551200,"circlet_count":0,"master_deck":["AscendersBane","Strike_B","Strike_B","Defend_B","Defend_B","Defend_B","Defend_B","Zap","Dualcast","Cold Snap","Streamline+1","Sunder+1","Defragment","Reinforced Body"],"relics":["Cracked Core","NeowsBlessing","Centennial Puzzle","Calipers","Sundial","Art of War"],"potions_floor_usage":[10,12,16,16],"damage_taken":[{"damage":0,"enemies":"Cultist","floor":1,"turns":1},{"damage":0,"enemies":"2 Louse","floor":2,"turns":1},{"damage":0,"enemies":"Gremlin Nob","floor":6,"turns":1},{"damage":26,"enemies":"Lagavulin","floor":8,"turns":7},{"damage":1,"enemies":"Jaw Worm","floor":10,"turns":3},{"damage":8,"enemies":"Exordium Thugs","floor":12,"turns":3},{"damage":0,"enemies":"Large Slime","floor":14,"turns":4},{"damage":14,"enemies":"Slime Boss","floor":16,"turns":5}],"seed_played":"-145225049674528222","potions_obtained":[{"floor":1,"key":"EssenceOfSteel"},{"floor":8,"key":"EssenceOfSteel"},{"floor":14,"key":"GamblersBrew"}],"is_trial":false,"path_per_floor":["M","M","?","?","$","E","R","E","T","M","?","M","$","M","R","B"],"character_chosen":"DEFECT","items_purchased":["Defragment","Explosive Potion"],"campfire_rested":0,"item_purchase_floors":[13,13],"current_hp_per_floor":[64,64,53,53,53,53,53,27,27,26,15,7,7,7,7,0],"gold":55,"neow_bonus":"THREE_ENEMY_KILL","is_prod":false,"is_daily":false,"chose_seed":false,"campfire_upgraded":2,"win_rate":0,"timestamp":1553399669,"path_taken":["M","?","?","?","?","E","R","E","T","?","?","M","$","M","R","BOSS"],"build_version":"2019-01-23","purchased_purges":1,"victory":false,"max_hp_per_floor":[71,71,71,71,71,71,71,71,71,71,71,71,71,71,71,71],"card_choices":[{"not_picked":["Auto Shields","Genetic Algorithm"],"picked":"Cold Snap","floor":1},{"not_picked":["Gash","Compile Driver"],"picked":"Streamline","floor":2},{"not_picked":["Hologram","Rebound","Auto Shields"],"picked":"SKIP","floor":6},{"not_picked":["Conserve Battery","Multi-Cast","Stack"],"picked":"SKIP","floor":8},{"not_picked":["Undo","Barrage"],"picked":"Sunder","floor":10},{"not_picked":["Compile Driver","Double Energy","Genetic Algorithm"],"picked":"SKIP","floor":12},{"not_picked":["Double Energy","Stack"],"picked":"Reinforced Body","floor":14}],"player_experience":2528023,"relics_obtained":[{"floor":6,"key":"Calipers"},{"floor":8,"key":"Sundial"},{"floor":9,"key":"Art of War"}],"event_choices":[{"damage_healed":0,"gold_gain":0,"player_choice":"Success","damage_taken":11,"relics_obtained":["Centennial Puzzle"],"max_hp_gain":0,"max_hp_loss":0,"event_name":"Scrap Ooze","floor":3,"gold_loss":0},{"cards_removed":["Strike_B"],"damage_healed":0,"gold_gain":0,"player_choice":"Card Removal","damage_taken":0,"max_hp_gain":0,"max_hp_loss":0,"event_name":"The Cleric","floor":4,"gold_loss":75},{"damage_healed":0,"gold_gain":75,"player_choice":"Gather Gold","damage_taken":11,"max_hp_gain":0,"max_hp_loss":0,"event_name":"World of Goop","floor":11,"gold_loss":0}],"is_beta":false,"boss_relics":[],"items_purged_floors":[13],"is_endless":false,"potions_floor_spawned":[1,8,14],"killed_by":"Slime Boss","ascension_level":20}