{"path_per_floor":["M","?","M","M","M","E","R","E","T","R","M","$","M","?","R","B",null,"M","?","$","M","M","R","M","M","T","T","M","R"],"character_chosen":"IRONCLAD","items_purchased":["Ancient Tea Set","Blood Vial"],"gold_per_floor":[119,119,136,151,164,193,193,221,221,221,238,87,104,104,104,203,203,170,170,15,34,53,53,64,77,77,77,90,90],"floor_reached":30,"campfire_rested":3,"playtime":3518,"current_hp_per_floor":[80,80,80,80,80,64,64,62,76,94,94,94,94,94,94,42,94,80,65,65,65,36,55,45,37,37,37,37,56],"items_purged":[],"gold":90,"play_id":"630f67cd-fa53-4236-ae85-ff0cc08d1bd3","is_prod":false,"is_daily":false,"is_ascension_mode":false,"campfire_upgraded":2,"path_taken":["M","?","M","M","M","E","R","E","T","R","M","$","M","?","R","BOSS","M","?","$","M","M","R","M","M","T","?","M","R","E"],"build_version":"2018-01-25-PROD3","purchased_purges":0,"victory":false,"master_deck":["Defend_R","Defend_R","Defend_R","Defend_R","Bash","Shrug It Off+1","Armaments","Metallicize+1","Feel No Pain","Anger","Limit Break","Flex","Shrug It Off","Pommel Strike","Barricade","Seeing Red","Bite_R","Bite_R","Bite_R","Bite_R","Bite_R","Twin Strike","Infernal Blade","Wild Strike","Iron Wave+1","Blood for Blood"],"max_hp_per_floor":[80,80,80,80,80,80,80,80,94,94,94,94,94,94,94,94,94,94,65,65,65,65,65,65,65,65,65,65,65],"relics":["Burning Blood","Bottled Lightning","Juzu Bracelet","Mango","Ancient Tea Set","Lizard Tail","Blood Vial","Calipers","Bird Faced Urn"],"card_choices":[{"not_picked":["Body Slam","Infernal Blade"],"picked":"Shrug It Off"},{"not_picked":["Anger","Perfected Strike"],"picked":"Armaments"},{"not_picked":["Anger","Twin Strike"],"picked":"Metallicize"},{"not_picked":["Combust","Twin Strike"],"picked":"Feel No Pain"},{"not_picked":["Clothesline","Armaments"],"picked":"Anger"},{"not_picked":["Perfected Strike","Headbutt"],"picked":"Limit Break"},{"not_picked":["Fire Breathing","Headbutt"],"picked":"Flex"},{"not_picked":["Pommel Strike","Dropkick"],"picked":"Shrug It Off"},{"not_picked":["Clash","Combust"],"picked":"Pommel Strike"},{"not_picked":["Reaper","Demon Form"],"picked":"Barricade"},{"not_picked":["Perfected Strike","Armaments"],"picked":"Seeing Red"},{"not_picked":["Sword Boomerang","Brutality"],"picked":"Twin Strike"},{"not_picked":["True Grit","Burning Pact"],"picked":"Infernal Blade"},{"not_picked":["Thunderclap","Shockwave"],"picked":"Wild Strike"},{"not_picked":["Searing Blow","Wild Strike"],"picked":"Iron Wave"},{"not_picked":["Second Wind","Thunderclap"],"picked":"Blood for Blood"}],"player_experience":39377,"potions_floor_usage":[8,8,8,16,18,22,22,22],"damage_taken":[{"damage":4,"enemies":"Cultist","floor":1,"turns":4},{"damage":6,"enemies":"Blue Slaver","floor":3,"turns":5},{"damage":2,"enemies":"Small Slimes","floor":4,"turns":5},{"damage":4,"enemies":"3 Louse","floor":5,"turns":5},{"damage":22,"enemies":"Lagavulin","floor":6,"turns":10},{"damage":20,"enemies":"Gremlin Nob","floor":8,"turns":5},{"damage":3,"enemies":"2 Fungi Beasts","floor":11,"turns":5},{"damage":1,"enemies":"Looter","floor":13,"turns":3},{"damage":58,"enemies":"Slime Boss","floor":16,"turns":20},{"damage":32,"enemies":"2 Thieves","floor":18,"turns":5},{"damage":17,"enemies":"Shell Parasite","floor":21,"turns":11},{"damage":45,"enemies":"Snecko","floor":22,"turns":9},{"damage":32,"enemies":"Slaver and Parasite","floor":24,"turns":11},{"damage":26,"enemies":"Snake Plant","floor":25,"turns":6},{"damage":42,"enemies":"Sentry and Sphere","floor":28,"turns":16},{"damage":132,"enemies":"Gremlin Leader","floor":30,"turns":10}],"event_choices":[{"event_name":"The Lab","player_choice":"Got Potions","floor":2,"damage_taken":0},{"event_name":"Liars Game","player_choice":"disagreed","floor":14,"damage_taken":0},{"event_name":"Vampires","player_choice":"Became a vampire","floor":19,"damage_taken":0}],"boss_relics":[{"not_picked":["Orrery","Runic Pyramid"],"picked":"Lizard Tail"}],"potions_floor_spawned":[4,5,11,13,16,18,21],"seed_played":"544924072703821390","killed_by":"Gremlin Leader","ascension_level":0,"is_trial":false}