{"path_per_floor":["M","?","M","M","M","R","E","M","T","M","R","?","$","M","R","B",null,"M","?","M","?"],"character_chosen":"IRONCLAD","items_purchased":["Thunderclap","Warcry"],"gold_per_floor":[119,119,132,149,166,166,191,204,228,245,245,245,95,114,114,212,212,228,228,217,217,217],"floor_reached":22,"campfire_rested":2,"playtime":1227,"current_hp_per_floor":[69,74,80,79,61,85,78,84,84,78,78,75,75,57,82,40,74,46,46,31,31,0],"items_purged":["Strike_R"],"gold":217,"score":254,"play_id":"57e637fe-20c5-4cb9-91f0-2e41d280cdab","local_time":"20180331174002","is_prod":false,"is_daily":false,"is_ascension_mode":true,"campfire_upgraded":0,"timestamp":1522507202,"path_taken":["M","?","?","M","M","R","E","M","T","M","R","?","$","M","R","BOSS","M","?","M","?","M"],"build_version":"2018-03-29v2","purchased_purges":1,"victory":false,"master_deck":["Strike_R","Strike_R","Strike_R","Defend_R","Defend_R","Defend_R","Defend_R","Bash","Rampage","Clash","Thunderclap","Warcry","Headbutt"],"max_hp_per_floor":[80,85,85,85,85,85,85,85,85,85,85,85,85,85,85,85,85,85,85,85,85,85],"relics":["Burning Blood","Peace Pipe","Bronze Scales","Oddly Smooth Stone","Omamori","Orrery","Juzu Bracelet"],"card_choices":[{"not_picked":["Corruption","Infernal Blade"],"picked":"Rampage","floor":3.0},{"not_picked":["Whirlwind","Headbutt"],"picked":"Clash","floor":7.0},{"not_picked":["Blood for Blood","Shrug It Off"],"picked":"Headbutt","floor":14.0}],"player_experience":331334,"potions_floor_usage":[20],"damage_taken":[{"damage":9.0,"enemies":"2 Louse","floor":1.0,"turns":3.0},{"damage":0.0,"enemies":"Small Slimes","floor":3.0,"turns":4.0},{"damage":7.0,"enemies":"Jaw Worm","floor":4.0,"turns":4.0},{"damage":24.0,"enemies":"Red Slaver","floor":5.0,"turns":4.0},{"damage":13.0,"enemies":"3 Sentries","floor":7.0,"turns":7.0},{"damage":0.0,"enemies":"3 Louse","floor":8.0,"turns":1.0},{"damage":12.0,"enemies":"Large Slime","floor":10.0,"turns":6.0},{"damage":24.0,"enemies":"Exordium Thugs","floor":14.0,"turns":5.0},{"damage":48.0,"enemies":"Slime Boss","floor":16.0,"turns":11.0},{"damage":34,"enemies":"Shell Parasite","floor":18,"turns":4},{"damage":21,"enemies":"2 Thieves","floor":20,"turns":4},{"damage":55,"enemies":"Snecko","floor":22,"turns":5}],"event_choices":[{"event_name":"Big Fish","player_choice":"Donut","floor":2.0,"damage_taken":0.0},{"event_name":"Scrap Ooze","player_choice":"success","floor":12.0,"damage_taken":3.0},{"event_name":"Purifier","player_choice":"One Purge","floor":19,"damage_taken":0},{"event_name":"The Mausoleum","player_choice":"Yes","floor":21,"damage_taken":0}],"boss_relics":[{"not_picked":["Lizard Tail","Ectoplasm"],"picked":"Orrery"}],"potions_floor_spawned":[1,5,7,10,18,20],"seed_played":"-7249366504045650592","killed_by":"Snecko","ascension_level":7,"is_trial":false}