{"gold_per_floor":[113,15,32,32,50,78,78,89,137,166,166,201,213,229,229,307,307,320,335,84,104,104],"floor_reached":22,"playtime":880,"items_purged":["Strike_B"],"score":416,"play_id":"27af67be-7b9f-42b8-aeba-edc524965c5e","local_time":"20190211103133","is_ascension_mode":true,"campfire_choices":[{"floor":7,"key":"REST"},{"floor":15,"key":"REST"}],"neow_cost":"NONE","seed_source_timestamp":490387280042600,"circlet_count":0,"master_deck":["AscendersBane","Strike_B+1","Strike_B+1","Defend_B","Defend_B","Defend_B","Defend_B","Zap","Dualcast","Gash+1","Sunder+1","FTL","Cold Snap","Electrodynamics","Chill","All For One","Coolheaded","Leap","Fission","Go for the Eyes","Glacier","Discovery"],"relics":["Cracked Core","Whetstone","Regal Pillow","Potion Belt","Runic Dome"],"potions_floor_usage":[16,16],"damage_taken":[{"damage":1,"enemies":"Cultist","floor":1,"turns":3},{"damage":6,"enemies":"2 Louse","floor":3,"turns":2},{"damage":7,"enemies":"Jaw Worm","floor":5,"turns":2},{"damage":20,"enemies":"Lagavulin","floor":6,"turns":7},{"damage":0,"enemies":"2 Fungi Beasts","floor":8,"turns":2},{"damage":6,"enemies":"Gremlin Nob","floor":10,"turns":3},{"damage":10,"enemies":"3 Sentries","floor":12,"turns":3},{"damage":4,"enemies":"Gremlin Gang","floor":13,"turns":4},{"damage":0,"enemies":"3 Louse","floor":14,"turns":3},{"damage":5,"enemies":"The Guardian","floor":16,"turns":12},{"damage":21,"enemies":"Shell Parasite","floor":18,"turns":6},{"damage":17,"enemies":"Spheric Guardian","floor":19,"turns":4},{"damage":7,"enemies":"Chosen and Byrds","floor":21,"turns":5},{"damage":20,"enemies":"Shelled Parasite and Fungi","floor":22,"turns":2}],"seed_played":"-6965475067447604594","potions_obtained":[{"floor":3,"key":"SpeedPotion"},{"floor":6,"key":"Poison Potion"},{"floor":12,"key":"Poison Potion"},{"floor":13,"key":"Ancient Potion"}],"is_trial":false,"path_per_floor":["M","$","M","?","M","E","R","M","T","E","?","E","M","M","R","B",null,"M","M","$","M","M"],"character_chosen":"DEFECT","items_purchased":["Sunder","Fire Potion","Glacier","Discovery"],"campfire_rested":2,"item_purchase_floors":[2,2,20,20],"current_hp_per_floor":[63,63,57,36,29,9,30,30,30,24,24,14,10,10,46,41,64,43,26,26,19,0],"gold":104,"neow_bonus":"RANDOM_COMMON_RELIC","is_prod":false,"is_daily":false,"chose_seed":false,"campfire_upgraded":0,"win_rate":0,"timestamp":1549848693,"path_taken":["M","$","?","?","M","E","R","M","T","E","?","E","M","M","R","BOSS","M","M","$","?","M"],"build_version":"2019-01-23","purchased_purges":1,"victory":false,"max_hp_per_floor":[71,71,71,71,71,71,71,71,71,71,71,71,71,71,71,71,71,71,71,71,71,71],"card_choices":[{"not_picked":["Steam","Hello World"],"picked":"Gash","floor":1},{"not_picked":["Go for the Eyes","Auto Shields"],"picked":"FTL","floor":3},{"not_picked":["Sweeping Beam","Aggregate"],"picked":"Cold Snap","floor":5},{"not_picked":["Undo","Reinforced Body"],"picked":"Electrodynamics","floor":6},{"not_picked":["Hologram","Streamline"],"picked":"Chill","floor":8},{"not_picked":["Double Energy","Recycle"],"picked":"All For One","floor":10},{"not_picked":["Chill","Genetic Algorithm"],"picked":"Coolheaded","floor":12},{"not_picked":["Compile Driver","Rebound"],"picked":"Leap","floor":13},{"not_picked":["Steam Power","Hello World","Go for the Eyes"],"picked":"SKIP","floor":14},{"not_picked":["Machine Learning","Meteor Strike"],"picked":"Fission","floor":16},{"not_picked":["Static Discharge","Go for the Eyes","Sunder"],"picked":"SKIP","floor":18},{"not_picked":["Static Discharge","Go for the Eyes","Sunder"],"picked":"SKIP","floor":18},{"not_picked":["Static Discharge","Sunder"],"picked":"Go for the Eyes","floor":18},{"not_picked":["Stack","Conserve Battery","Go for the Eyes"],"picked":"SKIP","floor":19},{"not_picked":["Beam Cell","Steam","Sweeping Beam"],"picked":"SKIP","floor":21}],"player_experience":1507564,"relics_obtained":[{"floor":10,"key":"Regal Pillow"},{"floor":12,"key":"Potion Belt"}],"event_choices":[{"damage_healed":0,"gold_gain":0,"player_choice":"Entered Light","damage_taken":21,"max_hp_gain":0,"max_hp_loss":0,"event_name":"Shining Light","floor":4,"gold_loss":0,"cards_upgraded":["Sunder","Gash"]},{"cards_removed":["Strike_B"],"damage_healed":0,"gold_gain":0,"player_choice":"Purged","damage_taken":0,"max_hp_gain":0,"max_hp_loss":0,"event_name":"Purifier","floor":11,"gold_loss":0}],"is_beta":false,"boss_relics":[{"not_picked":["Empty Cage","White Beast Statue"],"picked":"Runic Dome"}],"items_purged_floors":[20],"is_endless":false,"potions_floor_spawned":[3,6,10,12,13],"killed_by":"Shelled Parasite and Fungi","ascension_level":20}