{"gold_per_floor":[215,2,2,20,20,20,47,47,96,115,149,164,181,181,181,257,257,227,240,272,197,215,215,265,265,290,306,323,323,323,85,85,159,159,173,395,395,413,429,463,463,494,494,511,526,560,560,575,575,575,575,575,575,14,43,43],"floor_reached":57,"playtime":3173,"items_purged":["Strike_R","Strike_R","Bash"],"score":3079,"play_id":"98219cf1-3932-4936-90b9-37ded178866e","local_time":"20190410132328","is_ascension_mode":true,"campfire_choices":[{"data":"Whirlwind","floor":6.0,"key":"SMITH"},{"data":"Armaments","floor":8.0,"key":"SMITH"},{"floor":15.0,"key":"REST"},{"data":"Barricade","floor":23.0,"key":"SMITH"},{"floor":29,"key":"REST"},{"data":"Evolve","floor":32,"key":"SMITH"},{"data":"Second Wind","floor":41,"key":"SMITH"},{"floor":47,"key":"RECALL"},{"data":"Body Slam","floor":49,"key":"SMITH"},{"data":"Power Through","floor":53,"key":"SMITH"}],"neow_cost":"NONE","seed_source_timestamp":297443822978500,"circlet_count":0,"master_deck":["AscendersBane","Defend_R","Defend_R","Defend_R","Defend_R","Whirlwind+1","True Grit","Evolve+1","Feed+1","Armaments+1","Second Wind+1","Power Through+1","Reaper+1","Barricade+1","Burning Pact+1","Body Slam+1","Battle Trance","Shrug It Off","Shrug It Off+1","Entrench"],"special_seed":0,"relics":["Burning Blood","Blue Candle","Omamori","Vajra","Singing Bowl","Dream Catcher","Runic Dome","Red Mask","Bronze Scales","Incense Burner","Mark of Pain","Smiling Mask","Bag of Preparation","Red Skull","Membership Card","Blood Vial","Whetstone"],"potions_floor_usage":[33,33,50,54,56,56],"damage_taken":[{"damage":5.0,"enemies":"Small Slimes","floor":1.0,"turns":4.0},{"damage":1.0,"enemies":"Cultist","floor":4.0,"turns":4.0},{"damage":25.0,"enemies":"3 Sentries","floor":7.0,"turns":8.0},{"damage":0.0,"enemies":"Jaw Worm","floor":10.0,"turns":3.0},{"damage":25.0,"enemies":"Lagavulin","floor":11.0,"turns":7.0},{"damage":23.0,"enemies":"Gremlin Gang","floor":12.0,"turns":8.0},{"damage":1.0,"enemies":"3 Louse","floor":13.0,"turns":6.0},{"damage":72.0,"enemies":"The Guardian","floor":16.0,"turns":22.0},{"damage":20.0,"enemies":"2 Thieves","floor":18.0,"turns":4.0},{"damage":20.0,"enemies":"Shell Parasite","floor":19.0,"turns":14.0},{"damage":16.0,"enemies":"Masked Bandits","floor":20.0,"turns":4.0},{"damage":13.0,"enemies":"Centurion and Healer","floor":22.0,"turns":10.0},{"damage":51.0,"enemies":"Colosseum Slavers","floor":25.0,"turns":7.0},{"damage":9.0,"enemies":"Snake Plant","floor":27.0,"turns":7.0},{"damage":28,"enemies":"Sentry and Sphere","floor":28,"turns":12},{"damage":49,"enemies":"Collector","floor":33,"turns":11},{"damage":0,"enemies":"3 Shapes","floor":35,"turns":7},{"damage":0,"enemies":"Orb Walker","floor":38,"turns":7},{"damage":11,"enemies":"Jaw Worm Horde","floor":39,"turns":8},{"damage":16,"enemies":"Nemesis","floor":40,"turns":11},{"damage":0,"enemies":"Giant Head","floor":42,"turns":8},{"damage":4,"enemies":"Transient","floor":44,"turns":6},{"damage":0,"enemies":"Maw","floor":45,"turns":12},{"damage":0,"enemies":"Reptomancer","floor":46,"turns":5},{"damage":7,"enemies":"Spire Growth","floor":48,"turns":8},{"damage":0,"enemies":"Donu and Deca","floor":50,"turns":10},{"damage":0,"enemies":"Time Eater","floor":51,"turns":15},{"damage":54,"enemies":"Shield and Spear","floor":55,"turns":10},{"damage":44,"enemies":"The Heart","floor":56,"turns":9}],"seed_played":"6290748417944376309","potions_obtained":[{"floor":4.0,"key":"FearPotion"},{"floor":7.0,"key":"SteroidPotion"},{"floor":11.0,"key":"GamblersBrew"},{"floor":16.0,"key":"SpeedPotion"},{"floor":20.0,"key":"AttackPotion"},{"floor":22.0,"key":"Block Potion"},{"floor":27.0,"key":"PowerPotion"},{"floor":28,"key":"SkillPotion"},{"floor":40,"key":"SneckoOil"},{"floor":42,"key":"Explosive Potion"},{"floor":48,"key":"PowerPotion"}],"is_trial":false,"path_per_floor":["M","$","?","M","?","R","E","R","T","M","E","M","M","?","R","B",null,"M","M","?","?","M","R","?","?","T","M","M","R","T","$","R","B",null,"M","?","?","M","M","E","R","E","T","M","M","E","R","M","R","B","B",null,"R","$","E","B",null],"character_chosen":"IRONCLAD","items_purchased":["True Grit","Evolve","Battle Trance","Shrug It Off","Fruit Juice","LiquidBronze","Membership Card","Blood Vial"],"campfire_rested":2,"item_purchase_floors":[2,2,31,31,54,54,54,54],"current_hp_per_floor":[69,69,69,77,77,77,62,62,62,71,57,45,55,44,74,13,78,64,65,70,70,76,76,76,41,41,48,37,76,76,76,76,53,117,144,144,144,149,152,150,150,157,157,159,165,170,170,175,175,180,184,184,184,189,146,114],"gold":43,"neow_bonus":"HUNDRED_GOLD","is_prod":false,"is_daily":false,"chose_seed":false,"campfire_upgraded":7,"win_rate":0,"timestamp":1554870208,"path_taken":["M","$","?","?","?","R","E","R","T","M","E","?","M","?","R","BOSS","M","M","?","?","M","R","?","?","T","M","M","R","?","$","R","BOSS","M","?","?","?","?","E","R","E","T","?","M","E","R","M","R","BOSS","BOSS","R","$","E","BOSS"],"build_version":"2019-01-23","purchased_purges":3,"victory":true,"max_hp_per_floor":[75,75,75,78,78,78,82,82,82,85,90,95,100,100,100,100,100,100,106,111,111,117,117,117,121,121,127,133,133,133,133,133,138,138,144,144,144,149,153,155,155,157,157,159,165,170,170,176,176,180,184,184,184,189,189,189],"card_choices":[{"not_picked":["Sword Boomerang","Armaments"],"picked":"Whirlwind","floor":1.0},{"not_picked":["Blood for Blood","Flex"],"picked":"Armaments","floor":4.0},{"not_picked":["Rage","Blood for Blood"],"picked":"Second Wind","floor":7.0},{"not_picked":["True Grit","Thunderclap"],"picked":"Power Through","floor":10.0},{"not_picked":["Uppercut","Bloodletting","Whirlwind"],"picked":"Singing Bowl","floor":11.0},{"not_picked":["True Grit","Thunderclap","Heavy Blade"],"picked":"Singing Bowl","floor":12.0},{"not_picked":["Wild Strike","Thunderclap","Perfected Strike"],"picked":"Singing Bowl","floor":13.0},{"not_picked":["Shrug It Off","Power Through"],"picked":"Reaper","floor":15.0},{"not_picked":["Immolate","Brutality"],"picked":"Barricade","floor":16.0},{"not_picked":["Rampage","Twin Strike+1"],"picked":"Burning Pact+1","floor":18.0},{"not_picked":["Cleave","Intimidate","Twin Strike"],"picked":"Singing Bowl","floor":19.0},{"not_picked":["True Grit","Wild Strike","Iron Wave"],"picked":"Singing Bowl","floor":20.0},{"not_picked":["Havoc","Perfected Strike+1","Twin Strike"],"picked":"Singing Bowl","floor":22.0},{"not_picked":["Headbutt","Dual Wield","Sword Boomerang"],"picked":"Singing Bowl","floor":27.0},{"not_picked":["Second Wind","Pommel Strike","Heavy Blade"],"picked":"Singing Bowl","floor":28},{"not_picked":["Perfected Strike","Armaments"],"picked":"Body Slam","floor":29},{"not_picked":["Brutality","Bludgeon","Demon Form"],"picked":"Singing Bowl","floor":33},{"not_picked":["Twin Strike+1","Sever Soul","Whirlwind"],"picked":"Singing Bowl","floor":35},{"not_picked":["Dropkick+1","Sever Soul+1","Sword Boomerang"],"picked":"Singing Bowl","floor":38},{"not_picked":["Blood for Blood","Flex+1"],"picked":"Shrug It Off+1","floor":39},{"not_picked":["Heavy Blade","True Grit","Body Slam"],"picked":"Singing Bowl","floor":40},{"not_picked":["Twin Strike","Searing Blow+1","Body Slam"],"picked":"Singing Bowl","floor":42},{"not_picked":["Body Slam","Whirlwind","Shrug It Off"],"picked":"Singing Bowl","floor":44},{"not_picked":["Heavy Blade+1","Sever Soul","Whirlwind+1"],"picked":"Singing Bowl","floor":45},{"not_picked":["Thunderclap","Iron Wave+1","Uppercut"],"picked":"Singing Bowl","floor":46},{"not_picked":["Double Tap","Cleave+1","Flame Barrier"],"picked":"Singing Bowl","floor":48},{"not_picked":["Reaper","Rage"],"picked":"Entrench","floor":55}],"player_experience":3026717,"relics_obtained":[{"floor":5.0,"key":"Blue Candle"},{"floor":7.0,"key":"Omamori"},{"floor":9.0,"key":"Vajra"},{"floor":11.0,"key":"Singing Bowl"},{"floor":20.0,"key":"Red Mask"},{"floor":26.0,"key":"Bronze Scales"},{"floor":30,"key":"Incense Burner"},{"floor":40,"key":"Smiling Mask"},{"floor":42,"key":"Bag of Preparation"},{"floor":46,"key":"Red Skull"},{"floor":55,"key":"Whetstone"}],"event_choices":[{"damage_healed":0.0,"max_hp_gain":0.0,"max_hp_loss":0.0,"gold_gain":0.0,"cards_transformed":["Strike_R"],"event_name":"Transmorgrifier","player_choice":"Transformed","floor":3.0,"gold_loss":0.0,"damage_taken":0.0,"cards_obtained":["Feed"]},{"damage_healed":0.0,"max_hp_gain":0.0,"max_hp_loss":0.0,"gold_gain":0.0,"event_name":"Wheel of Change","player_choice":"Relic","floor":5.0,"gold_loss":0.0,"damage_taken":0.0},{"damage_healed":0.0,"max_hp_gain":0.0,"max_hp_loss":0.0,"gold_gain":0.0,"event_name":"Scrap Ooze","player_choice":"Success","floor":14.0,"gold_loss":0.0,"damage_taken":11.0,"relics_obtained":["Dream Catcher"]},{"damage_healed":0.0,"max_hp_gain":0.0,"max_hp_loss":0.0,"gold_gain":0.0,"event_name":"Masked Bandits","player_choice":"Fought Bandits","floor":20.0,"gold_loss":0.0,"damage_taken":0.0},{"cards_removed":["Strike_R"],"damage_healed":0.0,"max_hp_gain":0.0,"max_hp_loss":0.0,"gold_gain":0.0,"event_name":"Beggar","player_choice":"Gave Gold","floor":21.0,"gold_loss":75.0,"damage_taken":0.0},{"damage_healed":0.0,"max_hp_gain":0.0,"max_hp_loss":0.0,"gold_gain":50.0,"event_name":"Nest","player_choice":"Stole From Cult","floor":24.0,"gold_loss":0.0,"damage_taken":0.0},{"damage_healed":0.0,"max_hp_gain":0.0,"max_hp_loss":0.0,"gold_gain":0.0,"event_name":"Colosseum","player_choice":"Fight","floor":25.0,"gold_loss":0.0,"damage_taken":0.0},{"damage_healed":0.0,"max_hp_gain":0.0,"max_hp_loss":0.0,"gold_gain":0.0,"event_name":"Colosseum","player_choice":"Fled From Nobs","floor":25.0,"gold_loss":0.0,"damage_taken":0.0},{"damage_healed":0,"gold_gain":222,"player_choice":"Wore Mask","damage_taken":0,"max_hp_gain":0,"max_hp_loss":0,"event_name":"Tomb of Lord Red Mask","floor":36,"gold_loss":0},{"cards_removed":["Strike_R"],"damage_healed":0,"gold_gain":0,"player_choice":"Offered Basic","damage_taken":0,"max_hp_gain":0,"max_hp_loss":0,"event_name":"Bonfire Elementals","floor":37,"gold_loss":0}],"is_beta":false,"boss_relics":[{"not_picked":["Pandora\u0027s Box","Ectoplasm"],"picked":"Runic Dome"},{"not_picked":["Philosopher\u0027s Stone","Black Blood"],"picked":"Mark of Pain"}],"items_purged_floors":[2,31,54],"is_endless":false,"potions_floor_spawned":[4,7,11,16,20,22,25,27,28,40,42,44,48,55],"ascension_level":20}