{"gold_per_floor":[109,109,184,198,148,177,177,177,230,244,48,58,73,84,84,180,180,165,0,0,16,16,16,28,38,38,38,38,52,52,67,67,67],"floor_reached":33,"playtime":904,"items_purged":[],"score":296,"play_id":"8388a8e6-19cc-4eb3-85e0-cb206f9697c7","local_time":"20181126191510","is_ascension_mode":false,"campfire_choices":[{"data":"Zap","floor":8,"key":"SMITH"},{"data":"Storm","floor":15,"key":"SMITH"},{"data":"Hologram","floor":23,"key":"SMITH"},{"floor":30,"key":"REST"},{"floor":32,"key":"REST"}],"neow_cost":"NONE","seed_source_timestamp":845843098740613,"circlet_count":0,"master_deck":["Strike_B+1","Strike_B+1","Defend_B+1","Defend_B+1","Defend_B+1","Defend_B+1","Zap+1","Dualcast","Self Repair","Stack","Auto Shields","Hologram+1","Defragment","Beam Cell","Storm+1","Conserve Battery","Biased Cognition","Beam Cell+1","Rip and Tear","Streamline","Steam+1","Rip and Tear","Ball Lightning+1"],"relics":["Cracked Core","NeowsBlessing","Omamori","Whetstone","Strange Spoon","Black Star","Centennial Puzzle"],"potions_floor_usage":[16,16,16,24,25,27,29,33,33],"damage_taken":[{"damage":0,"enemies":"Jaw Worm","floor":1,"turns":1},{"damage":0,"enemies":"Small Slimes","floor":4,"turns":1},{"damage":0,"enemies":"Lagavulin","floor":6,"turns":1},{"damage":9,"enemies":"2 Louse","floor":7,"turns":3},{"damage":2,"enemies":"Blue Slaver","floor":10,"turns":4},{"damage":7,"enemies":"Exordium Wildlife","floor":12,"turns":5},{"damage":7,"enemies":"3 Louse","floor":13,"turns":4},{"damage":24,"enemies":"Gremlin Gang","floor":14,"turns":4},{"damage":14,"enemies":"Hexaghost","floor":16,"turns":9},{"damage":28,"enemies":"2 Thieves","floor":18,"turns":4},{"damage":7,"enemies":"Shell Parasite","floor":21,"turns":5},{"damage":13,"enemies":"Snecko","floor":24,"turns":5},{"damage":21,"enemies":"Centurion and Healer","floor":25,"turns":5},{"damage":20,"enemies":"Slavers","floor":27,"turns":2},{"damage":12,"enemies":"Shelled Parasite and Fungi","floor":29,"turns":5},{"damage":36,"enemies":"3 Cultists","floor":31,"turns":5},{"damage":53,"enemies":"Automaton","floor":33,"turns":6}],"seed_played":"-2952270869987918613","potions_obtained":[{"floor":1,"key":"Swift Potion"},{"floor":12,"key":"FocusPotion"},{"floor":13,"key":"Swift Potion"},{"floor":16,"key":"Poison Potion"},{"floor":22,"key":"SmokeBomb"},{"floor":22,"key":"Weak Potion"},{"floor":24,"key":"FocusPotion"},{"floor":25,"key":"Weak Potion"},{"floor":31,"key":"LiquidBronze"}],"is_trial":false,"path_per_floor":["M","?","?","M","?","E","M","R","T","M","$","M","M","M","R","B",null,"M","?","?","M","?","R","M","M","T","E","?","M","R","M","R","B"],"character_chosen":"DEFECT","items_purchased":["Strange Spoon"],"campfire_rested":2,"item_purchase_floors":[11],"current_hp_per_floor":[75,68,57,57,57,57,55,55,55,60,60,60,60,43,43,36,75,54,54,54,54,54,54,48,34,34,21,21,16,38,9,31,0],"gold":67,"neow_bonus":"THREE_ENEMY_KILL","is_prod":false,"is_daily":false,"chose_seed":false,"campfire_upgraded":3,"win_rate":0.0,"timestamp":1543281310,"path_taken":["M","?","?","M","?","E","M","R","T","M","?","M","M","M","R","BOSS","M","?","?","M","?","R","M","?","T","E","?","M","R","M","R","BOSS"],"build_version":"2018-11-15","purchased_purges":0,"victory":false,"max_hp_per_floor":[75,75,75,75,75,75,75,75,75,75,75,75,75,75,75,75,75,75,75,75,75,75,75,75,75,75,75,75,75,75,75,75,75],"card_choices":[{"not_picked":["Redo","Turbo"],"picked":"Self Repair","floor":1},{"not_picked":["Double Energy","Sweeping Beam"],"picked":"Stack","floor":4},{"not_picked":["Gash","Heatsinks"],"picked":"Auto Shields","floor":6},{"not_picked":["Sunder","Melter"],"picked":"Hologram","floor":7},{"not_picked":["Gash","Compile Driver"],"picked":"Defragment","floor":10},{"not_picked":["Aggregate","Sunder"],"picked":"Beam Cell","floor":12},{"not_picked":["Doom and Gloom","Compile Driver"],"picked":"Storm","floor":13},{"not_picked":["Leap","Beam Cell"],"picked":"Conserve Battery","floor":14},{"not_picked":["Seek","Meteor Strike"],"picked":"Biased Cognition","floor":16},{"not_picked":["Hello World","Stack"],"picked":"Beam Cell+1","floor":18},{"not_picked":["Chill","Blizzard"],"picked":"Rip and Tear","floor":21},{"not_picked":["Doom and Gloom","Rebound"],"picked":"Streamline","floor":24},{"not_picked":["Go for the Eyes","Ball Lightning"],"picked":"Steam+1","floor":25},{"not_picked":["Glacier","White Noise"],"picked":"Rip and Tear","floor":29},{"not_picked":["Tempest","Compile Driver"],"picked":"Ball Lightning+1","floor":31}],"player_experience":51961,"relics_obtained":[{"floor":6,"key":"Omamori"},{"floor":9,"key":"Whetstone"},{"floor":26,"key":"Centennial Puzzle"}],"event_choices":[{"cards_removed":["Strike_B"],"damage_healed":0,"gold_gain":0,"player_choice":"Card Removal","damage_taken":7,"max_hp_gain":0,"max_hp_loss":0,"event_name":"Golden Wing","floor":2,"gold_loss":0},{"damage_healed":0,"gold_gain":75,"player_choice":"Gather Gold","damage_taken":11,"max_hp_gain":0,"max_hp_loss":0,"event_name":"World of Goop","floor":3,"gold_loss":0},{"cards_removed":["Strike_B"],"damage_healed":0,"gold_gain":0,"player_choice":"Card Removal","damage_taken":0,"max_hp_gain":0,"max_hp_loss":0,"event_name":"The Cleric","floor":5,"gold_loss":50},{"damage_healed":0,"gold_gain":0,"player_choice":"Paid Fearfully","damage_taken":0,"max_hp_gain":0,"max_hp_loss":0,"event_name":"Masked Bandits","floor":19,"gold_loss":165},{"damage_healed":0,"gold_gain":0,"player_choice":"Simplicity","damage_taken":0,"max_hp_gain":0,"max_hp_loss":0,"event_name":"Back to Basics","floor":20,"gold_loss":0,"cards_upgraded":["Defend_B","Defend_B","Defend_B","Defend_B"]},{"damage_healed":0,"gold_gain":0,"player_choice":"Got Potions","damage_taken":0,"max_hp_gain":0,"max_hp_loss":0,"event_name":"Lab","floor":22,"gold_loss":0},{"damage_healed":0,"gold_gain":0,"player_choice":"Ignored","damage_taken":0,"max_hp_gain":0,"max_hp_loss":0,"event_name":"Beggar","floor":28,"gold_loss":0}],"is_beta":false,"boss_relics":[{"not_picked":["Eternal Feather","Fusion Hammer"],"picked":"Black Star"}],"items_purged_floors":[],"is_endless":false,"potions_floor_spawned":[1,7,12,13,16,24,25,31],"killed_by":"Automaton","ascension_level":0}