{"path_per_floor":["M","M","M","M","T","E","R","?","T","M","M","M","E","$","R","B",null,"M","?","$","M","?","R","E","$","T","E","M","R","M","?","R","B",null,"M","M","M","$","M","E","R","E","T","E","?","M","R","M","R"],"character_chosen":"DEFECT","items_purchased":["Kunai","Regen Potion","SkillPotion","Beam Cell","PowerPotion","Static Discharge+1","Jack Of All Trades","Energy Potion","Swift Potion"],"gold_per_floor":[117,131,147,159,159,190,190,220,272,290,308,321,350,96,96,201,201,213,213,14,27,27,27,60,8,54,86,104,104,118,218,218,320,320,333,349,364,34,45,70,70,95,95,130,130,145,145,155,155,155],"floor_reached":50,"campfire_rested":7,"playtime":3999,"item_purchase_floors":[14,20,20,25,38,38,38,38,38],"current_hp_per_floor":[74,74,67,67,67,32,54,54,54,53,41,41,33,33,55,32,75,69,53,53,53,53,75,39,39,39,29,16,38,25,25,47,13,75,42,23,22,22,22,22,44,58,58,35,54,59,75,71,71,0],"items_purged":["Strike_B"],"gold":155,"score":701,"play_id":"c505d53d-0b2d-44bb-88c3-7d166010cc78","local_time":"20180607234021","is_prod":false,"is_daily":false,"chose_seed":false,"is_ascension_mode":true,"campfire_upgraded":1,"win_rate":0,"timestamp":1528404021,"campfire_choices":[{"floor":7,"key":"REST"},{"floor":15,"key":"REST"},{"floor":23,"key":"REST"},{"floor":29,"key":"REST"},{"floor":32,"key":"REST"},{"floor":41,"key":"REST"},{"floor":47,"key":"REST"},{"data":"White Noise","floor":49,"key":"SMITH"}],"path_taken":["M","M","M","M","?","E","R","?","T","?","M","M","E","$","R","BOSS","M","?","$","?","?","R","E","?","T","E","?","R","M","?","R","BOSS","M","M","M","$","M","E","R","E","T","E","?","?","R","M","R","BOSS"],"build_version":"2018-05-31","seed_source_timestamp":1470674807755897,"purchased_purges":1,"victory":false,"master_deck":["Strike_B","Strike_B","Strike_B","Defend_B","Defend_B","Defend_B","Defend_B","Zap","Dualcast","Sweeping Beam","Streamline","All For One","Beam Cell","Defragment+1","Beam Cell","BootSequence+1","Beam Cell","Creative AI+1","Amplify","Go for the Eyes+1","White Noise+1","Force Field","Static Discharge+1","Jack Of All Trades","Self Repair+1","Echo Form+1","Redo+1","Redo","Writhe","Steam+1","Leap"],"max_hp_per_floor":[75,75,75,75,75,75,75,75,75,75,75,75,75,75,75,75,75,75,75,75,75,75,75,75,75,75,75,75,75,75,75,75,75,75,75,75,75,75,75,75,75,75,75,75,75,75,75,75,75,75],"relics":["Cracked Core","Emotion Chip","Thread and Needle","Unceasing Top","Pen Nib","Frozen Egg 2","Kunai","Nuclear Battery","Nilry\u0027s Codex","Bag of Preparation","Anchor","Symbiotic Virus","Sundial","Blue Candle","Dead Branch","Bottled Flame"],"card_choices":[{"not_picked":["Hologram","Glacier"],"picked":"Sweeping Beam","floor":1},{"not_picked":["Cold Snap","Stack"],"picked":"Streamline","floor":2},{"not_picked":["Sweeping Beam","Redo"],"picked":"All For One","floor":3},{"not_picked":["Sweeping Beam","Barrage"],"picked":"Beam Cell","floor":4},{"not_picked":["Barrage","Aggregate","Stack"],"picked":"SKIP","floor":6},{"not_picked":["Fusion","Hello World","Cold Snap"],"picked":"SKIP","floor":10},{"not_picked":["Turbo","Blizzard","Darkness"],"picked":"SKIP","floor":11},{"not_picked":["Doom and Gloom","Capacitor","Sweeping Beam"],"picked":"SKIP","floor":12},{"not_picked":["Heatsinks","Ball Lightning","Core Surge"],"picked":"SKIP","floor":13},{"not_picked":["Barrage","Conserve Battery"],"picked":"Defragment+1","floor":18},{"not_picked":["Redo","Coolheaded+1","Sweeping Beam"],"picked":"SKIP","floor":21},{"not_picked":["Ball Lightning","Static Discharge+1"],"picked":"BootSequence+1","floor":24},{"not_picked":["Storm+1","Heatsinks+1"],"picked":"Creative AI+1","floor":27},{"not_picked":["Ball Lightning","Rebound","Barrage"],"picked":"SKIP","floor":28},{"not_picked":["Rebound","Aggregate+1","Hologram+1"],"picked":"SKIP","floor":30},{"not_picked":["Seek","Multi-Cast"],"picked":"Amplify","floor":33},{"not_picked":["Redo","Streamline"],"picked":"Go for the Eyes+1","floor":35},{"not_picked":["Stack","BootSequence+1"],"picked":"White Noise","floor":36},{"not_picked":["Compile Driver","Redo"],"picked":"Force Field","floor":37},{"not_picked":["Leap","Beam Cell+1"],"picked":"Self Repair+1","floor":39},{"not_picked":["Multi-Cast","FTL+1"],"picked":"Echo Form+1","floor":40},{"not_picked":["Rebound","Ball Lightning"],"picked":"Redo+1","floor":42},{"not_picked":["Conserve Battery+1","Cold Snap"],"picked":"Redo","floor":44},{"not_picked":["Sunder+1","Streamline"],"picked":"Steam+1","floor":46},{"not_picked":["Stack","Rebound"],"picked":"Leap","floor":48}],"player_experience":482366,"potions_floor_usage":[2,4,6,11,13,13,16,21,24,24,30,33,35,36,39,39,39,42,46],"damage_taken":[{"damage":1,"enemies":"Cultist","floor":1,"turns":3},{"damage":0,"enemies":"2 Louse","floor":2,"turns":1},{"damage":7,"enemies":"Jaw Worm","floor":3,"turns":4},{"damage":0,"enemies":"Gremlin Gang","floor":4,"turns":4},{"damage":35,"enemies":"Lagavulin","floor":6,"turns":4},{"damage":1,"enemies":"Looter","floor":10,"turns":2},{"damage":12,"enemies":"Exordium Thugs","floor":11,"turns":4},{"damage":0,"enemies":"Large Slime","floor":12,"turns":4},{"damage":8,"enemies":"3 Sentries","floor":13,"turns":6},{"damage":23,"enemies":"Slime Boss","floor":16,"turns":9},{"damage":6,"enemies":"Spheric Guardian","floor":18,"turns":3},{"damage":0,"enemies":"Chosen","floor":21,"turns":5},{"damage":48,"enemies":"Slavers","floor":24,"turns":5},{"damage":10,"enemies":"Book of Stabbing","floor":27,"turns":4},{"damage":13,"enemies":"Snecko","floor":28,"turns":5},{"damage":13,"enemies":"Snake Plant","floor":30,"turns":3},{"damage":34,"enemies":"Automaton","floor":33,"turns":7},{"damage":33,"enemies":"3 Darklings","floor":35,"turns":5},{"damage":19,"enemies":"Orb Walker","floor":36,"turns":4},{"damage":1,"enemies":"Sphere and 2 Shapes","floor":37,"turns":3},{"damage":0,"enemies":"Maw","floor":39,"turns":6},{"damage":10,"enemies":"Nemesis","floor":40,"turns":5},{"damage":3,"enemies":"Giant Head","floor":42,"turns":9},{"damage":33,"enemies":"Nemesis","floor":44,"turns":7},{"damage":5,"enemies":"4 Shapes","floor":46,"turns":4},{"damage":14,"enemies":"3 Darklings","floor":48,"turns":6},{"damage":79,"enemies":"Donu and Deca","floor":50,"turns":7}],"relics_obtained":[{"floor":5,"key":"Emotion Chip"},{"floor":6,"key":"Thread and Needle"},{"floor":9,"key":"Pen Nib"},{"floor":13,"key":"Frozen Egg 2"},{"floor":19,"key":"Nilry\u0027s Codex"},{"floor":24,"key":"Bag of Preparation"},{"floor":26,"key":"Anchor"},{"floor":27,"key":"Symbiotic Virus"},{"floor":40,"key":"Sundial"},{"floor":42,"key":"Blue Candle"},{"floor":43,"key":"Dead Branch"},{"floor":44,"key":"Bottled Flame"}],"event_choices":[{"event_name":"Dead Adventurer","player_choice":"Searched \u00272\u0027 times","floor":8,"damage_taken":0},{"event_name":"Cursed Tome","player_choice":"Obtained Book","floor":19,"damage_taken":0},{"event_name":"Duplicator","player_choice":"One dupe","floor":22,"damage_taken":0},{"event_name":"Golden Shrine","player_choice":"Pray","floor":31,"damage_taken":0},{"event_name":"Winding Halls","player_choice":"Writhe","floor":45,"damage_taken":0}],"boss_relics":[{"not_picked":["Cursed Key","White Beast Statue"],"picked":"Nuclear Battery"},{"not_picked":["Runic Dome","Snecko Eye","Philosopher\u0027s Stone"]}],"items_purged_floors":[20],"potions_floor_spawned":[2,10,12,13,21,28,30,33,35,40,44],"seed_played":"5825362052905025232","killed_by":"Donu and Deca","ascension_level":4,"potions_obtained":[{"floor":2,"key":"Fire Potion"},{"floor":10,"key":"AttackPotion"},{"floor":12,"key":"Strength Potion"},{"floor":13,"key":"EssenceOfSteel"},{"floor":21,"key":"Ancient Potion"},{"floor":28,"key":"SpeedPotion"},{"floor":30,"key":"SpeedPotion"},{"floor":33,"key":"Swift Potion"},{"floor":35,"key":"PowerPotion"},{"floor":40,"key":"Dexterity Potion"},{"floor":44,"key":"FocusPotion"}],"is_trial":false}