{"gold_per_floor":[109,109,109,184,184,184,215,215,215,238,238,22,40,40,40,40],"floor_reached":16,"playtime":370,"items_purged":[],"score":242,"play_id":"75b5c34a-b941-4521-98e1-f86ba919f782","local_time":"20190327120510","is_ascension_mode":true,"campfire_choices":[{"data":"Bash","floor":6,"key":"SMITH"},{"data":"Shrug It Off","floor":8,"key":"SMITH"},{"data":"Armaments","floor":15,"key":"SMITH"}],"neow_cost":"NONE","seed_source_timestamp":0,"circlet_count":0,"master_deck":["AscendersBane","Strike_R","Strike_R","Strike_R+1","Strike_R","Defend_R","Defend_R","Defend_R","Defend_R+1","Bash+1","Shrug It Off+1","Armaments+1","Body Slam"],"special_seed":0,"relics":["Burning Blood","NeowsBlessing","Golden Idol","Smiling Mask","Prayer Wheel","Lantern","Membership Card"],"potions_floor_usage":[],"damage_taken":[{"damage":0.0,"enemies":"2 Louse","floor":1.0,"turns":1.0},{"damage":0,"enemies":"3 Sentries","floor":7,"turns":2},{"damage":0,"enemies":"Small Slimes","floor":10,"turns":1},{"damage":7,"enemies":"Jaw Worm","floor":13,"turns":3},{"damage":20,"enemies":"The Guardian","floor":16,"turns":15}],"seed_played":"6098875737817674034","potions_obtained":[],"is_trial":false,"path_per_floor":["M","?","?","?","?","R","E","R","T","M","T","$","M","?","R","B"],"character_chosen":"IRONCLAD","items_purchased":["Membership Card"],"campfire_rested":0,"item_purchase_floors":[12],"current_hp_per_floor":[74,74,48,37,37,37,43,43,43,49,49,49,48,25,25,5],"gold":40,"neow_bonus":"THREE_ENEMY_KILL","is_prod":false,"is_daily":false,"chose_seed":false,"campfire_upgraded":3,"win_rate":0,"timestamp":1553655910,"path_taken":["M","?","?","?","?","R","E","R","T","M","?","$","?","?","R","BOSS"],"build_version":"2019-01-23","purchased_purges":0,"victory":false,"max_hp_per_floor":[75,75,75,75,75,75,75,75,75,75,75,75,75,75,75,75],"card_choices":[{"not_picked":["Warcry","Havoc"],"picked":"Shrug It Off","floor":1},{"not_picked":["Perfected Strike","Power Through","Burning Pact"],"picked":"SKIP","floor":7},{"not_picked":["Clash","Rupture"],"picked":"Armaments","floor":10},{"not_picked":["Shockwave","Flex"],"picked":"Body Slam","floor":10},{"not_picked":["Armaments","Anger","Infernal Blade"],"picked":"SKIP","floor":13},{"not_picked":["Reckless Charge","Dropkick","Anger"],"picked":"SKIP","floor":13},{"not_picked":["Armaments","Anger","Infernal Blade"],"picked":"SKIP","floor":13},{"not_picked":["Reckless Charge","Dropkick","Anger"],"picked":"SKIP","floor":13}],"player_experience":2623061,"relics_obtained":[{"floor":7,"key":"Smiling Mask"},{"floor":9,"key":"Prayer Wheel"},{"floor":11,"key":"Lantern"}],"event_choices":[{"cards_removed":["Strike_R"],"damage_healed":0,"gold_gain":0,"player_choice":"Forget","damage_taken":0,"max_hp_gain":0,"max_hp_loss":0,"event_name":"Living Wall","floor":2,"gold_loss":0},{"damage_healed":0,"gold_gain":0,"player_choice":"Take Damage","damage_taken":26,"relics_obtained":["Golden Idol"],"max_hp_gain":0,"max_hp_loss":0,"event_name":"Golden Idol","floor":3,"gold_loss":0},{"damage_healed":0,"gold_gain":75,"player_choice":"Gather Gold","damage_taken":11,"max_hp_gain":0,"max_hp_loss":0,"event_name":"World of Goop","floor":4,"gold_loss":0},{"damage_healed":0,"gold_gain":0,"player_choice":"Ignored","damage_taken":0,"max_hp_gain":0,"max_hp_loss":0,"event_name":"Liars Game","floor":5,"gold_loss":0},{"damage_healed":0,"gold_gain":0,"player_choice":"Entered Light","damage_taken":23,"max_hp_gain":0,"max_hp_loss":0,"event_name":"Shining Light","floor":14,"gold_loss":0,"cards_upgraded":["Defend_R","Strike_R"]}],"is_beta":false,"boss_relics":[],"items_purged_floors":[],"is_endless":false,"potions_floor_spawned":[],"killed_by":"The Guardian","ascension_level":20}