{"gold_per_floor":[118,137,137,150,164,164,199,199,224,224,242,242,271,271,271,347,347,361,379,398,80,80,115,115,150,150,150,185,100,118,118,118,196,196,209,1208,1208,481,491,491,504,504,504,535,535,535,551,570,570,570,570,570,570,164,189,189],"floor_reached":56,"playtime":2116,"items_purged":["Defend_B","Normality","Normality"],"score":1886,"play_id":"4bfc45db-8618-4570-be40-299b8f7885ef","local_time":"20190309230620","is_ascension_mode":true,"campfire_choices":[{"data":"Zap","floor":6.0,"key":"SMITH"},{"data":"Dualcast","floor":8.0,"key":"SMITH"},{"data":"Reboot","floor":10.0,"key":"SMITH"},{"data":"Gash","floor":12.0,"key":"SMITH"},{"data":"Defend_B","floor":15.0,"key":"SMITH"},{"floor":24.0,"key":"REST"},{"data":"Biased Cognition","floor":27.0,"key":"SMITH"},{"floor":32.0,"key":"REST"},{"data":"Creative AI","floor":40.0,"key":"SMITH"},{"floor":42.0,"key":"REST"},{"floor":46.0,"key":"RECALL"},{"data":"Capacitor","floor":49.0,"key":"SMITH"},{"data":"Blizzard","floor":53.0,"key":"SMITH"}],"neow_cost":"NONE","seed_source_timestamp":44562847942200,"circlet_count":0,"master_deck":["AscendersBane","Strike_B","Strike_B","Strike_B","Defend_B","Defend_B","Defend_B+1","Zap+1","Dualcast+1","Gash+1","Cold Snap+1","Cold Snap","Reboot+1","Biased Cognition+1","Self Repair","Blizzard+1","Coolheaded","Gash","Coolheaded","Blizzard","Coolheaded","Creative AI+1","Capacitor+1","Discovery","Gash","Loop+1","Creative AI+1","Cold Snap","PanicButton","Core Surge"],"special_seed":0,"relics":["Cracked Core","NeowsBlessing","Ancient Tea Set","Vajra","Dream Catcher","Sozu","ClockworkSouvenir","Singing Bowl","Happy Flower","Lantern","Bottled Tornado","Symbiotic Virus","Philosopher\u0027s Stone","Mummified Hand","Orichalcum","Strawberry","Anchor","Oddly Smooth Stone"],"potions_floor_usage":[],"damage_taken":[{"damage":0.0,"enemies":"Cultist","floor":1.0,"turns":1.0},{"damage":0.0,"enemies":"Jaw Worm","floor":2.0,"turns":1.0},{"damage":0.0,"enemies":"Small Slimes","floor":4.0,"turns":1.0},{"damage":5.0,"enemies":"Exordium Thugs","floor":5.0,"turns":4.0},{"damage":6.0,"enemies":"Gremlin Nob","floor":7.0,"turns":3.0},{"damage":0.0,"enemies":"2 Fungi Beasts","floor":11.0,"turns":2.0},{"damage":9.0,"enemies":"Lagavulin","floor":13.0,"turns":6.0},{"damage":18.0,"enemies":"The Guardian","floor":16.0,"turns":12.0},{"damage":3.0,"enemies":"3 Byrds","floor":18.0,"turns":5.0},{"damage":0.0,"enemies":"Chosen","floor":19.0,"turns":3.0},{"damage":16.0,"enemies":"Centurion and Healer","floor":20.0,"turns":9.0},{"damage":19.0,"enemies":"Gremlin Leader","floor":23.0,"turns":7.0},{"damage":4.0,"enemies":"Slavers","floor":25.0,"turns":7.0},{"damage":34.0,"enemies":"Book of Stabbing","floor":28.0,"turns":5.0},{"damage":0.0,"enemies":"Sentry and Sphere","floor":30.0,"turns":4.0},{"damage":5.0,"enemies":"Collector","floor":33.0,"turns":12.0},{"damage":2.0,"enemies":"Orb Walker","floor":35.0,"turns":4.0},{"damage":0.0,"enemies":"3 Shapes","floor":39.0,"turns":3.0},{"damage":44.0,"enemies":"Spire Growth","floor":41.0,"turns":5.0},{"damage":5.0,"enemies":"Giant Head","floor":44.0,"turns":10.0},{"damage":2.0,"enemies":"4 Shapes","floor":47.0,"turns":5.0},{"damage":2.0,"enemies":"Maw","floor":48.0,"turns":5.0},{"damage":57.0,"enemies":"Time Eater","floor":50.0,"turns":9.0},{"damage":11.0,"enemies":"Donu and Deca","floor":51.0,"turns":8.0},{"damage":65.0,"enemies":"Shield and Spear","floor":55.0,"turns":7.0},{"damage":24,"enemies":"The Heart","floor":56,"turns":3}],"seed_played":"-5984747102005696289","potions_obtained":[{"floor":4.0,"key":"AttackPotion"},{"floor":5.0,"key":"Regen Potion"},{"floor":11.0,"key":"Poison Potion"}],"is_trial":false,"path_per_floor":["M","M","?","M","M","R","E","R","T","R","M","R","E","?","R","B",null,"M","M","M","$","?","E","R","E","T","R","E","?","M","?","R","B",null,"M","?","?","$","M","R","M","R","T","E","?","R","M","M","R","B","B",null,"R","$","E","B"],"character_chosen":"DEFECT","items_purchased":["ClockworkSouvenir","Coolheaded","Mummified Hand","Capacitor","Discovery","Orichalcum","Anchor","Cold Snap","PanicButton"],"campfire_rested":3,"item_purchase_floors":[21,21,38,38,38,38,54,54,54],"current_hp_per_floor":[64,64,54,54,49,49,52,52,52,52,52,52,43,43,43,25,60,57,57,48,48,28,16,40,45,45,45,20,20,27,27,51,53,75,82,82,82,82,84,84,49,74,74,85,85,85,92,99,99,49,45,86,86,86,35,11],"gold":189,"neow_bonus":"THREE_ENEMY_KILL","is_prod":false,"is_daily":false,"chose_seed":false,"campfire_upgraded":9,"win_rate":0,"timestamp":1552140380,"path_taken":["M","?","?","M","M","R","E","R","T","R","?","R","E","?","R","BOSS","M","M","M","$","?","E","R","E","T","R","E","?","M","?","R","BOSS","M","?","?","$","M","R","M","R","T","E","?","R","M","M","R","BOSS","BOSS","R","$","E","BOSS"],"build_version":"2019-01-23","purchased_purges":3,"victory":false,"max_hp_per_floor":[71,71,71,71,71,71,71,71,71,71,71,71,71,71,71,71,71,71,71,71,71,76,76,78,80,80,80,82,82,82,82,82,82,82,84,84,84,84,84,84,86,86,86,95,95,95,97,99,99,99,99,99,99,99,99,99],"card_choices":[{"not_picked":["Scrape","Stack"],"picked":"Gash","floor":1.0},{"not_picked":["Coolheaded","Auto Shields"],"picked":"Cold Snap","floor":2.0},{"not_picked":["Leap","Sweeping Beam","Hologram"],"picked":"SKIP","floor":4.0},{"not_picked":["Sweeping Beam","Melter"],"picked":"Cold Snap","floor":5.0},{"not_picked":["Barrage","Force Field"],"picked":"Reboot","floor":7.0},{"not_picked":["Compile Driver","Hologram","Steam Power"],"picked":"SKIP","floor":11.0},{"not_picked":["Sweeping Beam","Lockon","Rip and Tear"],"picked":"SKIP","floor":13.0},{"not_picked":["Core Surge","Echo Form"],"picked":"Biased Cognition","floor":16.0},{"not_picked":["Rebound","Barrage","Leap"],"picked":"SKIP","floor":18.0},{"not_picked":["Stack","Skim+1"],"picked":"Self Repair","floor":19.0},{"not_picked":["Coolheaded","Sweeping Beam"],"picked":"Blizzard","floor":20.0},{"not_picked":["Undo","Barrage+1"],"picked":"Gash","floor":23.0},{"not_picked":["Ball Lightning","Stack","Turbo+1"],"picked":"Singing Bowl","floor":24.0},{"not_picked":["Hologram","Sweeping Beam","Rebound"],"picked":"Singing Bowl","floor":25.0},{"not_picked":["Lockon","Turbo","Streamline"],"picked":"Singing Bowl","floor":28.0},{"not_picked":["Barrage+1","Hologram"],"picked":"Coolheaded","floor":30.0},{"not_picked":["BootSequence","Reinforced Body"],"picked":"Coolheaded","floor":32.0},{"not_picked":["Multi-Cast","Fission"],"picked":"Creative AI","floor":33.0},{"not_picked":["Sweeping Beam","Rebound","Redo"],"picked":"Singing Bowl","floor":35.0},{"not_picked":["Genetic Algorithm","Stack"],"picked":"Gash","floor":39.0},{"not_picked":["Force Field","Steam Power+1","Leap"],"picked":"Singing Bowl","floor":41.0},{"not_picked":["Sweeping Beam","FTL"],"picked":"Loop+1","floor":42.0},{"not_picked":["Compile Driver","Barrage","Self Repair"],"picked":"Singing Bowl","floor":44.0},{"not_picked":["Meteor Strike","Rebound+1","Force Field"],"picked":"Singing Bowl","floor":47.0},{"not_picked":["Beam Cell","Stack","Rebound"],"picked":"Singing Bowl","floor":48.0},{"not_picked":["Reinforced Body","Beam Cell"],"picked":"Core Surge","floor":55.0}],"player_experience":2117493,"relics_obtained":[{"floor":7.0,"key":"Ancient Tea Set"},{"floor":9.0,"key":"Vajra"},{"floor":13.0,"key":"Dream Catcher"},{"floor":23.0,"key":"Singing Bowl"},{"floor":25.0,"key":"Happy Flower"},{"floor":26.0,"key":"Lantern"},{"floor":28.0,"key":"Bottled Tornado"},{"floor":44.0,"key":"Strawberry"},{"floor":55.0,"key":"Oddly Smooth Stone"}],"event_choices":[{"damage_healed":0.0,"max_hp_gain":0.0,"max_hp_loss":0.0,"gold_gain":0.0,"event_name":"Wheel of Change","player_choice":"Damaged","floor":3.0,"gold_loss":0.0,"damage_taken":10.0},{"damage_healed":0.0,"max_hp_gain":0.0,"max_hp_loss":0.0,"gold_gain":0.0,"event_name":"Upgrade Shrine","player_choice":"Upgraded","floor":14.0,"gold_loss":0.0,"damage_taken":0.0,"cards_upgraded":["Cold Snap"]},{"damage_healed":0.0,"max_hp_gain":5.0,"max_hp_loss":0.0,"gold_gain":0.0,"event_name":"Forgotten Altar","player_choice":"Shed Blood","floor":22.0,"gold_loss":0.0,"damage_taken":25.0},{"damage_healed":0.0,"max_hp_gain":0.0,"max_hp_loss":0.0,"gold_gain":0.0,"event_name":"Addict","player_choice":"Obtained Relic","floor":29.0,"gold_loss":85.0,"damage_taken":0.0,"relics_obtained":["Symbiotic Virus"]},{"damage_healed":0.0,"max_hp_gain":0.0,"max_hp_loss":0.0,"gold_gain":0.0,"event_name":"The Library","player_choice":"Read","floor":31.0,"gold_loss":0.0,"damage_taken":0.0,"cards_obtained":["Blizzard"]},{"damage_healed":0.0,"max_hp_gain":0.0,"max_hp_loss":0.0,"gold_gain":999.0,"event_name":"MindBloom","player_choice":"Gold","floor":36.0,"gold_loss":0.0,"damage_taken":0.0,"cards_obtained":["Normality","Normality"]},{"cards_removed":["Strike_B"],"damage_healed":0.0,"max_hp_gain":0.0,"max_hp_loss":0.0,"gold_gain":0.0,"event_name":"Falling","player_choice":"Removed Attack","floor":37.0,"gold_loss":0.0,"damage_taken":0.0},{"damage_healed":0.0,"max_hp_gain":0.0,"max_hp_loss":0.0,"gold_gain":0.0,"event_name":"Duplicator","player_choice":"Copied","floor":45.0,"gold_loss":0.0,"damage_taken":0.0,"cards_obtained":["Creative AI"]}],"is_beta":false,"boss_relics":[{"not_picked":["Busted Crown","Empty Cage"],"picked":"Sozu"},{"not_picked":["Calling Bell","Runic Pyramid"],"picked":"Philosopher\u0027s Stone"}],"items_purged_floors":[21,38,54],"is_endless":false,"potions_floor_spawned":[4,5,11,19,20,28,33,41,44],"killed_by":"The Heart","ascension_level":20}