{"gold_per_floor":[118,118,33,108,108,137,137,162,162,187,207,207,219,144,144,219,219,235,71,121,121,141,167,167,167,167,167,183,194,194,40,40,40],"floor_reached":33,"playtime":795,"items_purged":["Strike_R","Writhe"],"score":558,"play_id":"4d6af8df-7ec9-4c31-98da-6482c0957741","local_time":"20190411192157","is_ascension_mode":true,"campfire_choices":[{"data":"Bash","floor":7,"key":"SMITH"},{"data":"Shrug It Off","floor":12,"key":"SMITH"},{"data":"Strike_R","floor":15,"key":"SMITH"},{"floor":24,"key":"REST"},{"data":"Shrug It Off","floor":27,"key":"SMITH"},{"data":"Ghostly Armor","floor":32,"key":"SMITH"}],"neow_cost":"TEN_PERCENT_HP_LOSS","seed_source_timestamp":407854205934900,"circlet_count":0,"master_deck":["AscendersBane","Strike_R","Strike_R","Strike_R+1","Defend_R","Defend_R","Defend_R","Defend_R","Bash+1","Shrug It Off+1","Carnage+1","Ghostly Armor+1","Offering","Shrug It Off+1"],"relics":["Burning Blood","Pocketwatch","Pen Nib","Magic Flower","Dodecahedron","Strawberry","Runic Dome","Oddly Smooth Stone","Bottled Lightning","Omamori","Meat on the Bone"],"potions_floor_usage":[8,23,33],"damage_taken":[{"damage":8,"enemies":"2 Louse","floor":1,"turns":4},{"damage":14,"enemies":"3 Sentries","floor":6,"turns":7},{"damage":8,"enemies":"Gremlin Nob","floor":8,"turns":3},{"damage":8,"enemies":"3 Sentries","floor":10,"turns":7},{"damage":0,"enemies":"Small Slimes","floor":11,"turns":2},{"damage":6,"enemies":"Cultist","floor":13,"turns":3},{"damage":34,"enemies":"Hexaghost","floor":16,"turns":8},{"damage":7,"enemies":"2 Thieves","floor":18,"turns":3},{"damage":7,"enemies":"Spheric Guardian","floor":22,"turns":4},{"damage":51,"enemies":"Gremlin Leader","floor":23,"turns":8},{"damage":6,"enemies":"Snecko","floor":28,"turns":3},{"damage":27,"enemies":"3 Cultists","floor":29,"turns":6},{"damage":6,"enemies":"Collector","floor":33,"turns":7}],"seed_played":"-2413224209988781398","potions_obtained":[{"floor":1,"key":"Poison Potion"},{"floor":6,"key":"EssenceOfSteel"},{"floor":11,"key":"Weak Potion"},{"floor":28,"key":"LiquidBronze"}],"is_trial":false,"path_per_floor":["M","?","$","?","?","E","R","E","T","E","M","R","M","$","R","B",null,"M","$","?","?","M","E","R","?","T","R","M","M","?","$","R","B"],"character_chosen":"IRONCLAD","items_purchased":["Carnage","Oddly Smooth Stone","PowerPotion"],"campfire_rested":1,"item_purchase_floors":[3,19,31],"current_hp_per_floor":[66,66,66,55,55,47,47,45,45,53,62,62,65,65,65,40,66,68,68,68,68,70,28,50,50,50,50,53,53,53,53,53,47],"gold":40,"neow_bonus":"ONE_RARE_RELIC","is_prod":false,"is_daily":false,"chose_seed":false,"campfire_upgraded":5,"win_rate":0,"timestamp":1554978117,"path_taken":["M","?","$","?","?","E","R","E","T","E","M","R","M","$","R","BOSS","M","$","?","?","?","E","R","?","T","R","M","M","?","$","R","BOSS"],"build_version":"2019-01-23","purchased_purges":2,"victory":false,"max_hp_per_floor":[68,68,68,68,68,68,68,68,68,75,75,75,75,75,75,75,75,75,75,75,75,75,75,75,75,75,75,75,75,75,75,75,75],"card_choices":[{"not_picked":["Power Through","Iron Wave"],"picked":"Shrug It Off","floor":1},{"not_picked":["Dual Wield","Uppercut"],"picked":"Ghostly Armor","floor":6},{"not_picked":["Thunderclap","Pummel","Infernal Blade"],"picked":"SKIP","floor":8},{"not_picked":["Combust","Clash","Warcry"],"picked":"SKIP","floor":10},{"not_picked":["Iron Wave","Thunderclap","Perfected Strike"],"picked":"SKIP","floor":11},{"not_picked":["Iron Wave","Thunderclap","Perfected Strike"],"picked":"SKIP","floor":11},{"not_picked":["Warcry","Uppercut","Wild Strike"],"picked":"SKIP","floor":13},{"not_picked":["Demon Form","Exhume"],"picked":"Offering","floor":16},{"not_picked":["Dual Wield","Rupture"],"picked":"Shrug It Off","floor":18},{"not_picked":["Pommel Strike","Heavy Blade","Body Slam"],"picked":"SKIP","floor":22},{"not_picked":["Iron Wave","Shrug It Off","Berserk"],"picked":"SKIP","floor":23},{"not_picked":["Flex","Rupture","Cleave"],"picked":"SKIP","floor":28},{"not_picked":["Uppercut","Heavy Blade","Corruption"],"picked":"SKIP","floor":29}],"player_experience":3057945,"relics_obtained":[{"floor":6,"key":"Pen Nib"},{"floor":8,"key":"Magic Flower"},{"floor":9,"key":"Dodecahedron"},{"floor":10,"key":"Strawberry"},{"floor":23,"key":"Bottled Lightning"},{"floor":26,"key":"Meat on the Bone"}],"event_choices":[{"damage_healed":0,"gold_gain":0,"player_choice":"Leave","damage_taken":0,"max_hp_gain":0,"max_hp_loss":0,"event_name":"The Cleric","floor":2,"gold_loss":0},{"damage_healed":0,"gold_gain":75,"player_choice":"Gather Gold","damage_taken":11,"max_hp_gain":0,"max_hp_loss":0,"event_name":"World of Goop","floor":4,"gold_loss":0},{"damage_healed":0,"gold_gain":0,"player_choice":"Grow","damage_taken":0,"max_hp_gain":0,"max_hp_loss":0,"event_name":"Living Wall","floor":5,"gold_loss":0,"cards_upgraded":["Carnage"]},{"damage_healed":0,"gold_gain":50,"player_choice":"Stole From Cult","damage_taken":0,"max_hp_gain":0,"max_hp_loss":0,"event_name":"Nest","floor":20,"gold_loss":0},{"cards_removed":["Strike_R"],"damage_healed":0,"gold_gain":0,"player_choice":"Offered Basic","damage_taken":0,"max_hp_gain":0,"max_hp_loss":0,"event_name":"Bonfire Elementals","floor":21,"gold_loss":0},{"damage_healed":0,"gold_gain":0,"player_choice":"Opened","damage_taken":0,"relics_obtained":["Omamori"],"max_hp_gain":0,"max_hp_loss":0,"event_name":"The Mausoleum","floor":25,"gold_loss":0,"cards_obtained":["Writhe"]},{"damage_healed":0,"gold_gain":0,"player_choice":"Ignored","damage_taken":0,"max_hp_gain":0,"max_hp_loss":0,"event_name":"Vampires","floor":30,"gold_loss":0}],"is_beta":false,"boss_relics":[{"not_picked":["Eternal Feather","Lizard Tail"],"picked":"Runic Dome"}],"items_purged_floors":[14,31],"is_endless":false,"potions_floor_spawned":[1,6,11,28],"killed_by":"Collector","ascension_level":20}