{"gold_per_floor":[109,121,131,131,145,174,174,206,206,206,284,284,284],"floor_reached":13,"playtime":575,"items_purged":[],"score":177,"play_id":"9aa7ecdb-dff2-45c8-af7b-1d79d91ed4b6","local_time":"20181219002527","is_ascension_mode":true,"campfire_choices":[{"data":"Defragment","floor":7.0,"key":"SMITH"},{"floor":10,"key":"REST"}],"neow_cost":"NONE","seed_source_timestamp":2023941406740777,"circlet_count":0,"master_deck":["AscendersBane","Strike_B","Strike_B","Strike_B","Strike_B","Defend_B","Defend_B","Defend_B","Defend_B","Zap","Dualcast","Streamline","Hologram","White Noise","Defragment+1","Core Surge","Sweeping Beam+1"],"special_seed":0,"relics":["Cracked Core","Ancient Tea Set","Lantern","Pen Nib","Cables"],"potions_floor_usage":[],"damage_taken":[{"damage":1.0,"enemies":"Cultist","floor":1.0,"turns":3.0},{"damage":2.0,"enemies":"Jaw Worm","floor":2.0,"turns":4.0},{"damage":2.0,"enemies":"Small Slimes","floor":3.0,"turns":3.0},{"damage":15.0,"enemies":"Looter","floor":5.0,"turns":4.0},{"damage":22.0,"enemies":"Lagavulin","floor":6.0,"turns":7.0},{"damage":24,"enemies":"Gremlin Nob","floor":8,"turns":4},{"damage":25,"enemies":"3 Sentries","floor":13,"turns":3}],"seed_played":"270914212504139400","potions_obtained":[{"floor":2.0,"key":"LiquidBronze"},{"floor":3.0,"key":"Fruit Juice"},{"floor":6.0,"key":"Strength Potion"}],"is_trial":false,"path_per_floor":["M","M","M","$","M","E","R","E","T","R","?","?","E"],"character_chosen":"DEFECT","items_purchased":[],"campfire_rested":1,"item_purchase_floors":[],"current_hp_per_floor":[63,61,64,64,49,27,27,3,3,25,25,25,0],"gold":284,"neow_bonus":"RANDOM_COMMON_RELIC","is_prod":false,"is_daily":false,"chose_seed":false,"campfire_upgraded":1,"win_rate":0,"timestamp":1545150327,"path_taken":["M","?","M","$","M","E","R","E","T","R","?","?","E"],"build_version":"2018-12-06","purchased_purges":0,"victory":false,"max_hp_per_floor":[71,71,76,76,76,76,76,76,76,76,76,76,76],"card_choices":[{"not_picked":["Rebound","Leap"],"picked":"Streamline","floor":1.0},{"not_picked":["Stack","Streamline"],"picked":"Hologram","floor":2.0},{"not_picked":["Stack","Hologram"],"picked":"White Noise","floor":3.0},{"not_picked":["Stack","Go for the Eyes"],"picked":"Defragment","floor":5.0},{"not_picked":["Auto Shields","Rebound"],"picked":"Core Surge","floor":6.0},{"not_picked":["Stack","Aggregate"],"picked":"Sweeping Beam","floor":8}],"player_experience":644127,"relics_obtained":[{"floor":6.0,"key":"Lantern"},{"floor":8,"key":"Pen Nib"},{"floor":9,"key":"Cables"}],"event_choices":[{"damage_healed":0,"gold_gain":78,"player_choice":"Gained Gold","damage_taken":0,"max_hp_gain":0,"max_hp_loss":0,"event_name":"Golden Wing","floor":11,"gold_loss":0},{"damage_healed":0,"gold_gain":0,"player_choice":"Grow","damage_taken":0,"max_hp_gain":0,"max_hp_loss":0,"event_name":"Living Wall","floor":12,"gold_loss":0,"cards_upgraded":["Sweeping Beam"]}],"is_beta":true,"boss_relics":[],"items_purged_floors":[],"is_endless":false,"potions_floor_spawned":[2,3,6],"killed_by":"3 Sentries","ascension_level":18}