{"gold_per_floor":[113,131,131,142,89,89,121,121,121,132,158,181,214,230,230,307,307,319,331,246,157,171,171,191,191,214,214],"floor_reached":27,"playtime":1055,"items_purged":["Defend_B"],"score":516,"play_id":"cdecb91d-c194-422b-a53b-fe22bea296bd","local_time":"20190311153401","is_ascension_mode":true,"campfire_choices":[{"data":"Sunder","floor":6.0,"key":"SMITH"},{"data":"Beam Cell","floor":8.0,"key":"SMITH"},{"data":"Loop","floor":15.0,"key":"SMITH"},{"data":"Defragment","floor":23.0,"key":"SMITH"}],"neow_cost":"PERCENT_DAMAGE","seed_source_timestamp":191147026613100,"circlet_count":0,"master_deck":["AscendersBane","Defend_B","Defend_B","Defend_B","Zap+1","Dualcast+1","Sunder+1","Cold Snap","Beam Cell+1","Loop+1","Leap","Glacier","Genetic Algorithm","Glacier","Hologram","Meteor Strike","Consume+1","Chaos+1","Buffer+1","Coolheaded","Conserve Battery","Defragment+1","Undo","Conserve Battery+1"],"special_seed":0,"relics":["Cracked Core","The Courier","Bronze Scales","War Paint","Odd Mushroom","Bird Faced Urn","Astrolabe","Darkstone Periapt","Art of War"],"potions_floor_usage":[],"damage_taken":[{"damage":7.0,"enemies":"Jaw Worm","floor":1.0,"turns":3.0},{"damage":0.0,"enemies":"Cultist","floor":2.0,"turns":3.0},{"damage":10.0,"enemies":"2 Louse","floor":4.0,"turns":3.0},{"damage":22.0,"enemies":"Gremlin Nob","floor":7.0,"turns":4.0},{"damage":13.0,"enemies":"Large Slime","floor":10.0,"turns":2.0},{"damage":8.0,"enemies":"3 Sentries","floor":11.0,"turns":5.0},{"damage":3.0,"enemies":"The Mushroom Lair","floor":12.0,"turns":4.0},{"damage":0.0,"enemies":"Gremlin Nob","floor":13.0,"turns":3.0},{"damage":0.0,"enemies":"Looter","floor":14.0,"turns":2.0},{"damage":22.0,"enemies":"Slime Boss","floor":16.0,"turns":17.0},{"damage":10.0,"enemies":"Shell Parasite","floor":18.0,"turns":7.0},{"damage":0.0,"enemies":"Chosen","floor":19.0,"turns":4.0},{"damage":8.0,"enemies":"Snecko","floor":22.0,"turns":9.0},{"damage":20.0,"enemies":"Snake Plant","floor":24.0,"turns":4.0},{"damage":6,"enemies":"Colosseum Slavers","floor":27,"turns":6},{"damage":50,"enemies":"Colosseum Nobs","floor":27,"turns":6}],"seed_played":"-5174129820298954482","potions_obtained":[{"floor":2.0,"key":"Weak Potion"},{"floor":4.0,"key":"SpeedPotion"},{"floor":7.0,"key":"EssenceOfSteel"},{"floor":14.0,"key":"SkillPotion"},{"floor":22.0,"key":"Dexterity Potion"}],"is_trial":false,"path_per_floor":["M","M","?","M","$","R","E","R","T","M","E","?","E","M","R","B",null,"M","M","?","$","M","R","M","?","T","?"],"character_chosen":"DEFECT","items_purchased":["Explosive Potion","Defragment"],"campfire_rested":0,"item_purchase_floors":[5,21],"current_hp_per_floor":[39,39,81,71,71,71,49,49,49,36,28,25,25,25,25,5,62,56,60,60,60,58,58,42,42,42,0],"gold":214,"neow_bonus":"THREE_RARE_CARDS","is_prod":false,"is_daily":false,"chose_seed":false,"campfire_upgraded":4,"win_rate":0,"timestamp":1552286041,"path_taken":["M","M","?","?","$","R","E","R","T","M","E","?","E","M","R","BOSS","M","M","?","$","M","R","M","?","T","?"],"build_version":"2019-01-23","purchased_purges":1,"victory":false,"max_hp_per_floor":[71,71,81,81,81,81,81,81,81,81,81,81,81,81,81,81,81,81,81,81,81,81,81,81,81,81,81],"card_choices":[{"not_picked":["Seek","Thunder Strike"],"picked":"Core Surge","floor":0.0},{"not_picked":["Go for the Eyes","Barrage"],"picked":"Sunder","floor":1.0},{"not_picked":["Hello World","Hologram"],"picked":"Cold Snap","floor":2.0},{"not_picked":["Gash","Leap"],"picked":"Beam Cell","floor":4.0},{"not_picked":["Force Field","White Noise"],"picked":"Loop","floor":7.0},{"not_picked":["Gash","Chaos"],"picked":"Leap","floor":10.0},{"not_picked":["Tempest","Cold Snap"],"picked":"Glacier","floor":11.0},{"not_picked":["Conserve Battery","Leap"],"picked":"Genetic Algorithm","floor":12.0},{"not_picked":["Streamline","Doom and Gloom"],"picked":"Glacier","floor":13.0},{"not_picked":["Redo","Static Discharge"],"picked":"Hologram","floor":14.0},{"not_picked":["Creative AI","Seek"],"picked":"Meteor Strike","floor":16.0},{"not_picked":["Storm","Aggregate+1"],"picked":"Coolheaded","floor":18.0},{"not_picked":["Go for the Eyes","Rainbow"],"picked":"Conserve Battery","floor":19.0},{"not_picked":["Gash","Compile Driver"],"picked":"Undo","floor":22.0},{"not_picked":["Chaos","Barrage"],"picked":"Conserve Battery+1","floor":24.0}],"player_experience":2182490,"relics_obtained":[{"floor":7.0,"key":"The Courier"},{"floor":9.0,"key":"Bronze Scales"},{"floor":11.0,"key":"War Paint"},{"floor":12.0,"key":"Odd Mushroom"},{"floor":13.0,"key":"Bird Faced Urn"},{"floor":26.0,"key":"Art of War"}],"event_choices":[{"cards_removed":["Core Surge"],"damage_healed":32.0,"max_hp_gain":10.0,"max_hp_loss":0.0,"gold_gain":0.0,"event_name":"Bonfire Elementals","player_choice":"Offered Rare","floor":3.0,"gold_loss":0.0,"damage_taken":0.0},{"damage_healed":0.0,"max_hp_gain":0.0,"max_hp_loss":0.0,"gold_gain":0.0,"event_name":"Mushrooms","player_choice":"Fought Mushrooms","floor":12.0,"gold_loss":0.0,"damage_taken":0.0},{"damage_healed":0.0,"max_hp_gain":0.0,"max_hp_loss":0.0,"gold_gain":0.0,"event_name":"Addict","player_choice":"Obtained Relic","floor":20.0,"gold_loss":85.0,"damage_taken":0.0,"relics_obtained":["Darkstone Periapt"]},{"cards_removed":["Strike_B"],"damage_healed":0.0,"max_hp_gain":0.0,"max_hp_loss":0.0,"gold_gain":0.0,"event_name":"Back to Basics","player_choice":"Elegance","floor":25.0,"gold_loss":0.0,"damage_taken":0.0},{"damage_healed":0,"gold_gain":0,"player_choice":"Fight","damage_taken":0,"max_hp_gain":0,"max_hp_loss":0,"event_name":"Colosseum","floor":27,"gold_loss":0},{"damage_healed":0,"gold_gain":0,"player_choice":"Fought Nobs","damage_taken":0,"max_hp_gain":0,"max_hp_loss":0,"event_name":"Colosseum","floor":27,"gold_loss":0}],"is_beta":false,"boss_relics":[{"not_picked":["Ectoplasm","Orrery"],"picked":"Astrolabe"}],"items_purged_floors":[21],"is_endless":false,"potions_floor_spawned":[2,4,7,10,14,22,27],"killed_by":"Colosseum Nobs","ascension_level":20}