{"gold_per_floor":[359,369,388,38,3,3,34,50,102,114,114,130,147,166,166,166],"floor_reached":16,"playtime":785,"items_purged":[],"score":170,"play_id":"9a14dce5-23e5-4f1e-a271-40e0ed76ed3c","local_time":"20180908184959","is_ascension_mode":true,"campfire_choices":[{"floor":6,"key":"REST"},{"floor":15,"key":"REST"}],"neow_cost":"PERCENT_DAMAGE","seed_source_timestamp":2075584109715883,"circlet_count":0,"master_deck":["Strike_B","Strike_B","Strike_B","Strike_B","Defend_B","Defend_B+1","Defend_B+1","Defend_B","Zap","Dualcast","AscendersBane","Cold Snap","Chaos","Backstab","FTL","Discovery+1","Conserve Battery","Lockon"],"relics":["Cracked Core","PrismaticShard","Blood Vial","Question Card","War Paint"],"potions_floor_usage":[10,12,13,14],"damage_taken":[{"damage":6,"enemies":"Jaw Worm","floor":1,"turns":4},{"damage":0,"enemies":"2 Louse","floor":2,"turns":2},{"damage":0,"enemies":"Cultist","floor":3,"turns":4},{"damage":34,"enemies":"Lagavulin","floor":7,"turns":7},{"damage":6,"enemies":"Blue Slaver","floor":8,"turns":3},{"damage":5,"enemies":"Red Slaver","floor":10,"turns":2},{"damage":5,"enemies":"3 Louse","floor":12,"turns":4},{"damage":1,"enemies":"Looter","floor":13,"turns":2},{"damage":0,"enemies":"Large Slime","floor":14,"turns":4},{"damage":72,"enemies":"Hexaghost","floor":16,"turns":10}],"seed_played":"-9109111223549781699","potions_obtained":[{"floor":7,"key":"SmokeBomb"},{"floor":8,"key":"SkillPotion"},{"floor":10,"key":"Fruit Juice"},{"floor":12,"key":"Dexterity Potion"},{"floor":13,"key":"Poison Potion"}],"is_trial":false,"path_per_floor":["M","M","M","$","?","R","E","M","T","M","?","M","M","M","R"],"character_chosen":"DEFECT","items_purchased":["PrismaticShard","Blood Vial"],"campfire_rested":2,"item_purchase_floors":[4,4],"current_hp_per_floor":[44,44,44,44,62,75,41,37,37,34,34,43,44,46,70,0],"gold":166,"neow_bonus":"TWO_FIFTY_GOLD","is_prod":false,"is_daily":false,"chose_seed":false,"campfire_upgraded":0,"win_rate":0,"timestamp":1536421799,"path_taken":["M","M","M","$","?","R","E","M","T","M","?","M","M","M","R","BOSS"],"build_version":"2018-09-06","purchased_purges":0,"victory":false,"max_hp_per_floor":[75,75,75,75,75,75,75,75,75,75,75,80,80,80,80,80],"card_choices":[{"not_picked":["Coolheaded","Leap","Stack"],"picked":"SKIP","floor":1},{"not_picked":["Coolheaded","Go for the Eyes"],"picked":"Cold Snap","floor":2},{"not_picked":["Undo","Reprogram"],"picked":"Chaos","floor":3},{"not_picked":["Cleave","Blizzard"],"picked":"Backstab","floor":7},{"not_picked":["Uppercut","Rebound","Anger"],"picked":"FTL","floor":8},{"not_picked":["Go for the Eyes","Cloak And Dagger","Hologram"],"picked":"Discovery","floor":10},{"not_picked":["A Thousand Cuts","Dagger Spray","Tactician","Gash"],"picked":"SKIP","floor":12},{"not_picked":["Calculated Gamble","Thunderclap","Clash"],"picked":"Conserve Battery","floor":13},{"not_picked":["Clash","Terror","Glacier"],"picked":"Lockon","floor":14}],"player_experience":694976,"relics_obtained":[{"floor":7,"key":"Question Card"},{"floor":9,"key":"War Paint"}],"event_choices":[{"event_name":"The Cleric","player_choice":"Healed","floor":5,"damage_taken":0},{"event_name":"Accursed Blacksmith","player_choice":"Forge","floor":11,"damage_taken":0}],"is_beta":false,"boss_relics":[],"items_purged_floors":[],"is_endless":false,"potions_floor_spawned":[7,8,10,12,13],"killed_by":"Hexaghost","ascension_level":12}