{"gold_per_floor":[364,22,41,54,54,54,54,54,54,54,54,68,103,116,116,214,214,197,218,29,29,29,29,29,49,49,49,49,49,68,118,118,214,214,228,228,228,561,8,34,54,54,54,54,54,54,65,93,93,93,93,93,93,13,42,42],"floor_reached":56,"playtime":2415,"items_purged":["Strike_B","Strike_B"],"score":1977,"play_id":"7d32d67c-30fd-42ca-ab22-63c28c24f0b0","local_time":"20190415145035","is_ascension_mode":true,"campfire_choices":[{"data":"Zap","floor":6,"key":"SMITH"},{"data":"Beam Cell","floor":8,"key":"SMITH"},{"floor":11,"key":"REST"},{"data":"Streamline","floor":15,"key":"SMITH"},{"floor":23,"key":"REST"},{"floor":27,"key":"REST"},{"data":"Consume","floor":32,"key":"SMITH"},{"floor":42,"key":"REST"},{"data":"Capacitor","floor":46,"key":"SMITH"},{"floor":49,"key":"RECALL"},{"data":"Echo Form","floor":53,"key":"SMITH"}],"neow_cost":"PERCENT_DAMAGE","seed_source_timestamp":268907508511900,"circlet_count":0,"master_deck":["AscendersBane","Strike_B","Defend_B","Defend_B","Defend_B","Defend_B","Zap+1","Dualcast","Beam Cell+1","Ball Lightning","Cold Snap","Conserve Battery","Echo Form+1","FTL","Consume+1","Echo Form","Doom and Gloom+1","Ghostly","Ghostly","Ghostly","Electrodynamics","Glacier","Capacitor+1","Coolheaded","Coolheaded","Blizzard"],"relics":["Cracked Core","Incense Burner","The Courier","Happy Flower","Nuclear Battery","Regal Pillow","Centennial Puzzle","Orrery","Bag of Preparation","Runic Capacitor","Lantern","Ancient Tea Set","Bottled Tornado","Bronze Scales"],"potions_floor_usage":[16,16,21,22,33,35,40,50,56],"damage_taken":[{"damage":4,"enemies":"Jaw Worm","floor":1,"turns":4},{"damage":7,"enemies":"Small Slimes","floor":3,"turns":3},{"damage":1,"enemies":"Cultist","floor":4,"turns":3},{"damage":4,"enemies":"Exordium Wildlife","floor":12,"turns":3},{"damage":13,"enemies":"Lagavulin","floor":13,"turns":5},{"damage":10,"enemies":"3 Louse","floor":14,"turns":2},{"damage":10,"enemies":"Hexaghost","floor":16,"turns":9},{"damage":19,"enemies":"2 Thieves","floor":18,"turns":4},{"damage":17,"enemies":"Shell Parasite","floor":19,"turns":5},{"damage":0,"enemies":"Cultist and Chosen","floor":21,"turns":1},{"damage":16,"enemies":"Colosseum Slavers","floor":22,"turns":4},{"damage":13,"enemies":"Centurion and Healer","floor":25,"turns":6},{"damage":2,"enemies":"Sentry and Sphere","floor":30,"turns":4},{"damage":23,"enemies":"Collector","floor":33,"turns":10},{"damage":10,"enemies":"3 Darklings","floor":35,"turns":6},{"damage":8,"enemies":"Reptomancer","floor":40,"turns":7},{"damage":0,"enemies":"Orb Walker","floor":41,"turns":5},{"damage":0,"enemies":"Transient","floor":47,"turns":6},{"damage":12,"enemies":"Giant Head","floor":48,"turns":17},{"damage":0,"enemies":"Awakened One","floor":50,"turns":25},{"damage":1,"enemies":"Time Eater","floor":51,"turns":36},{"damage":0,"enemies":"Shield and Spear","floor":55,"turns":9},{"damage":26,"enemies":"The Heart","floor":56,"turns":6}],"seed_played":"2959108282451212178","potions_obtained":[{"floor":1,"key":"SteroidPotion"},{"floor":4,"key":"AttackPotion"},{"floor":16,"key":"SmokeBomb"},{"floor":19,"key":"Regen Potion"},{"floor":25,"key":"Swift Potion"},{"floor":33,"key":"Fire Potion"},{"floor":35,"key":"Fire Potion"},{"floor":40,"key":"SpeedPotion"},{"floor":55,"key":"Energy Potion"}],"is_trial":false,"path_per_floor":["M","$","M","M","?","R","$","R","T","?","R","M","E","M","R","B",null,"M","M","$","M","?","R","?","M","T","R","$","?","M","?","R","B",null,"M","?","?","?","$","E","M","R","T","$","?","R","M","E","R","B","B",null,"R","$","E","B"],"character_chosen":"DEFECT","items_purchased":["Incense Burner","Regal Pillow","Consume","Bag of Preparation","Runic Capacitor","Lantern","Energy Potion"],"campfire_rested":4,"item_purchase_floors":[2,20,20,39,39,39,39],"current_hp_per_floor":[42,42,35,34,34,34,34,34,34,34,53,49,36,26,26,16,52,33,16,16,16,12,46,46,33,33,64,64,32,30,30,30,7,26,16,16,16,16,16,8,8,30,30,30,30,30,30,18,18,18,17,27,27,27,27,1],"gold":42,"neow_bonus":"TWO_FIFTY_GOLD","is_prod":false,"is_daily":false,"chose_seed":false,"campfire_upgraded":6,"win_rate":0,"timestamp":1555307435,"path_taken":["M","$","M","M","?","R","$","R","T","?","R","M","E","?","R","BOSS","M","M","$","M","?","R","?","?","T","R","$","?","M","?","R","BOSS","M","?","?","?","$","E","M","R","T","$","?","R","M","E","R","BOSS","BOSS","R","$","E","BOSS"],"build_version":"2019-01-23","purchased_purges":2,"victory":false,"max_hp_per_floor":[71,71,71,71,64,64,64,64,64,64,64,64,64,64,64,64,64,64,64,64,64,64,64,64,64,64,64,64,32,32,32,32,32,32,32,32,30,30,30,30,30,30,30,30,30,30,30,30,30,30,30,30,30,30,30,30],"card_choices":[{"not_picked":["Melter","Leap"],"picked":"Beam Cell","floor":1},{"not_picked":["Compile Driver","Streamline"],"picked":"Ball Lightning","floor":3},{"not_picked":["Conserve Battery","Leap","Amplify"],"picked":"SKIP","floor":4},{"not_picked":["Gash","Stack"],"picked":"Streamline","floor":12},{"not_picked":["Streamline","Meteor Strike","Auto Shields"],"picked":"SKIP","floor":13},{"not_picked":["Turbo","Sweeping Beam"],"picked":"Conserve Battery","floor":14},{"not_picked":["Reboot","Core Surge"],"picked":"Echo Form","floor":16},{"not_picked":["Go for the Eyes","Aggregate"],"picked":"FTL","floor":18},{"not_picked":["Barrage","Steam","Conserve Battery"],"picked":"SKIP","floor":19},{"not_picked":["Compile Driver+1","Storm"],"picked":"Doom and Gloom+1","floor":25},{"not_picked":["Barrage+1","Streamline","Sweeping Beam"],"picked":"SKIP","floor":30},{"not_picked":["Multi-Cast","Reboot"],"picked":"Electrodynamics","floor":33},{"not_picked":["Gash+1","Streamline+1"],"picked":"Glacier","floor":34},{"not_picked":["Leap","Self Repair"],"picked":"Capacitor","floor":34},{"not_picked":["Sweeping Beam+1","Compile Driver"],"picked":"Coolheaded","floor":34},{"not_picked":["Darkness","Stack+1","Rebound"],"picked":"SKIP","floor":35},{"not_picked":["Go for the Eyes","Beam Cell","Streamline"],"picked":"SKIP","floor":40},{"not_picked":["Heatsinks","Cold Snap"],"picked":"Coolheaded","floor":41},{"not_picked":["Thunder Strike","Beam Cell","Reprogram"],"picked":"SKIP","floor":47},{"not_picked":["Go for the Eyes","Lockon","FTL"],"picked":"SKIP","floor":48},{"not_picked":["Turbo+1","Ball Lightning"],"picked":"Blizzard","floor":55}],"player_experience":3155816,"relics_obtained":[{"floor":9,"key":"The Courier"},{"floor":13,"key":"Happy Flower"},{"floor":26,"key":"Centennial Puzzle"},{"floor":40,"key":"Ancient Tea Set"},{"floor":48,"key":"Bottled Tornado"},{"floor":55,"key":"Bronze Scales"}],"event_choices":[{"damage_healed":0,"gold_gain":0,"player_choice":"Lose Max HP","damage_taken":0,"relics_obtained":["Golden Idol"],"max_hp_gain":0,"max_hp_loss":7,"event_name":"Golden Idol","floor":5,"gold_loss":0},{"damage_healed":0,"gold_gain":0,"cards_transformed":["Strike_B"],"player_choice":"Transformed","damage_taken":0,"max_hp_gain":0,"max_hp_loss":0,"event_name":"Transmorgrifier","floor":10,"gold_loss":0,"cards_obtained":["Cold Snap"]},{"damage_healed":0,"gold_gain":0,"player_choice":"Fight","damage_taken":0,"max_hp_gain":0,"max_hp_loss":0,"event_name":"Colosseum","floor":22,"gold_loss":0},{"damage_healed":0,"gold_gain":0,"player_choice":"Fled From Nobs","damage_taken":0,"max_hp_gain":0,"max_hp_loss":0,"event_name":"Colosseum","floor":22,"gold_loss":0},{"damage_healed":0,"gold_gain":0,"player_choice":"Copied","damage_taken":0,"max_hp_gain":0,"max_hp_loss":0,"event_name":"Duplicator","floor":24,"gold_loss":0,"cards_obtained":["Echo Form"]},{"damage_healed":0,"gold_gain":0,"player_choice":"Became a Ghost","damage_taken":0,"max_hp_gain":0,"max_hp_loss":32,"event_name":"Ghosts","floor":29,"gold_loss":0,"cards_obtained":["Ghostly","Ghostly","Ghostly"]},{"damage_healed":0,"gold_gain":50,"player_choice":"Stole From Cult","damage_taken":0,"max_hp_gain":0,"max_hp_loss":0,"event_name":"Nest","floor":31,"gold_loss":0},{"damage_healed":0,"gold_gain":0,"player_choice":"Ignored","damage_taken":0,"max_hp_gain":0,"max_hp_loss":0,"event_name":"Mysterious Sphere","floor":36,"gold_loss":0},{"damage_healed":0,"gold_gain":0,"player_choice":"Max HP","damage_taken":0,"max_hp_gain":0,"max_hp_loss":2,"event_name":"Winding Halls","floor":37,"gold_loss":0},{"damage_healed":0,"gold_gain":333,"player_choice":"Gave Idol","damage_taken":0,"max_hp_gain":0,"max_hp_loss":0,"event_name":"The Moai Head","floor":38,"relics_lost":["Golden Idol"],"gold_loss":0},{"cards_removed":["Streamline"],"damage_healed":0,"gold_gain":0,"player_choice":"Removed Attack","damage_taken":0,"max_hp_gain":0,"max_hp_loss":0,"event_name":"Falling","floor":45,"gold_loss":0}],"is_beta":false,"boss_relics":[{"not_picked":["Ectoplasm","Sozu"],"picked":"Nuclear Battery"},{"not_picked":["Calling Bell","Runic Pyramid"],"picked":"Orrery"}],"items_purged_floors":[39,54],"is_endless":false,"potions_floor_spawned":[1,4,13,16,19,25,33,35,40,47,55],"killed_by":"The Heart","ascension_level":20}