{"path_per_floor":["M","M","M","M","?","R","E","M","T","E","R","$","M","?","R","B",null,"M","M","?","M"],"character_chosen":"IRONCLAD","items_purchased":["Shrug It Off","True Grit"],"gold_per_floor":[111,124,139,155,105,105,131,141,141,172,172,28,38,138,138,240,270,288,301,301,320],"floor_reached":22,"campfire_rested":0,"playtime":1653,"current_hp_per_floor":[80,80,80,61,61,61,50,55,55,27,27,27,17,17,17,18,85,67,36,36,27],"items_purged":["Defend_R"],"gold":320,"score":228,"play_id":"7dd42c51-a957-4e8e-839e-968b8e06d57c","local_time":"20180228204730","is_prod":false,"is_daily":false,"is_ascension_mode":true,"campfire_upgraded":3,"timestamp":1519822050,"path_taken":["M","M","M","M","?","R","E","M","T","E","R","?","M","?","R","BOSS","M","?","?","?","M"],"build_version":"2018-02-27-BETA1","purchased_purges":1,"victory":false,"master_deck":["Strike_R","Strike_R","Strike_R","Strike_R","Defend_R","Defend_R","Defend_R+1","Bash","Pommel Strike","Headbutt","Battle Trance","Rampage+1","Brutality+1","Rupture","Shrug It Off","True Grit+1","Warcry","Warcry","Rampage","Whirlwind","Ghostly Armor"],"max_hp_per_floor":[80,80,80,80,80,80,80,80,80,80,80,80,80,80,80,80,85,85,85,85,85],"relics":["Burning Blood","Pantograph","Gambling Chip","Matryoshka","Tiny House"],"card_choices":[{"not_picked":["Flame Barrier","Twin Strike"],"picked":"Pommel Strike"},{"not_picked":["Twin Strike","Pummel"],"picked":"Headbutt"},{"not_picked":["Warcry","Shrug It Off"],"picked":"Battle Trance"},{"not_picked":["Intimidate","Sever Soul"],"picked":"Rampage"},{"not_picked":["Power Through","Sword Boomerang"],"picked":"Brutality"},{"not_picked":["Clothesline","Body Slam"],"picked":"Rupture"},{"not_picked":["Anger","Clothesline"],"picked":"Warcry"},{"not_picked":["Wild Strike","Infernal Blade"],"picked":"Warcry"},{"not_picked":["Clothesline","Infernal Blade"],"picked":"Rampage"},{"not_picked":["Twin Strike","Body Slam"],"picked":"Ghostly Armor"}],"player_experience":102891,"potions_floor_usage":[10],"damage_taken":[{"damage":5,"enemies":"Small Slimes","floor":1,"turns":5},{"damage":2,"enemies":"Jaw Worm","floor":2,"turns":3},{"damage":6,"enemies":"Cultist","floor":3,"turns":3},{"damage":25,"enemies":"Exordium Thugs","floor":4,"turns":5},{"damage":17,"enemies":"3 Sentries","floor":7,"turns":6},{"damage":1,"enemies":"Large Slime","floor":8,"turns":4},{"damage":34,"enemies":"Gremlin Nob","floor":10,"turns":4},{"damage":16,"enemies":"Red Slaver","floor":13,"turns":3},{"damage":30,"enemies":"Hexaghost","floor":16,"turns":7},{"damage":24,"enemies":"3 Byrds","floor":18,"turns":6},{"damage":37,"enemies":"2 Thieves","floor":19,"turns":5},{"damage":15,"enemies":"Centurion and Healer","floor":21,"turns":7},{"damage":34,"enemies":"Snake Plant","floor":22,"turns":3}],"event_choices":[{"event_name":"The Cleric","player_choice":"Card Removal","floor":5,"damage_taken":0},{"event_name":"Golden Shrine","player_choice":"Pray","floor":14,"damage_taken":0},{"event_name":"The Library","player_choice":"Read","floor":20,"damage_taken":0}],"boss_relics":[{"not_picked":["Runic Pyramid","Mark of Pain"],"picked":"Tiny House"}],"potions_floor_spawned":[3,7,8,18],"seed_played":"7068090037716395318","killed_by":"Snake Plant","ascension_level":3,"is_trial":false}