{"gold_per_floor":[115,115,115,131,144,144,161,175,249,249,249,249,28,28,28,124,124,142,142,242,260,276,276,293,308,333,333,333,346,346,380,380,475,475,489,507,507,6,20,20,34,34,34,62,62,62,12,32,32,32],"floor_reached":50,"playtime":2335,"items_purged":["Pain","Perfected Strike"],"score":532,"play_id":"7b3a9b23-6461-4e3b-af89-da6f6649bbc6","local_time":"20190303004119","is_ascension_mode":false,"campfire_choices":[{"data":"Searing Blow","floor":6,"key":"SMITH"},{"data":"Searing Blow+1","floor":11,"key":"SMITH"},{"data":"Searing Blow+2","floor":15,"key":"SMITH"},{"data":"Searing Blow+3","floor":23,"key":"SMITH"},{"data":"Searing Blow+4","floor":28,"key":"SMITH"},{"data":"Searing Blow+5","floor":32,"key":"SMITH"},{"data":"Searing Blow+6","floor":40,"key":"SMITH"},{"data":"Searing Blow+7","floor":42,"key":"SMITH"},{"data":"Searing Blow+8","floor":46,"key":"SMITH"},{"floor":49,"key":"REST"}],"neow_cost":"NONE","seed_source_timestamp":86608826897400,"circlet_count":0,"master_deck":["Bash","Thunderclap","Searing Blow+9","Corruption","Havoc","Reaper","Wild Strike","Reckless Charge","True Grit","Twin Strike","Juggernaut","Barricade","Havoc","Feel No Pain","Clash+1","Fire Breathing","Brutality","Ghostly","Ghostly","Ghostly","Ghostly","Ghostly","Anger","Entrench","Sever Soul","Berserk","Havoc","Anger+1","Anger+1","Sword Boomerang","Searing Blow"],"relics":["Burning Blood","NeowsBlessing","WarpedTongs","Bottled Flame","Champion Belt","Orichalcum","Pandora\u0027s Box","Art of War","Oddly Smooth Stone","Black Star","Calipers","Membership Card","Self Forming Clay","Du-Vu Doll","Smiling Mask","Darkstone Periapt"],"potions_floor_usage":[24,33,44,50,50],"damage_taken":[{"damage":0,"enemies":"Small Slimes","floor":1,"turns":1},{"damage":2,"enemies":"2 Louse","floor":4,"turns":1},{"damage":0,"enemies":"Cultist","floor":5,"turns":1},{"damage":22,"enemies":"Large Slime","floor":7,"turns":6},{"damage":6,"enemies":"2 Fungi Beasts","floor":8,"turns":4},{"damage":11,"enemies":"Slime Boss","floor":16,"turns":9},{"damage":17,"enemies":"Spheric Guardian","floor":18,"turns":4},{"damage":8,"enemies":"3 Byrds","floor":21,"turns":8},{"damage":10,"enemies":"Cultist and Chosen","floor":22,"turns":5},{"damage":0,"enemies":"Snake Plant","floor":24,"turns":2},{"damage":13,"enemies":"Snecko","floor":25,"turns":5},{"damage":6,"enemies":"Centurion and Healer","floor":29,"turns":8},{"damage":1,"enemies":"Book of Stabbing","floor":31,"turns":6},{"damage":14,"enemies":"Automaton","floor":33,"turns":10},{"damage":0,"enemies":"3 Shapes","floor":35,"turns":4},{"damage":2,"enemies":"3 Darklings","floor":36,"turns":6},{"damage":1,"enemies":"Spire Growth","floor":39,"turns":6},{"damage":7,"enemies":"4 Shapes","floor":41,"turns":7},{"damage":14,"enemies":"Reptomancer","floor":44,"turns":8},{"damage":13,"enemies":"Maw","floor":48,"turns":9},{"damage":42,"enemies":"Donu and Deca","floor":50,"turns":8}],"seed_played":"3795066715992368498","potions_obtained":[{"floor":7,"key":"FearPotion"},{"floor":8,"key":"PowerPotion"},{"floor":21,"key":"Ancient Potion"},{"floor":24,"key":"AttackPotion"},{"floor":35,"key":"Strength Potion"}],"is_trial":false,"path_per_floor":["M","?","?","M","M","R","M","M","T","?","R","?","$","?","R","B",null,"M","?","?","M","M","R","M","M","T","?","R","M","?","E","R","B",null,"M","M","?","$","M","R","M","R","T","E","T","R","$","M","R","B"],"character_chosen":"IRONCLAD","items_purchased":["Orichalcum","Calipers","Membership Card"],"campfire_rested":1,"item_purchase_floors":[13,38,38],"current_hp_per_floor":[80,80,80,80,80,80,64,64,64,61,61,45,45,45,45,40,80,69,69,69,73,73,73,79,76,76,40,40,40,40,40,40,40,40,40,40,40,40,40,40,40,40,40,32,32,32,32,28,40,0],"gold":32,"neow_bonus":"THREE_ENEMY_KILL","is_prod":false,"is_daily":false,"chose_seed":false,"campfire_upgraded":9,"win_rate":0,"timestamp":1551541279,"path_taken":["M","?","?","M","M","R","?","M","T","?","R","?","$","?","R","BOSS","M","?","?","?","M","R","M","M","T","?","R","M","?","E","R","BOSS","M","M","?","$","M","R","M","R","T","E","?","R","$","?","R","BOSS"],"build_version":"2019-01-23","purchased_purges":2,"victory":false,"max_hp_per_floor":[80,80,80,80,80,80,80,80,80,80,80,80,80,80,80,80,80,80,80,80,80,80,80,80,80,80,40,40,40,40,40,40,40,40,40,40,40,40,40,40,40,40,40,40,40,40,40,40,40,40],"card_choices":[{"not_picked":["Pommel Strike","Infernal Blade"],"picked":"Thunderclap","floor":1},{"not_picked":["Pommel Strike","Rampage"],"picked":"Searing Blow","floor":4},{"not_picked":["Spot Weakness","Sword Boomerang"],"picked":"Corruption","floor":5},{"not_picked":["True Grit","Limit Break"],"picked":"Corruption","floor":7},{"not_picked":["Wild Strike","Clash"],"picked":"Havoc","floor":8},{"not_picked":["Warcry","Shrug It Off+1"],"picked":"Havoc","floor":18},{"not_picked":["Second Wind+1","Wild Strike"],"picked":"Clash+1","floor":21},{"not_picked":["Anger+1","Thunderclap"],"picked":"Fire Breathing","floor":22},{"not_picked":["Seeing Red","Thunderclap"],"picked":"Brutality","floor":24},{"not_picked":["Thunderclap","Sever Soul","Clash+1"],"picked":"SKIP","floor":25},{"not_picked":["Corruption","Rupture"],"picked":"Anger","floor":29},{"not_picked":["Dual Wield","Anger+1"],"picked":"Perfected Strike","floor":31},{"not_picked":["Dark Embrace","Fiend Fire"],"picked":"Berserk","floor":33},{"not_picked":["Clothesline","Uppercut"],"picked":"Havoc","floor":35},{"not_picked":["Shrug It Off+1","Metallicize+1"],"picked":"Anger+1","floor":36},{"not_picked":["Ghostly Armor","Spot Weakness+1","Thunderclap"],"picked":"SKIP","floor":39},{"not_picked":["Ghostly Armor","True Grit+1"],"picked":"Anger+1","floor":41},{"not_picked":["Warcry+1","True Grit+1"],"picked":"Sword Boomerang","floor":44},{"not_picked":["Twin Strike+1","Evolve+1"],"picked":"Searing Blow","floor":48}],"player_experience":1950278,"relics_obtained":[{"floor":9,"key":"Bottled Flame"},{"floor":26,"key":"Art of War"},{"floor":31,"key":"Oddly Smooth Stone"},{"floor":43,"key":"Self Forming Clay"},{"floor":44,"key":"Du-Vu Doll"},{"floor":44,"key":"Smiling Mask"},{"floor":45,"key":"Darkstone Periapt"}],"event_choices":[{"cards_removed":["Strike_R"],"damage_healed":0,"gold_gain":0,"player_choice":"Forget","damage_taken":0,"max_hp_gain":0,"max_hp_loss":0,"event_name":"Living Wall","floor":2,"gold_loss":0},{"damage_healed":0,"gold_gain":0,"player_choice":"Rummage","damage_taken":0,"relics_obtained":["WarpedTongs"],"max_hp_gain":0,"max_hp_loss":0,"event_name":"Accursed Blacksmith","floor":3,"gold_loss":0,"cards_obtained":["Pain"]},{"damage_healed":0,"gold_gain":0,"player_choice":"Success","damage_taken":3,"relics_obtained":["Champion Belt"],"max_hp_gain":0,"max_hp_loss":0,"event_name":"Scrap Ooze","floor":10,"gold_loss":0},{"damage_healed":0,"gold_gain":0,"player_choice":"Entered Light","damage_taken":16,"max_hp_gain":0,"max_hp_loss":0,"event_name":"Shining Light","floor":12,"gold_loss":0,"cards_upgraded":["Strike_R","Defend_R"]},{"damage_healed":0,"gold_gain":0,"player_choice":"Ignored","damage_taken":0,"max_hp_gain":0,"max_hp_loss":0,"event_name":"Liars Game","floor":14,"gold_loss":0},{"damage_healed":0,"gold_gain":0,"player_choice":"Read","damage_taken":0,"max_hp_gain":0,"max_hp_loss":0,"event_name":"The Library","floor":19,"gold_loss":0,"cards_obtained":["Feel No Pain"]},{"damage_healed":0,"gold_gain":100,"player_choice":"Pray","damage_taken":0,"max_hp_gain":0,"max_hp_loss":0,"event_name":"Golden Shrine","floor":20,"gold_loss":0},{"damage_healed":0,"gold_gain":0,"player_choice":"Became a Ghost","damage_taken":0,"max_hp_gain":0,"max_hp_loss":40,"event_name":"Ghosts","floor":27,"gold_loss":0,"cards_obtained":["Ghostly","Ghostly","Ghostly","Ghostly","Ghostly"]},{"damage_healed":0,"gold_gain":0,"cards_transformed":["Corruption","Perfected Strike"],"player_choice":"Became Test Subject","damage_taken":0,"max_hp_gain":0,"max_hp_loss":0,"event_name":"Drug Dealer","floor":30,"gold_loss":0,"cards_obtained":["Entrench","Sever Soul"]},{"damage_healed":0,"gold_gain":0,"player_choice":"Ignored","damage_taken":0,"max_hp_gain":0,"max_hp_loss":0,"event_name":"Mysterious Sphere","floor":37,"gold_loss":0}],"is_beta":false,"boss_relics":[{"not_picked":["Snecko Eye","Tiny House"],"picked":"Pandora\u0027s Box"},{"not_picked":["White Beast Statue","Mark of Pain"],"picked":"Black Star"}],"items_purged_floors":[13,47],"is_endless":false,"potions_floor_spawned":[7,8,21,22,24,31,35],"killed_by":"Donu and Deca","ascension_level":0}