{"path_per_floor":["M","M","?","M","?","R","E","R","T","$","?","$","M","$","R","B",null,"M","M","M","?","M","R","M","R","T","R","?","M","$","M","R"],"character_chosen":"THE_SILENT","items_purchased":[],"gold_per_floor":[13,31,31,42,42,42,77,77,77,2,2,2,20,20,20,116,116,128,142,157,80,96,96,112,112,112,112,112,128,28,41,41,41],"floor_reached":33,"campfire_rested":1,"playtime":1812,"current_hp_per_floor":[63,62,62,62,62,62,43,43,53,53,46,46,34,34,34,12,63,58,55,55,55,41,41,31,31,31,31,31,21,21,9,33,0],"items_purged":["Strike_G","Strike_G"],"gold":41,"score":358,"play_id":"ac19668b-82a7-4c88-8c32-0ae62f7cb1c4","local_time":"20180513232854","is_prod":false,"is_daily":false,"chose_seed":false,"is_ascension_mode":true,"campfire_upgraded":6,"timestamp":1526225334,"path_taken":["M","M","?","M","?","R","E","R","T","$","?","$","?","?","R","BOSS","M","M","?","?","M","R","M","R","T","R","?","M","$","M","R","BOSS"],"build_version":"2018-05-12v2","seed_source_timestamp":197463736675638,"purchased_purges":2,"victory":false,"master_deck":["Defend_G","Defend_G","Defend_G","Defend_G","Strike_G","Strike_G","Survivor","Neutralize+1","A Thousand Cuts+1","Escape Plan","Infinite Blades+1","Accuracy+1","A Thousand Cuts+1","Venomology+1","Infinite Blades","Malaise+1","Cloak And Dagger+1","J.A.X.","Dodge and Roll+1"],"max_hp_per_floor":[70,70,70,70,70,70,70,70,80,80,80,80,80,80,80,80,80,80,80,80,80,80,80,80,80,80,80,80,80,80,80,80,80],"relics":["Ring of the Snake","Question Card","Pear","Cursed Key","Ninja Scroll"],"card_choices":[{"not_picked":["Die Die Die","Doppelganger"],"picked":"A Thousand Cuts","floor":0},{"not_picked":["Deflect","Bane"],"picked":"Escape Plan","floor":1},{"not_picked":["Escape Plan","Slice"],"picked":"Infinite Blades","floor":2},{"not_picked":["Underhanded Strike","Bane","PiercingWail"],"picked":"SKIP","floor":4},{"not_picked":["Dash","Dagger Throw"],"picked":"Accuracy","floor":7},{"not_picked":["Deflect","Underhanded Strike","Concentrate"],"picked":"A Thousand Cuts","floor":13},{"not_picked":["Phantasmal Killer","Storm of Steel","Glass Knife"],"picked":"Venomology","floor":16},{"not_picked":["All Out Attack","Dagger Throw","Setup"],"picked":"Infinite Blades","floor":18},{"not_picked":["Escape Plan","Catalyst","Bane+1"],"picked":"Malaise+1","floor":19},{"not_picked":["Underhanded Strike","Acrobatics+1","Slice+1"],"picked":"Cloak And Dagger","floor":20},{"not_picked":["PiercingWail","Dodge and Roll","Infinite Blades","Slice"],"picked":"SKIP","floor":22},{"not_picked":["Night Terror","Finisher","Acrobatics","Underhanded Strike"],"picked":"SKIP","floor":24},{"not_picked":["Riddle With Holes+1","Infinite Blades","Setup","Reflex"],"picked":"SKIP","floor":29},{"not_picked":["Outmaneuver","Deadly Poison+1","Flying Knee+1"],"picked":"Dodge and Roll+1","floor":31}],"player_experience":370515,"potions_floor_usage":[16,18,19,22,22,29,31,33,33,33],"damage_taken":[{"damage":0,"enemies":"Small Slimes","floor":1,"turns":5},{"damage":1,"enemies":"Cultist","floor":2,"turns":4},{"damage":0,"enemies":"2 Louse","floor":4,"turns":3},{"damage":19,"enemies":"3 Sentries","floor":7,"turns":6},{"damage":12,"enemies":"Gremlin Gang","floor":13,"turns":4},{"damage":22,"enemies":"The Guardian","floor":16,"turns":10},{"damage":5,"enemies":"Shell Parasite","floor":18,"turns":5},{"damage":3,"enemies":"Spheric Guardian","floor":19,"turns":4},{"damage":0,"enemies":"Centurion and Healer","floor":20,"turns":5},{"damage":14,"enemies":"Snake Plant","floor":22,"turns":6},{"damage":10,"enemies":"3 Cultists","floor":24,"turns":3},{"damage":10,"enemies":"Snecko","floor":29,"turns":4},{"damage":12,"enemies":"Snake Plant","floor":31,"turns":3},{"damage":53,"enemies":"Champ","floor":33,"turns":6}],"event_choices":[{"event_name":"Upgrade Shrine","player_choice":"Upgraded","floor":3,"damage_taken":0},{"event_name":"Bonfire Elementals","player_choice":"BASIC","floor":5,"damage_taken":0},{"event_name":"Golden Wing","player_choice":"Card Removal","floor":11,"damage_taken":0},{"event_name":"Drug Dealer","player_choice":"Got JAXXED","floor":21,"damage_taken":0},{"event_name":"Back to Basics","player_choice":"Elegance","floor":28,"damage_taken":0}],"boss_relics":[{"not_picked":["Runic Pyramid","Calling Bell"],"picked":"Cursed Key"}],"potions_floor_spawned":[4,13,16,24],"seed_played":"-41108696744219571","killed_by":"Champ","ascension_level":9,"is_trial":false}