{"gold_per_floor":[114,114,128,12,12,12,40,59,359,378,388,388,413,428,428,428],"floor_reached":16,"playtime":412,"items_purged":["Strike_R"],"score":274,"play_id":"f4af2a36-bd9c-4e24-8313-d11f4e64e1a5","local_time":"20190422125113","is_ascension_mode":true,"campfire_choices":[{"data":"Feel No Pain","floor":6,"key":"SMITH"},{"data":"Pommel Strike","floor":15,"key":"SMITH"}],"neow_cost":"NONE","seed_source_timestamp":3778564064800,"circlet_count":0,"master_deck":["AscendersBane","Strike_R","Strike_R","Strike_R","Strike_R+1","Defend_R","Defend_R","Defend_R","Defend_R","Bash+1","Pommel Strike+1","Seeing Red","Feel No Pain+1","Seeing Red","Battle Trance","Warcry"],"relics":["Burning Blood","NeowsBlessing","Charon\u0027s Ashes","Old Coin"],"potions_floor_usage":[16,16],"damage_taken":[{"damage":0,"enemies":"Small Slimes","floor":1,"turns":1},{"damage":0,"enemies":"2 Louse","floor":3,"turns":1},{"damage":0,"enemies":"Lagavulin","floor":7,"turns":1},{"damage":1,"enemies":"Cultist","floor":8,"turns":3},{"damage":3,"enemies":"Gremlin Gang","floor":10,"turns":4},{"damage":2,"enemies":"Looter","floor":11,"turns":3},{"damage":16,"enemies":"3 Sentries","floor":13,"turns":5},{"damage":3,"enemies":"Blue Slaver","floor":14,"turns":3},{"damage":73,"enemies":"The Guardian","floor":16,"turns":12}],"seed_played":"4079834098711195258","potions_obtained":[{"floor":5,"key":"Poison Potion"},{"floor":5,"key":"AttackPotion"}],"is_trial":false,"path_per_floor":["M","?","M","$","?","R","E","M","T","M","M","?","E","M","R","B"],"character_chosen":"IRONCLAD","items_purchased":["Feel No Pain"],"campfire_rested":0,"item_purchase_floors":[4],"current_hp_per_floor":[74,51,57,57,57,57,63,68,68,71,75,80,70,73,73,0],"gold":428,"neow_bonus":"THREE_ENEMY_KILL","is_prod":false,"is_daily":false,"chose_seed":false,"campfire_upgraded":2,"win_rate":0,"timestamp":1555905073,"path_taken":["M","?","M","$","?","R","E","M","T","?","?","?","E","M","R","BOSS"],"build_version":"2019-01-23","purchased_purges":1,"victory":false,"max_hp_per_floor":[75,75,75,75,75,75,75,75,75,75,75,80,80,80,80,80],"card_choices":[{"not_picked":["Warcry","Armaments"],"picked":"Pommel Strike","floor":1},{"not_picked":["Headbutt","Twin Strike"],"picked":"Seeing Red","floor":3},{"not_picked":["Havoc","Burning Pact"],"picked":"Seeing Red","floor":7},{"not_picked":["Pommel Strike","Thunderclap"],"picked":"Battle Trance","floor":8},{"not_picked":["Wild Strike","Clothesline"],"picked":"Warcry","floor":10},{"not_picked":["Armaments","Bloodletting","Cleave"],"picked":"SKIP","floor":11},{"not_picked":["Armaments","Bloodletting","Cleave"],"picked":"SKIP","floor":11},{"not_picked":["Seeing Red","Sword Boomerang","Anger"],"picked":"SKIP","floor":13},{"not_picked":["Seeing Red","Sword Boomerang","Anger"],"picked":"SKIP","floor":13},{"not_picked":["Havoc","Headbutt","Twin Strike"],"picked":"SKIP","floor":14}],"player_experience":3291072,"relics_obtained":[{"floor":7,"key":"Charon\u0027s Ashes"},{"floor":9,"key":"Old Coin"}],"event_choices":[{"damage_healed":0,"gold_gain":0,"player_choice":"Entered Light","damage_taken":23,"max_hp_gain":0,"max_hp_loss":0,"event_name":"Shining Light","floor":2,"gold_loss":0,"cards_upgraded":["Strike_R","Bash"]},{"damage_healed":0,"gold_gain":0,"player_choice":"Got Potions","damage_taken":0,"max_hp_gain":0,"max_hp_loss":0,"event_name":"Lab","floor":5,"gold_loss":0},{"damage_healed":0,"gold_gain":0,"player_choice":"Donut","damage_taken":0,"max_hp_gain":5,"max_hp_loss":0,"event_name":"Big Fish","floor":12,"gold_loss":0}],"is_beta":false,"boss_relics":[],"items_purged_floors":[4],"is_endless":false,"potions_floor_spawned":[7,8,13,14],"killed_by":"The Guardian","ascension_level":20}