{"gold_per_floor":[114,71,132,79,98,98,126,126,126,126,38,38,69,81,81,158,158,171],"floor_reached":18,"playtime":440,"items_purged":[],"score":336,"play_id":"58d4b330-fad8-4e1f-be48-0d1ab95477f4","local_time":"20190316153817","is_ascension_mode":true,"campfire_choices":[{"data":"Hyperbeam","floor":6,"key":"SMITH"},{"data":"Sunder","floor":8,"key":"SMITH"},{"floor":10,"key":"REST"},{"data":"Zap","floor":15,"key":"SMITH"}],"neow_cost":"PERCENT_DAMAGE","seed_source_timestamp":192685351985500,"circlet_count":0,"master_deck":["AscendersBane","Strike_B","Strike_B","Strike_B","Strike_B","Defend_B","Defend_B","Defend_B","Defend_B","Zap+1","Dualcast","Hyperbeam+1","Sunder+1","Self Repair","White Noise","Echo Form"],"relics":["Cracked Core","Torii","StoneCalendar","Bottled Flame","Runic Dome"],"potions_floor_usage":[16,18],"damage_taken":[{"damage":7,"enemies":"Small Slimes","floor":1,"turns":3},{"damage":7,"enemies":"Jaw Worm","floor":5,"turns":2},{"damage":25,"enemies":"Lagavulin","floor":7,"turns":7},{"damage":1,"enemies":"3 Sentries","floor":13,"turns":2},{"damage":0,"enemies":"Cultist","floor":14,"turns":3},{"damage":20,"enemies":"The Guardian","floor":16,"turns":12},{"damage":6,"enemies":"3 Byrds","floor":18,"turns":4}],"seed_played":"-2351036445739870053","potions_obtained":[{"floor":1,"key":"Ancient Potion"},{"floor":13,"key":"Dexterity Potion"},{"floor":18,"key":"FearPotion"}],"is_trial":false,"path_per_floor":["M","$","?","$","M","R","E","R","T","R","$","?","E","M","R","B",null,"M"],"character_chosen":"DEFECT","items_purchased":["Sunder","Fire Potion","Self Repair"],"campfire_rested":1,"item_purchase_floors":[2,4,11],"current_hp_per_floor":[39,39,39,39,32,32,7,7,7,28,28,28,27,34,34,21,59,60],"gold":171,"neow_bonus":"THREE_RARE_CARDS","is_prod":false,"is_daily":false,"chose_seed":false,"campfire_upgraded":3,"win_rate":0,"timestamp":1552718297,"path_taken":["M","$","?","$","M","R","E","R","T","R","$","?","E","M","R","BOSS","M"],"build_version":"2019-01-23","purchased_purges":0,"victory":false,"max_hp_per_floor":[71,71,71,71,71,71,71,71,71,71,71,71,71,71,71,71,71,71],"card_choices":[{"not_picked":["Multi-Cast","Amplify"],"picked":"Hyperbeam","floor":0},{"not_picked":["Undo","Leap","Hologram"],"picked":"SKIP","floor":1},{"not_picked":["Fusion","Ball Lightning","Static Discharge"],"picked":"SKIP","floor":5},{"not_picked":["FTL","Recycle","Gash"],"picked":"SKIP","floor":7},{"not_picked":["Barrage","Scrape"],"picked":"White Noise","floor":13},{"not_picked":["Double Energy","Gash","Steam"],"picked":"SKIP","floor":14},{"not_picked":["Hyperbeam","Rainbow"],"picked":"Echo Form","floor":16},{"not_picked":["Stack","Hologram","Leap"],"picked":"SKIP","floor":18}],"player_experience":2308575,"relics_obtained":[{"floor":7,"key":"Torii"},{"floor":9,"key":"StoneCalendar"},{"floor":13,"key":"Bottled Flame"}],"event_choices":[{"damage_healed":0,"gold_gain":61,"player_choice":"Gained Gold","damage_taken":0,"max_hp_gain":0,"max_hp_loss":0,"event_name":"Golden Wing","floor":3,"gold_loss":0},{"damage_healed":0,"gold_gain":0,"player_choice":"Ignored","damage_taken":0,"max_hp_gain":0,"max_hp_loss":0,"event_name":"Liars Game","floor":12,"gold_loss":0}],"is_beta":false,"boss_relics":[{"not_picked":["Busted Crown","Astrolabe"],"picked":"Runic Dome"}],"items_purged_floors":[],"is_endless":false,"potions_floor_spawned":[1,13,14,18],"killed_by":"3 Byrds","ascension_level":20}