{"gold_per_floor":[116,126,37,37,56,89,89,124,124,124,139,153,153,153],"floor_reached":14,"playtime":233,"items_purged":[],"score":200,"play_id":"fb161977-2849-4a8a-b4a3-87b475860931","local_time":"20190319211246","is_ascension_mode":true,"campfire_choices":[{"floor":13,"key":"REST"}],"neow_cost":"NONE","seed_source_timestamp":9486986286700,"circlet_count":0,"master_deck":["AscendersBane","Strike_B","Strike_B","Strike_B","Strike_B","Defend_B","Defend_B","Defend_B","Defend_B","Zap","Dualcast","Cold Snap","Discovery","Creative AI","Pain"],"relics":["Cracked Core","NeowsBlessing","Dodecahedron","Golden Idol","Mango","Turnip","WarpedTongs"],"potions_floor_usage":[6,12],"damage_taken":[{"damage":0,"enemies":"Cultist","floor":1,"turns":1},{"damage":0,"enemies":"2 Louse","floor":2,"turns":1},{"damage":0,"enemies":"Small Slimes","floor":5,"turns":1},{"damage":32,"enemies":"Gremlin Nob","floor":6,"turns":5},{"damage":16,"enemies":"Lagavulin","floor":8,"turns":6},{"damage":14,"enemies":"Red Slaver","floor":11,"turns":4},{"damage":10,"enemies":"Gremlin Gang","floor":12,"turns":4},{"damage":4,"enemies":"Exordium Wildlife","floor":14,"turns":1}],"seed_played":"4166651624493774657","potions_obtained":[{"floor":4,"key":"SpeedPotion"},{"floor":4,"key":"Fire Potion"},{"floor":5,"key":"Fire Potion"},{"floor":6,"key":"SkillPotion"},{"floor":8,"key":"Strength Potion"}],"is_trial":false,"path_per_floor":["M","M","$","?","M","E","?","E","T","?","M","M","R","M"],"character_chosen":"DEFECT","items_purchased":["Discovery"],"campfire_rested":1,"item_purchase_floors":[3],"current_hp_per_floor":[64,64,64,64,64,32,32,30,30,30,16,6,29,25],"gold":153,"neow_bonus":"THREE_ENEMY_KILL","is_prod":false,"is_daily":false,"chose_seed":false,"campfire_upgraded":0,"win_rate":0,"timestamp":1552997566,"path_taken":["M","M","$","?","?","E","?","E","T","?","?","?","R","M"],"build_version":"2019-01-23","purchased_purges":0,"victory":false,"max_hp_per_floor":[71,71,71,71,71,71,64,78,78,78,78,78,78,78],"card_choices":[{"not_picked":["Sweeping Beam","Turbo"],"picked":"Cold Snap","floor":1},{"not_picked":["Hologram","Leap","Sweeping Beam"],"picked":"SKIP","floor":2},{"not_picked":["Turbo","Beam Cell","Go for the Eyes"],"picked":"SKIP","floor":5},{"not_picked":["Core Surge","Reprogram"],"picked":"Creative AI","floor":6},{"not_picked":["Sweeping Beam","Tempest","Beam Cell"],"picked":"SKIP","floor":8},{"not_picked":["Hello World","Hologram","Genetic Algorithm"],"picked":"SKIP","floor":11},{"not_picked":["Force Field","Go for the Eyes","Leap"],"picked":"SKIP","floor":12}],"player_experience":2384933,"relics_obtained":[{"floor":6,"key":"Dodecahedron"},{"floor":8,"key":"Mango"},{"floor":9,"key":"Turnip"}],"event_choices":[{"damage_healed":0,"gold_gain":0,"player_choice":"Got Potions","damage_taken":0,"max_hp_gain":0,"max_hp_loss":0,"event_name":"Lab","floor":4,"gold_loss":0},{"damage_healed":0,"gold_gain":0,"player_choice":"Lose Max HP","damage_taken":0,"relics_obtained":["Golden Idol"],"max_hp_gain":0,"max_hp_loss":7,"event_name":"Golden Idol","floor":7,"gold_loss":0},{"damage_healed":0,"gold_gain":0,"player_choice":"Rummage","damage_taken":0,"relics_obtained":["WarpedTongs"],"max_hp_gain":0,"max_hp_loss":0,"event_name":"Accursed Blacksmith","floor":10,"gold_loss":0,"cards_obtained":["Pain"]}],"is_beta":false,"boss_relics":[],"items_purged_floors":[],"is_endless":false,"potions_floor_spawned":[5,6,8],"killed_by":"Exordium Wildlife","ascension_level":20}