{"gold_per_floor":[116,116,128,145,145,176,176,205,231,231,231,231,247,247],"floor_reached":14,"playtime":218,"items_purged":[],"score":196,"play_id":"3533f598-2996-4898-91de-2b4dabd868b3","local_time":"20190223142334","is_ascension_mode":true,"campfire_choices":[{"data":"Streamline","floor":7,"key":"SMITH"},{"data":"Zap","floor":10,"key":"SMITH"}],"neow_cost":"NONE","seed_source_timestamp":268592051598400,"circlet_count":0,"master_deck":["AscendersBane","Strike_B","Strike_B","Strike_B","Defend_B","Defend_B","Defend_B","Zap+1","Dualcast","Streamline+1","Coolheaded","Cold Snap","Reinforced Body"],"relics":["Cracked Core","NeowsBlessing","Regal Pillow","Ancient Tea Set","Strawberry","Lantern"],"potions_floor_usage":[6],"damage_taken":[{"damage":0,"enemies":"Small Slimes","floor":1,"turns":1},{"damage":0,"enemies":"Cultist","floor":3,"turns":1},{"damage":0,"enemies":"2 Louse","floor":4,"turns":1},{"damage":32,"enemies":"Gremlin Nob","floor":6,"turns":4},{"damage":22,"enemies":"Lagavulin","floor":8,"turns":5},{"damage":8,"enemies":"Blue Slaver","floor":13,"turns":3},{"damage":0,"enemies":"Exordium Thugs","floor":14,"turns":1}],"seed_played":"-6682970572210569041","potions_obtained":[{"floor":4,"key":"AttackPotion"},{"floor":13,"key":"FocusPotion"}],"is_trial":false,"path_per_floor":["M","?","M","M","$","E","R","E","T","R","?","?","M","M"],"character_chosen":"DEFECT","items_purchased":[],"campfire_rested":0,"item_purchase_floors":[],"current_hp_per_floor":[64,64,64,64,64,32,32,17,17,17,10,10,2,2],"gold":247,"neow_bonus":"THREE_ENEMY_KILL","is_prod":false,"is_daily":false,"chose_seed":false,"campfire_upgraded":2,"win_rate":0,"timestamp":1550899414,"path_taken":["M","?","?","M","$","E","R","E","T","R","?","?","M","M"],"build_version":"2019-01-23","purchased_purges":0,"victory":false,"max_hp_per_floor":[71,71,71,71,71,71,71,78,78,78,78,78,78,78],"card_choices":[{"not_picked":["Chaos","Leap"],"picked":"Conserve Battery","floor":1},{"not_picked":["Rebound","Meteor Strike"],"picked":"Streamline","floor":3},{"not_picked":["Streamline","Turbo"],"picked":"Coolheaded","floor":4},{"not_picked":["White Noise","Rip and Tear"],"picked":"Cold Snap","floor":6},{"not_picked":["Rebound","Static Discharge"],"picked":"Reinforced Body","floor":8},{"not_picked":["Redo","Turbo","Streamline"],"picked":"SKIP","floor":13}],"player_experience":1772637,"relics_obtained":[{"floor":6,"key":"Ancient Tea Set"},{"floor":8,"key":"Strawberry"},{"floor":9,"key":"Lantern"}],"event_choices":[{"cards_removed":["Conserve Battery"],"damage_healed":0,"gold_gain":0,"player_choice":"Gave Card","damage_taken":0,"relics_obtained":["Regal Pillow"],"max_hp_gain":0,"max_hp_loss":0,"event_name":"WeMeetAgain","floor":2,"gold_loss":0},{"cards_removed":["Strike_B"],"damage_healed":0,"gold_gain":0,"player_choice":"Card Removal","damage_taken":7,"max_hp_gain":0,"max_hp_loss":0,"event_name":"Golden Wing","floor":11,"gold_loss":0},{"cards_removed":["Defend_B"],"damage_healed":0,"gold_gain":0,"player_choice":"Purged","damage_taken":0,"max_hp_gain":0,"max_hp_loss":0,"event_name":"Purifier","floor":12,"gold_loss":0}],"is_beta":false,"boss_relics":[],"items_purged_floors":[],"is_endless":false,"potions_floor_spawned":[4,13],"killed_by":"Exordium Thugs","ascension_level":20}