{"gold_per_floor":[114,130,405,421,92,92,119,119,119,139,139,154,179,254,254,325,325,340,340,340,354,12,42,42,74,97,97],"floor_reached":27,"playtime":663,"items_purged":["Regret","Strike_R"],"score":498,"play_id":"f60123b8-8c4b-4559-ae91-7ed35d3ae795","local_time":"20190309154221","is_ascension_mode":true,"campfire_choices":[{"data":"Whirlwind","floor":6,"key":"SMITH"},{"data":"Demon Form","floor":11,"key":"SMITH"},{"data":"Fiend Fire","floor":15,"key":"SMITH"},{"data":"Offering","floor":24,"key":"SMITH"}],"neow_cost":"NONE","seed_source_timestamp":19430777598700,"circlet_count":0,"master_deck":["AscendersBane","Strike_R+1","Strike_R","Strike_R+1","Defend_R","Defend_R","Defend_R","Defend_R","Bash","Whirlwind+1","Battle Trance","Fiend Fire+1","Feel No Pain","Demon Form+1","Flame Barrier","Offering+1","Entrench","Evolve"],"relics":["Burning Blood","NeowsBlessing","Ornamental Fan","Matryoshka","Whetstone","Pen Nib","Coffee Dripper","Nilry\u0027s Codex","Omamori","Question Card","Blood Vial","Lantern","Bag of Marbles"],"potions_floor_usage":[2,12,23,23,25],"damage_taken":[{"damage":0,"enemies":"Small Slimes","floor":1,"turns":1},{"damage":0,"enemies":"Cultist","floor":2,"turns":1},{"damage":0,"enemies":"2 Louse","floor":4,"turns":1},{"damage":12,"enemies":"Gremlin Nob","floor":7,"turns":4},{"damage":17,"enemies":"Large Slime","floor":10,"turns":4},{"damage":0,"enemies":"Exordium Wildlife","floor":12,"turns":2},{"damage":38,"enemies":"Slime Boss","floor":16,"turns":5},{"damage":0,"enemies":"3 Byrds","floor":18,"turns":3},{"damage":6,"enemies":"Spheric Guardian","floor":21,"turns":3},{"damage":18,"enemies":"Gremlin Leader","floor":23,"turns":2},{"damage":27,"enemies":"Book of Stabbing","floor":25,"turns":4},{"damage":0,"enemies":"Slavers","floor":27,"turns":1}],"seed_played":"7439163957186454333","potions_obtained":[{"floor":1,"key":"SpeedPotion"},{"floor":2,"key":"Fruit Juice"},{"floor":10,"key":"AttackPotion"},{"floor":12,"key":"FearPotion"},{"floor":16,"key":"Fire Potion"},{"floor":20,"key":"Swift Potion"},{"floor":23,"key":"PowerPotion"}],"is_trial":false,"path_per_floor":["M","M","?","M","$","R","E","?","T","M","R","M","T","?","R","B",null,"M","?","?","M","$","E","R","E","T","E"],"character_chosen":"IRONCLAD","items_purchased":["Fiend Fire","Feel No Pain","Evolve","Omamori"],"campfire_rested":0,"item_purchase_floors":[5,5,22,22],"current_hp_per_floor":[74,80,80,80,80,80,74,74,74,63,63,69,69,58,58,26,67,73,52,52,52,52,40,40,19,19,21],"gold":97,"neow_bonus":"THREE_ENEMY_KILL","is_prod":false,"is_daily":false,"chose_seed":false,"campfire_upgraded":4,"win_rate":0,"timestamp":1552113741,"path_taken":["M","M","?","M","?","R","E","?","T","M","R","?","?","?","R","BOSS","M","?","?","?","$","E","R","E","T","E"],"build_version":"2019-01-23","purchased_purges":2,"victory":false,"max_hp_per_floor":[75,80,80,80,80,80,80,80,80,80,80,80,80,80,80,80,80,80,80,80,80,80,80,80,80,80,80],"card_choices":[{"not_picked":["Twin Strike","Anger"],"picked":"Whirlwind","floor":1},{"not_picked":["Dual Wield","Heavy Blade","Intimidate"],"picked":"SKIP","floor":2},{"not_picked":["Ghostly Armor","Warcry"],"picked":"Battle Trance","floor":4},{"not_picked":["Entrench","Flame Barrier"],"picked":"Demon Form","floor":7},{"not_picked":["Shrug It Off","Warcry"],"picked":"Flame Barrier","floor":10},{"not_picked":["Rage","Clash","Dual Wield"],"picked":"SKIP","floor":12},{"not_picked":["Dark Embrace","Feed"],"picked":"Offering","floor":16},{"not_picked":["Rupture","Reckless Charge"],"picked":"Entrench","floor":18},{"not_picked":["Combust+1","Havoc","Clothesline"],"picked":"SKIP","floor":21},{"not_picked":["Warcry","Thunderclap","Havoc"],"picked":"SKIP","floor":23},{"not_picked":["Dark Embrace","Anger+1","Sword Boomerang","Havoc"],"picked":"SKIP","floor":25}],"player_experience":2092940,"relics_obtained":[{"floor":7,"key":"Ornamental Fan"},{"floor":9,"key":"Matryoshka"},{"floor":13,"key":"Whetstone"},{"floor":13,"key":"Pen Nib"},{"floor":19,"key":"Nilry\u0027s Codex"},{"floor":23,"key":"Question Card"},{"floor":25,"key":"Blood Vial"},{"floor":26,"key":"Lantern"},{"floor":26,"key":"Bag of Marbles"}],"event_choices":[{"damage_healed":0,"gold_gain":275,"player_choice":"Desecrate","damage_taken":0,"max_hp_gain":0,"max_hp_loss":0,"event_name":"Golden Shrine","floor":3,"gold_loss":0,"cards_obtained":["Regret"]},{"cards_removed":["Strike_R"],"damage_healed":0,"gold_gain":0,"player_choice":"Purged","damage_taken":0,"max_hp_gain":0,"max_hp_loss":0,"event_name":"Purifier","floor":8,"gold_loss":0},{"damage_healed":0,"gold_gain":75,"player_choice":"Gather Gold","damage_taken":11,"max_hp_gain":0,"max_hp_loss":0,"event_name":"World of Goop","floor":14,"gold_loss":0},{"damage_healed":0,"gold_gain":0,"player_choice":"Obtained Book","damage_taken":21,"max_hp_gain":0,"max_hp_loss":0,"event_name":"Cursed Tome","floor":19,"gold_loss":0},{"damage_healed":0,"gold_gain":0,"player_choice":"Got Potions","damage_taken":0,"max_hp_gain":0,"max_hp_loss":0,"event_name":"Lab","floor":20,"gold_loss":0}],"is_beta":false,"boss_relics":[{"not_picked":["Mark of Pain","Cursed Key"],"picked":"Coffee Dripper"}],"items_purged_floors":[5,22],"is_endless":false,"potions_floor_spawned":[1,2,10,12,16,18,23],"killed_by":"Slavers","ascension_level":20}