{"gold_per_floor":[18,28,28,39,53,53,80,80,105,121,140,158,158,177,177,279,279,291,291,141,241,253,253,268,268,268,268,280,280,280,310,310,410,410,430,157,157,168,168,168,188,202,202,216,216,229,229,239,239,239],"floor_reached":51,"playtime":4206,"items_purged":["Strike_G","Endless Agony+1"],"score":1110,"play_id":"b16055ba-b8c5-4bb7-b2c1-70056aed8ce3","local_time":"20180630000818","is_ascension_mode":true,"campfire_choices":[{"data":"Crippling Poison","floor":6.0,"key":"SMITH"},{"data":"Footwork","floor":8.0,"key":"SMITH"},{"floor":15.0,"key":"REST"},{"data":"Bullet Time","floor":23.0,"key":"SMITH"},{"data":"Catalyst","floor":25.0,"key":"SMITH"},{"data":"Crippling Poison","floor":27.0,"key":"SMITH"},{"data":"Footwork","floor":30.0,"key":"SMITH"},{"data":"Concentrate","floor":32.0,"key":"SMITH"},{"data":"Catalyst","floor":40,"key":"SMITH"},{"data":"Acrobatics","floor":45,"key":"SMITH"},{"data":"Adrenaline","floor":47,"key":"SMITH"},{"data":"Catalyst","floor":49,"key":"SMITH"}],"neow_cost":"","seed_source_timestamp":0,"circlet_count":0,"master_deck":["Defend_G","Defend_G","Defend_G","Defend_G","Defend_G","Strike_G","Survivor","AscendersBane","Backflip","Footwork+1","Crippling Poison+1","Crippling Poison+1","Deadly Poison","Dodge and Roll","PiercingWail","Footwork+1","Bullet Time+1","Acrobatics+1","Catalyst+1","Noxious Fumes+1","Deadly Poison","Concentrate+1","Adrenaline+1","Choke+1","Outmaneuver+1","Noxious Fumes+1","Leg Sweep+1","Madness","Madness","Malaise+1","Catalyst+1","Blur","Dodge and Roll+1","Escape Plan+1","Blur","Catalyst+1"],"special_seed":0,"relics":["Ring of the Snake","Prayer Wheel","Boot","Snake Skull","Happy Flower","Runic Pyramid","Molten Egg 2","Mercury Hourglass","Ninja Scroll","Astrolabe","Tiny Chest","Girya"],"potions_floor_usage":[38,46,50,50,50,50,50,50],"damage_taken":[{"damage":6.0,"enemies":"Jaw Worm","floor":1.0,"turns":6.0},{"damage":2.0,"enemies":"2 Louse","floor":2.0,"turns":4.0},{"damage":6.0,"enemies":"Cultist","floor":4.0,"turns":5.0},{"damage":0.0,"enemies":"2 Fungi Beasts","floor":5.0,"turns":6.0},{"damage":19.0,"enemies":"Lagavulin","floor":7.0,"turns":7.0},{"damage":7.0,"enemies":"Gremlin Gang","floor":10.0,"turns":3.0},{"damage":0.0,"enemies":"3 Louse","floor":11.0,"turns":3.0},{"damage":5.0,"enemies":"Looter","floor":12.0,"turns":4.0},{"damage":7.0,"enemies":"Lots of Slimes","floor":14.0,"turns":2.0},{"damage":19.0,"enemies":"Slime Boss","floor":16.0,"turns":13.0},{"damage":2.0,"enemies":"Chosen","floor":18.0,"turns":5.0},{"damage":0.0,"enemies":"Shell Parasite","floor":22.0,"turns":5.0},{"damage":5.0,"enemies":"Snecko","floor":24.0,"turns":6.0},{"damage":0.0,"enemies":"Snake Plant","floor":28.0,"turns":4.0},{"damage":0.0,"enemies":"Gremlin Leader","floor":31.0,"turns":4.0},{"damage":2.0,"enemies":"Champ","floor":33.0,"turns":7.0},{"damage":0,"enemies":"3 Shapes","floor":35,"turns":3},{"damage":0,"enemies":"3 Darklings","floor":38,"turns":3},{"damage":0,"enemies":"Sphere and 2 Shapes","floor":41,"turns":2},{"damage":2,"enemies":"Maw","floor":42,"turns":7},{"damage":0,"enemies":"Transient","floor":44,"turns":5},{"damage":7,"enemies":"3 Darklings","floor":46,"turns":5},{"damage":0,"enemies":"Spire Growth","floor":48,"turns":5},{"damage":0,"enemies":"Donu and Deca","floor":50,"turns":9}],"seed_played":"3020153085272979039","potions_obtained":[{"floor":2.0,"key":"Dexterity Potion"},{"floor":4.0,"key":"Strength Potion"},{"floor":5.0,"key":"FearPotion"},{"floor":7.0,"key":"Strength Potion"},{"floor":16.0,"key":"GhostInAJar"},{"floor":18.0,"key":"Strength Potion"},{"floor":28.0,"key":"Swift Potion"},{"floor":33.0,"key":"Block Potion"},{"floor":38,"key":"EntropicBrew"},{"floor":44,"key":"Swift Potion"},{"floor":48,"key":"Block Potion"}],"is_trial":false,"path_per_floor":["M","M","?","M","M","R","E","R","T","M","M","M","?","M","R","B",null,"M","?","$","?","M","R","M","R","T","R","M","?","R","E","R","B",null,"M","$","?","M","?","R","M","M","T","M","R","M","R","M","R","B"],"character_chosen":"THE_SILENT","items_purchased":["Catalyst","Tiny Chest","PowerPotion"],"campfire_rested":1,"item_purchase_floors":[],"current_hp_per_floor":[57,55,55,49,49,49,30,30,30,23,23,18,18,11,32,13,56,54,54,54,54,54,54,49,49,49,49,49,49,49,49,49,47,64,64,64,55,55,55,55,55,53,53,53,53,46,46,46,46,61],"gold":239,"neow_bonus":"","is_prod":false,"is_daily":false,"chose_seed":false,"campfire_upgraded":11,"win_rate":0,"timestamp":1530288498,"path_taken":["M","M","?","M","M","R","E","R","T","M","?","M","?","M","R","BOSS","M","?","?","?","?","R","M","R","T","R","M","?","R","E","R","BOSS","M","$","?","M","?","R","M","?","T","?","R","M","R","M","R","BOSS"],"build_version":"2018-06-28","purchased_purges":2,"victory":true,"max_hp_per_floor":[70,70,70,70,70,70,70,70,70,70,70,70,70,70,70,70,70,70,70,70,70,70,70,70,70,70,70,70,70,70,70,70,70,70,70,70,70,70,70,70,70,70,70,70,70,70,70,70,70,70],"card_choices":[{"not_picked":["Concentrate","Acrobatics"],"picked":"Well Laid Plans","floor":1.0},{"not_picked":["PiercingWail","Poisoned Stab","Choke"],"picked":"SKIP","floor":1.0},{"not_picked":["Quick Slash","Prepared"],"picked":"Backflip","floor":2.0},{"not_picked":["Acrobatics","Poisoned Stab","Outmaneuver"],"picked":"SKIP","floor":2.0},{"not_picked":["Distraction","Backflip","Calculated Gamble"],"picked":"SKIP","floor":4.0},{"not_picked":["Setup","Footwork","Catalyst"],"picked":"SKIP","floor":4.0},{"not_picked":["Setup","Catalyst"],"picked":"Footwork","floor":4.0},{"not_picked":["Distraction","Backflip","Calculated Gamble"],"picked":"SKIP","floor":4.0},{"not_picked":["Acrobatics","Well Laid Plans"],"picked":"Crippling Poison","floor":5.0},{"not_picked":["Slice","Backstab","Sucker Punch"],"picked":"SKIP","floor":5.0},{"not_picked":["Corpse Explosion","Skewer"],"picked":"Crippling Poison","floor":7.0},{"not_picked":["Underhanded Strike","Dagger Spray"],"picked":"Deadly Poison","floor":10.0},{"not_picked":["Bane","Outmaneuver","Masterful Stab"],"picked":"SKIP","floor":10.0},{"not_picked":["Phantasmal Killer","Poisoned Stab"],"picked":"Dodge and Roll","floor":11.0},{"not_picked":["Bane","Sucker Punch","Setup"],"picked":"SKIP","floor":11.0},{"not_picked":["Choke","Slice"],"picked":"PiercingWail","floor":12.0},{"not_picked":["Well Laid Plans","Glass Knife","Finisher"],"picked":"SKIP","floor":12.0},{"not_picked":["Underhanded Strike","Deflect"],"picked":"Footwork","floor":14.0},{"not_picked":["Calculated Gamble","Slice","Well Laid Plans"],"picked":"SKIP","floor":14.0},{"not_picked":["Tactician","Grand Finale"],"picked":"Bullet Time","floor":16.0},{"not_picked":["Footwork+1","Underhanded Strike"],"picked":"Acrobatics","floor":18.0},{"not_picked":["Setup","Prepared+1","Quick Slash"],"picked":"SKIP","floor":18.0},{"not_picked":["Underhanded Strike","Outmaneuver+1"],"picked":"Noxious Fumes+1","floor":22.0},{"not_picked":["PiercingWail","Sucker Punch","Concentrate"],"picked":"SKIP","floor":22.0},{"not_picked":["PiercingWail","Sucker Punch","Concentrate"],"picked":"SKIP","floor":22.0},{"not_picked":["Outmaneuver","Bane+1"],"picked":"Deadly Poison","floor":24.0},{"not_picked":["Slice","Dagger Throw+1","Bane"],"picked":"SKIP","floor":24.0},{"not_picked":["Blade Dance","Bane+1"],"picked":"Concentrate","floor":28.0},{"not_picked":["Deflect+1","Dagger Spray+1","Quick Slash+1"],"picked":"SKIP","floor":28.0},{"not_picked":["Finisher+1","Expertise","PiercingWail"],"picked":"SKIP","floor":31.0},{"not_picked":["Phantasmal Killer","A Thousand Cuts"],"picked":"Adrenaline","floor":33.0},{"not_picked":["Expertise+1","PiercingWail"],"picked":"Noxious Fumes+1","floor":35},{"not_picked":["Backflip","Masterful Stab+1"],"picked":"Leg Sweep+1","floor":35},{"not_picked":["Poisoned Stab+1","Masterful Stab+1"],"picked":"Malaise+1","floor":38},{"not_picked":["Poisoned Stab+1","Dodge and Roll"],"picked":"Catalyst","floor":38},{"not_picked":["Flying Knee+1","Cloak And Dagger+1"],"picked":"Blur","floor":41},{"not_picked":["Distraction+1","Bane+1","Riddle With Holes+1"],"picked":"SKIP","floor":41},{"not_picked":["Masterful Stab+1","Catalyst+1"],"picked":"Dodge and Roll+1","floor":42},{"not_picked":["Caltrops+1","Malaise"],"picked":"Escape Plan+1","floor":42},{"not_picked":["Dodge and Roll","Slice+1"],"picked":"Blur","floor":44},{"not_picked":["Deadly Poison","Prepared","Accuracy"],"picked":"SKIP","floor":44},{"not_picked":["Prepared","Wraith Form v2","Cloak And Dagger"],"picked":"SKIP","floor":46},{"not_picked":["Slice+1","PiercingWail+1","Deflect+1"],"picked":"SKIP","floor":46},{"not_picked":["Expertise+1","Bane+1"],"picked":"Catalyst","floor":48},{"not_picked":["Dagger Throw+1","Slice+1","Bane+1"],"picked":"SKIP","floor":48}],"player_experience":434628,"relics_obtained":[{"floor":7.0,"key":"Boot"},{"floor":9.0,"key":"Snake Skull"},{"floor":26.0,"key":"Molten Egg 2"},{"floor":31.0,"key":"Ninja Scroll"},{"floor":43,"key":"Girya"}],"event_choices":[{"event_name":"The Cleric","player_choice":"Leave","floor":3.0,"damage_taken":0.0},{"event_name":"Wheel of Change","player_choice":"Relic","floor":13.0,"damage_taken":0.0},{"event_name":"Purifier","player_choice":"One Purge","floor":19.0,"damage_taken":0.0},{"event_name":"Golden Shrine","player_choice":"Pray","floor":21.0,"damage_taken":0.0},{"event_name":"The Mausoleum","player_choice":"Yes","floor":29.0,"damage_taken":0.0},{"event_name":"Winding Halls","player_choice":"Embrace Madness","floor":37,"damage_taken":0},{"event_name":"Falling","player_choice":"Removed Attack","floor":39,"damage_taken":0}],"boss_relics":[{"not_picked":["Ectoplasm","Eternal Feather"],"picked":"Runic Pyramid"},{"not_picked":["Runic Dome","Fusion Hammer"],"picked":"Astrolabe"}],"items_purged_floors":[],"is_endless":false,"potions_floor_spawned":[2,4,5,7,16,18,24,28,33,38,44,48],"ascension_level":10}