{"gold_per_floor":[110,110,110,35,48,48,78,78,131,161,179,209,209,239,239,311,311,331,342,342,182,13,13,26,26],"floor_reached":25,"playtime":601,"items_purged":[],"score":504,"play_id":"963d8785-6f8e-4356-9876-a7ed385dfc20","local_time":"20190322202722","is_ascension_mode":true,"campfire_choices":[{"data":"Sunder","floor":6,"key":"SMITH"},{"data":"Zap","floor":8,"key":"SMITH"},{"data":"Loop","floor":13,"key":"SMITH"},{"data":"Dualcast","floor":15,"key":"SMITH"},{"floor":23,"key":"REST"}],"neow_cost":"NONE","seed_source_timestamp":265596534942100,"circlet_count":0,"master_deck":["AscendersBane","Strike_B","Strike_B","Strike_B","Defend_B+1","Defend_B","Defend_B+1","Defend_B","Zap+1","Dualcast+1","Sunder+1","Coolheaded","Melter","Loop+1","Undo","Writhe","Clumsy","Glacier","Capacitor"],"relics":["Cracked Core","NeowsBlessing","Pear","Smiling Mask","Centennial Puzzle","Blue Candle","Oddly Smooth Stone","Calling Bell","Bag of Preparation","Pantograph","Thread and Needle","Blood Vial","Lantern"],"potions_floor_usage":[10,14,16],"damage_taken":[{"damage":0,"enemies":"Jaw Worm","floor":1,"turns":1},{"damage":0,"enemies":"2 Louse","floor":5,"turns":1},{"damage":0,"enemies":"3 Sentries","floor":7,"turns":1},{"damage":11,"enemies":"Gremlin Nob","floor":10,"turns":3},{"damage":0,"enemies":"Small Slimes","floor":11,"turns":2},{"damage":17,"enemies":"Lagavulin","floor":12,"turns":6},{"damage":17,"enemies":"3 Sentries","floor":14,"turns":7},{"damage":18,"enemies":"Hexaghost","floor":16,"turns":9},{"damage":14,"enemies":"Chosen","floor":18,"turns":6},{"damage":13,"enemies":"3 Byrds","floor":19,"turns":5},{"damage":1,"enemies":"Snecko","floor":24,"turns":7},{"damage":68,"enemies":"Book of Stabbing","floor":25,"turns":7}],"seed_played":"8479062633930977209","potions_obtained":[{"floor":5,"key":"Explosive Potion"},{"floor":7,"key":"GamblersBrew"},{"floor":14,"key":"LiquidBronze"},{"floor":19,"key":"Fire Potion"}],"is_trial":false,"path_per_floor":["M","?","?","?","M","R","E","R","T","E","M","E","R","E","R","B",null,"M","M","?","$","$","R","M","E"],"character_chosen":"DEFECT","items_purchased":["Blood Vial","Lantern"],"campfire_rested":1,"item_purchase_floors":[21,22],"current_hp_per_floor":[64,43,66,66,66,66,76,76,76,65,65,48,48,31,31,13,64,50,37,37,37,37,61,62,0],"gold":26,"neow_bonus":"THREE_ENEMY_KILL","is_prod":false,"is_daily":false,"chose_seed":false,"campfire_upgraded":4,"win_rate":0,"timestamp":1553254042,"path_taken":["M","?","?","?","M","R","E","R","T","E","M","E","R","E","R","BOSS","M","M","?","?","$","R","M","E"],"build_version":"2019-01-23","purchased_purges":0,"victory":false,"max_hp_per_floor":[71,71,71,71,71,71,81,81,81,81,81,81,81,81,81,81,81,81,81,81,81,81,81,81,81],"card_choices":[{"not_picked":["Coolheaded","Loop"],"picked":"Sunder","floor":1},{"not_picked":["Sweeping Beam","Gash"],"picked":"Coolheaded","floor":5},{"not_picked":["Tempest","Leap","Hello World"],"picked":"SKIP","floor":7},{"not_picked":["Steam","Leap","Barrage"],"picked":"SKIP","floor":10},{"not_picked":["Compile Driver","Lockon"],"picked":"Melter","floor":11},{"not_picked":["Hyperbeam","Reboot"],"picked":"Loop","floor":12},{"not_picked":["Streamline","Steam"],"picked":"Undo","floor":14},{"not_picked":["Ball Lightning+1","Barrage"],"picked":"Glacier","floor":18},{"not_picked":["Coolheaded","Steam"],"picked":"Capacitor","floor":19},{"not_picked":["Rebound","Beam Cell","Hologram"],"picked":"SKIP","floor":24}],"player_experience":2478537,"relics_obtained":[{"floor":7,"key":"Pear"},{"floor":9,"key":"Smiling Mask"},{"floor":10,"key":"Centennial Puzzle"},{"floor":12,"key":"Blue Candle"},{"floor":14,"key":"Oddly Smooth Stone"},{"floor":17,"key":"Bag of Preparation"},{"floor":17,"key":"Pantograph"},{"floor":17,"key":"Thread and Needle"}],"event_choices":[{"damage_healed":0,"gold_gain":0,"player_choice":"Entered Light","damage_taken":21,"max_hp_gain":0,"max_hp_loss":0,"event_name":"Shining Light","floor":2,"gold_loss":0,"cards_upgraded":["Defend_B","Defend_B"]},{"damage_healed":23,"gold_gain":0,"player_choice":"Banana","damage_taken":0,"max_hp_gain":0,"max_hp_loss":0,"event_name":"Big Fish","floor":3,"gold_loss":0},{"cards_removed":["Strike_B"],"damage_healed":0,"gold_gain":0,"player_choice":"Card Removal","damage_taken":0,"max_hp_gain":0,"max_hp_loss":0,"event_name":"The Cleric","floor":4,"gold_loss":75},{"cards_removed":["Normality"],"damage_healed":0,"gold_gain":0,"player_choice":"Card Removal","damage_taken":0,"max_hp_gain":0,"max_hp_loss":0,"event_name":"Wheel of Change","floor":20,"gold_loss":0}],"is_beta":false,"boss_relics":[{"not_picked":["Tiny House","Black Star"],"picked":"Calling Bell"}],"items_purged_floors":[],"is_endless":false,"potions_floor_spawned":[5,7,14,19],"killed_by":"Book of Stabbing","ascension_level":20}