{"path_per_floor":["M","$","M","M","M","E","R","M","T","M","$","M","M","M","R","B",null,"M","?","?","?","$","R","M","R","T","E","M","?","R","?","R"],"character_chosen":"IRONCLAD","items_purchased":["Trip","Armaments","Corruption","Rampage","Dropkick"],"gold_per_floor":[212,67,83,98,108,140,140,154,202,220,79,95,113,129,129,225,255,269,269,184,84,12,12,29,29,29,58,68,68,68,68,68,68],"floor_reached":33,"campfire_rested":4,"playtime":1863,"current_hp_per_floor":[77,77,80,76,67,40,64,68,68,72,72,46,50,52,76,43,78,57,57,57,57,57,83,80,80,80,75,73,73,73,56,83,0],"items_purged":[],"gold":68,"score":389,"play_id":"babcffe1-4bec-47a2-b66b-1d28c2624fac","local_time":"20180401155208","is_prod":false,"is_daily":false,"is_ascension_mode":true,"campfire_upgraded":2,"timestamp":1522587128,"path_taken":["M","$","M","?","?","E","R","M","T","M","$","M","M","M","R","BOSS","M","?","?","?","?","R","M","R","T","E","M","?","R","?","R","BOSS"],"build_version":"2018-03-29v2","purchased_purges":0,"victory":false,"master_deck":["Defend_R","Defend_R","Defend_R","Defend_R","Bash","Inflame","Trip","Armaments","Sentinel","Iron Wave","Iron Wave","Offering+1","Iron Wave","Corruption","Rampage+1","Infernal Blade+1","Rage","Intimidate","Offering","Pummel","Feel No Pain","Bite","Bite","Bite","Bite","Bite","J.A.X.","Dropkick","Blood for Blood","Seeing Red","Intimidate+1"],"max_hp_per_floor":[80,80,80,80,80,80,80,80,80,80,80,80,80,80,80,83,88,88,88,88,88,88,88,88,88,88,88,88,88,88,93,93,93],"relics":["Burning Blood","Juzu Bracelet","Tiny House","Thread and Needle","Matryoshka","Orichalcum"],"card_choices":[{"not_picked":["Heavy Blade","Havoc"],"picked":"Inflame","floor":1},{"not_picked":["Headbutt","Pummel"],"picked":"Sentinel","floor":3},{"not_picked":["Immolate","Armaments"],"picked":"Iron Wave","floor":4},{"not_picked":["Evolve","Perfected Strike"],"picked":"Iron Wave","floor":5},{"not_picked":["Brutality","Cleave"],"picked":"Offering","floor":6},{"not_picked":["Flex","Flame Barrier"],"picked":"Iron Wave","floor":8},{"not_picked":["Anger","Rage"],"picked":"Infernal Blade","floor":12},{"not_picked":["Shrug It Off","Pummel"],"picked":"Rage","floor":13},{"not_picked":["Havoc","Shrug It Off"],"picked":"Intimidate","floor":14},{"not_picked":["Barricade","Feed"],"picked":"Offering","floor":16},{"not_picked":["Pommel Strike","Twin Strike"],"picked":"Pummel","floor":17},{"not_picked":["Wild Strike","Pommel Strike"],"picked":"Feel No Pain","floor":18},{"not_picked":["Clothesline","Wild Strike"],"picked":"Blood for Blood","floor":24},{"not_picked":["Metallicize","Clash"],"picked":"Seeing Red","floor":27},{"not_picked":["Feel No Pain","Battle Trance"],"picked":"Intimidate","floor":28}],"player_experience":356279,"potions_floor_usage":[6,10,12,14,16,18,27],"damage_taken":[{"damage":1,"enemies":"Cultist","floor":1,"turns":4},{"damage":2,"enemies":"2 Louse","floor":3,"turns":2},{"damage":10,"enemies":"Small Slimes","floor":4,"turns":4},{"damage":15,"enemies":"Exordium Thugs","floor":5,"turns":5},{"damage":33,"enemies":"Lagavulin","floor":6,"turns":6},{"damage":4,"enemies":"Exordium Wildlife","floor":8,"turns":3},{"damage":4,"enemies":"2 Fungi Beasts","floor":10,"turns":2},{"damage":34,"enemies":"Lots of Slimes","floor":12,"turns":5},{"damage":4,"enemies":"3 Louse","floor":13,"turns":5},{"damage":6,"enemies":"Blue Slaver","floor":14,"turns":3},{"damage":44,"enemies":"Slime Boss","floor":16,"turns":8},{"damage":29,"enemies":"Chosen","floor":18,"turns":6},{"damage":20,"enemies":"Shell Parasite","floor":24,"turns":4},{"damage":29,"enemies":"Gremlin Leader","floor":27,"turns":7},{"damage":16,"enemies":"Snecko","floor":28,"turns":4},{"damage":97,"enemies":"Collector","floor":33,"turns":6}],"event_choices":[{"event_name":"Vampires","player_choice":"Became a vampire (Vial)","floor":19,"damage_taken":0},{"event_name":"Addict","player_choice":"Obtained Relic","floor":20,"damage_taken":0},{"event_name":"Drug Dealer","player_choice":"Got JAXXED","floor":21,"damage_taken":0},{"event_name":"Ghosts","player_choice":"Ignored","floor":29,"damage_taken":0},{"event_name":"Forgotten Altar","player_choice":"Shed Blood","floor":31,"damage_taken":0}],"boss_relics":[{"not_picked":["Cursed Key","White Beast Statue"],"picked":"Tiny House"}],"potions_floor_spawned":[3,5,10,12,13,24],"seed_played":"-621094054904844131","killed_by":"Collector","ascension_level":7,"is_trial":false}