{"gold_per_floor":[112,112,34,34,54,54,72,72,72,104,119,133,149,160,160,231,231,248,248,80,91,16,16,45,45,45,45,56,56,56,86,86,86],"floor_reached":33,"playtime":998,"items_purged":["Bash"],"score":620,"play_id":"35c38e7b-ee65-49c1-a559-47deea486f8d","local_time":"20190412125922","is_ascension_mode":true,"campfire_choices":[{"data":"Carnage","floor":6,"key":"SMITH"},{"data":"Armaments","floor":8,"key":"SMITH"},{"floor":15,"key":"REST"},{"floor":23,"key":"REST"},{"floor":25,"key":"REST"},{"floor":32,"key":"REST"}],"neow_cost":"NONE","seed_source_timestamp":4453551886200,"circlet_count":0,"master_deck":["AscendersBane","Strike_R","Strike_R","Strike_R","Strike_R","Defend_R","Defend_R","Defend_R","Defend_R","Bash","Feed","Armaments+1","Carnage+1","True Grit","Spot Weakness","Shockwave","Offering","Parasite","Juggernaut","Feel No Pain","Feel No Pain","Evolve"],"relics":["Burning Blood","CultistMask","Shuriken","Pantograph","Fusion Hammer","PreservedInsect","Pear","Matryoshka","Enchiridion","Blood Vial"],"potions_floor_usage":[11,12,16,16,28,31],"damage_taken":[{"damage":9,"enemies":"Jaw Worm","floor":1,"turns":4},{"damage":17,"enemies":"Cultist","floor":5,"turns":4},{"damage":7,"enemies":"Small Slimes","floor":7,"turns":7},{"damage":58,"enemies":"Lagavulin","floor":10,"turns":10},{"damage":6,"enemies":"2 Fungi Beasts","floor":11,"turns":3},{"damage":9,"enemies":"Red Slaver","floor":12,"turns":7},{"damage":11,"enemies":"3 Louse","floor":13,"turns":4},{"damage":6,"enemies":"Blue Slaver","floor":14,"turns":4},{"damage":31,"enemies":"The Guardian","floor":16,"turns":11},{"damage":28,"enemies":"Shell Parasite","floor":18,"turns":5},{"damage":34,"enemies":"2 Thieves","floor":21,"turns":5},{"damage":50,"enemies":"Book of Stabbing","floor":24,"turns":5},{"damage":14,"enemies":"3 Cultists","floor":28,"turns":6},{"damage":28,"enemies":"Slavers","floor":31,"turns":5},{"damage":68,"enemies":"Champ","floor":33,"turns":13}],"seed_played":"-8368709352237637877","potions_obtained":[{"floor":10,"key":"Ancient Potion"},{"floor":11,"key":"GamblersBrew"},{"floor":12,"key":"SteroidPotion"},{"floor":13,"key":"Ancient Potion"},{"floor":24,"key":"GamblersBrew"},{"floor":28,"key":"Block Potion"}],"is_trial":false,"path_per_floor":["M","?","$","?","M","R","M","R","T","E","M","M","M","M","R","B",null,"M","?","$","M","$","R","E","R","T","$","M","?","?","E","R","B"],"character_chosen":"IRONCLAD","items_purchased":["Carnage","PreservedInsect"],"campfire_rested":4,"item_purchase_floors":[3,20],"current_hp_per_floor":[68,68,68,73,66,66,69,69,69,21,21,18,17,20,50,54,93,75,75,75,51,51,85,51,88,88,88,83,62,62,43,82,41],"gold":86,"neow_bonus":"ONE_RANDOM_RARE_CARD","is_prod":false,"is_daily":false,"chose_seed":false,"campfire_upgraded":2,"win_rate":0,"timestamp":1555041562,"path_taken":["M","?","?","?","M","R","M","R","T","E","M","M","M","?","R","BOSS","M","?","?","M","$","R","E","R","T","$","M","?","?","E","R","BOSS"],"build_version":"2019-01-23","purchased_purges":1,"victory":false,"max_hp_per_floor":[78,78,78,83,87,87,91,91,91,95,95,95,99,102,102,106,106,110,110,110,114,114,114,124,124,124,124,127,127,127,130,130,130],"card_choices":[{"not_picked":["Anger","Wild Strike"],"picked":"Armaments","floor":1},{"not_picked":["Headbutt","Warcry","Flex"],"picked":"SKIP","floor":5},{"not_picked":["Infernal Blade","Pummel"],"picked":"True Grit","floor":7},{"not_picked":["Combust","Searing Blow"],"picked":"Spot Weakness","floor":10},{"not_picked":["Havoc","Perfected Strike","Sentinel"],"picked":"SKIP","floor":11},{"not_picked":["Warcry","Sword Boomerang"],"picked":"Shockwave","floor":12},{"not_picked":["Sword Boomerang","Inflame","Wild Strike"],"picked":"SKIP","floor":13},{"not_picked":["Headbutt","Sword Boomerang","Perfected Strike"],"picked":"SKIP","floor":14},{"not_picked":["Juggernaut","Berserk"],"picked":"Offering","floor":16},{"not_picked":["Cleave","Thunderclap","Ghostly Armor"],"picked":"SKIP","floor":18},{"not_picked":["Armaments","Warcry"],"picked":"Feel No Pain","floor":21},{"not_picked":["Warcry","Evolve"],"picked":"Feel No Pain","floor":24},{"not_picked":["Perfected Strike","Cleave","Headbutt"],"picked":"SKIP","floor":28},{"not_picked":["Flex","Sword Boomerang"],"picked":"Evolve","floor":31}],"player_experience":3072254,"relics_obtained":[{"floor":9,"key":"Shuriken"},{"floor":10,"key":"Pantograph"},{"floor":24,"key":"Pear"},{"floor":26,"key":"Matryoshka"},{"floor":29,"key":"Enchiridion"},{"floor":31,"key":"Blood Vial"}],"event_choices":[{"damage_healed":0,"gold_gain":0,"player_choice":"Trade","damage_taken":0,"relics_obtained":["CultistMask"],"max_hp_gain":0,"max_hp_loss":0,"event_name":"FaceTrader","floor":2,"gold_loss":0},{"damage_healed":0,"gold_gain":0,"player_choice":"Donut","damage_taken":0,"max_hp_gain":5,"max_hp_loss":0,"event_name":"Big Fish","floor":4,"gold_loss":0},{"damage_healed":0,"gold_gain":0,"player_choice":"3 cards matched","damage_taken":0,"max_hp_gain":0,"max_hp_loss":0,"event_name":"Match and Keep!","floor":19,"gold_loss":0,"cards_obtained":["Parasite","Bash","Juggernaut"]},{"damage_healed":0,"gold_gain":0,"player_choice":"3 cards matched","damage_taken":0,"max_hp_gain":0,"max_hp_loss":0,"event_name":"Match and Keep!","floor":19,"gold_loss":0,"cards_obtained":["Parasite","Bash","Juggernaut"]},{"damage_healed":0,"gold_gain":0,"player_choice":"Obtained Book","damage_taken":21,"max_hp_gain":0,"max_hp_loss":0,"event_name":"Cursed Tome","floor":29,"gold_loss":0},{"cards_removed":["Strike_R"],"damage_healed":0,"gold_gain":0,"player_choice":"Purged","damage_taken":0,"max_hp_gain":0,"max_hp_loss":0,"event_name":"Purifier","floor":30,"gold_loss":0}],"is_beta":false,"boss_relics":[{"not_picked":["Black Blood","Coffee Dripper"],"picked":"Fusion Hammer"}],"items_purged_floors":[22],"is_endless":false,"potions_floor_spawned":[10,11,12,13,14,24,28],"killed_by":"Champ","ascension_level":20}