{"gold_per_floor":[119,130,149,224,224,224,224,224,250,250,30,30,63,132,132,209,209,223,53,53,72,272,272,288,288,288,308,308,322,322],"floor_reached":30,"playtime":1368,"items_purged":[],"score":502,"play_id":"97b63491-fb43-4f7a-8962-2d41836d01b7","local_time":"20190315173217","is_ascension_mode":true,"campfire_choices":[{"floor":6,"key":"REST"},{"data":"Loop","floor":8,"key":"SMITH"},{"data":"Loop","floor":10,"key":"SMITH"},{"data":"Static Discharge","floor":12,"key":"SMITH"},{"data":"Zap","floor":15,"key":"SMITH"},{"data":"Loop","floor":23,"key":"SMITH"},{"floor":25,"key":"REST"},{"floor":28,"key":"REST"}],"neow_cost":"NONE","seed_source_timestamp":97844415506891,"circlet_count":0,"master_deck":["AscendersBane","Strike_B","Strike_B","Strike_B","Strike_B","Defend_B","Defend_B","Defend_B","Defend_B","Zap+1","Dualcast","Loop+1","Ball Lightning","Loop+1","Static Discharge+1","Ball Lightning","Glacier","Heatsinks","Biased Cognition","Compile Driver","Loop+1","Loop+1","Steam","Static Discharge","Heatsinks"],"special_seed":0,"relics":["Cracked Core","Happy Flower","Letter Opener","The Courier","White Beast Statue","DollysMirror","MutagenicStrength","Incense Burner"],"potions_floor_usage":[13,13,21,21,24,27,29,30],"damage_taken":[{"damage":0.0,"enemies":"Cultist","floor":1.0,"turns":3.0},{"damage":1.0,"enemies":"2 Louse","floor":2.0,"turns":3.0},{"damage":0,"enemies":"Small Slimes","floor":3,"turns":2},{"damage":0,"enemies":"Gremlin Nob","floor":13,"turns":3},{"damage":21,"enemies":"The Guardian","floor":16,"turns":8},{"damage":3,"enemies":"Chosen","floor":18,"turns":4},{"damage":1,"enemies":"Spheric Guardian","floor":21,"turns":4},{"damage":13,"enemies":"Centurion and Healer","floor":24,"turns":4},{"damage":41,"enemies":"Shelled Parasite and Fungi","floor":27,"turns":5},{"damage":35,"enemies":"Cultist and Chosen","floor":29,"turns":5},{"damage":32,"enemies":"Gremlin Leader","floor":30,"turns":6}],"seed_played":"5319371258329326198","potions_obtained":[{"floor":2.0,"key":"Block Potion"},{"floor":3,"key":"Fire Potion"},{"floor":13,"key":"Block Potion"},{"floor":18,"key":"Swift Potion"},{"floor":21,"key":"Energy Potion"},{"floor":24,"key":"Explosive Potion"},{"floor":27,"key":"AttackPotion"},{"floor":29,"key":"GamblersBrew"}],"is_trial":false,"path_per_floor":["M","M","M","?","?","R","?","R","T","R","$","R","E","T","R","B",null,"M","$","?","M","?","R","M","R","T","M","R","M","E"],"character_chosen":"DEFECT","items_purchased":["Static Discharge","Ball Lightning","Glacier","DollysMirror"],"campfire_rested":3,"item_purchase_floors":[11,11,11,19],"current_hp_per_floor":[71,70,70,59,59,78,78,78,78,78,78,78,78,78,78,57,73,70,70,70,69,69,69,56,78,78,37,60,25,0],"gold":322,"neow_bonus":"TEN_PERCENT_HP_BONUS","is_prod":false,"is_daily":false,"chose_seed":false,"campfire_upgraded":5,"win_rate":0,"timestamp":1552663937,"path_taken":["M","?","M","?","?","R","?","R","T","R","$","R","E","?","R","BOSS","M","$","?","M","?","R","M","R","T","M","R","?","E"],"build_version":"2019-01-23","purchased_purges":0,"victory":false,"max_hp_per_floor":[78,78,78,78,78,78,78,78,78,78,78,78,78,78,78,78,78,78,78,78,78,78,78,78,78,78,78,78,78,78],"card_choices":[{"not_picked":["Compile Driver","Hologram"],"picked":"Loop","floor":1.0},{"not_picked":["Compile Driver","Doom and Gloom"],"picked":"Ball Lightning","floor":2.0},{"not_picked":["Steam","Sweeping Beam"],"picked":"Loop","floor":3},{"not_picked":["Double Energy","Consume"],"picked":"Heatsinks","floor":13},{"not_picked":["Rainbow","All For One"],"picked":"Biased Cognition","floor":16},{"not_picked":["Tempest","Reinforced Body"],"picked":"Compile Driver","floor":18},{"not_picked":["Turbo+1","Go for the Eyes"],"picked":"Loop","floor":21},{"not_picked":["Skim","Consume"],"picked":"Steam","floor":24},{"not_picked":["Doom and Gloom","Compile Driver"],"picked":"Static Discharge","floor":27},{"not_picked":["Hologram+1","Stack"],"picked":"Heatsinks","floor":29}],"player_experience":1102919,"relics_obtained":[{"floor":9,"key":"Happy Flower"},{"floor":13,"key":"Letter Opener"},{"floor":14,"key":"The Courier"},{"floor":26,"key":"Incense Burner"}],"event_choices":[{"damage_healed":0,"gold_gain":75,"player_choice":"Gather Gold","damage_taken":11,"max_hp_gain":0,"max_hp_loss":0,"event_name":"World of Goop","floor":4,"gold_loss":0},{"damage_healed":0,"gold_gain":0,"player_choice":"Ignored","damage_taken":0,"max_hp_gain":0,"max_hp_loss":0,"event_name":"Shining Light","floor":5,"gold_loss":0},{"damage_healed":0,"gold_gain":0,"player_choice":"Ignored","damage_taken":0,"max_hp_gain":0,"max_hp_loss":0,"event_name":"Golden Wing","floor":7,"gold_loss":0},{"damage_healed":0,"gold_gain":0,"player_choice":"Inject Mutagens","damage_taken":0,"relics_obtained":["MutagenicStrength"],"max_hp_gain":0,"max_hp_loss":0,"event_name":"Drug Dealer","floor":20,"gold_loss":0},{"damage_healed":0,"gold_gain":200,"player_choice":"Gold","damage_taken":0,"max_hp_gain":0,"max_hp_loss":0,"event_name":"Wheel of Change","floor":22,"gold_loss":0}],"is_beta":false,"boss_relics":[{"not_picked":["Runic Pyramid","Pandora\u0027s Box"],"picked":"White Beast Statue"}],"items_purged_floors":[],"is_endless":false,"potions_floor_spawned":[2,3,13,18,21,24,27,29],"killed_by":"Gremlin Leader","ascension_level":18}