{"gold_per_floor":[118,135,135,135,60,92,109,109,160,171,171,199,215,228,228,305,305,317,317,346,362,28,28,59,79,102,119,119,119,129,147,147,147],"floor_reached":33,"playtime":1177,"items_purged":["Strike_R"],"score":638,"play_id":"d224c49b-2d96-4e6a-9f96-9c1ab4ee76b6","local_time":"20190408122830","is_ascension_mode":true,"campfire_choices":[{"data":"Feed","floor":8.0,"key":"SMITH"},{"data":"Bash","floor":11.0,"key":"SMITH"},{"data":"Strike_R","floor":15.0,"key":"SMITH"},{"data":"Seeing Red","floor":23,"key":"SMITH"},{"data":"Shrug It Off","floor":28,"key":"SMITH"},{"floor":32,"key":"REST"}],"neow_cost":"NONE","seed_source_timestamp":123172217733300,"circlet_count":0,"master_deck":["AscendersBane","Strike_R+1","Strike_R+1","Defend_R","Defend_R","Bash+1","Whirlwind+1","Shrug It Off+1","Feed+1","Seeing Red+1","Reaper","Pommel Strike+1","Impervious+1","Warcry+1","Shrug It Off+1","Rage+1","Seeing Red"],"special_seed":0,"relics":["Burning Blood","NeowsBlessing","Centennial Puzzle","Whetstone","Odd Mushroom","Astrolabe","Red Mask","Ice Cream","The Courier","Bag of Marbles"],"potions_floor_usage":[20,24,33],"damage_taken":[{"damage":0.0,"enemies":"Jaw Worm","floor":1.0,"turns":1.0},{"damage":0.0,"enemies":"Small Slimes","floor":2.0,"turns":1.0},{"damage":0.0,"enemies":"Lagavulin","floor":6.0,"turns":1.0},{"damage":7.0,"enemies":"2 Louse","floor":7.0,"turns":2.0},{"damage":8.0,"enemies":"Lots of Slimes","floor":10.0,"turns":2.0},{"damage":27.0,"enemies":"The Mushroom Lair","floor":12.0,"turns":4.0},{"damage":3.0,"enemies":"Blue Slaver","floor":13.0,"turns":3.0},{"damage":3.0,"enemies":"Looter","floor":14.0,"turns":2.0},{"damage":66.0,"enemies":"Hexaghost","floor":16.0,"turns":8.0},{"damage":2.0,"enemies":"3 Byrds","floor":18.0,"turns":6.0},{"damage":24,"enemies":"Masked Bandits","floor":20,"turns":3},{"damage":36,"enemies":"Spheric Guardian","floor":21,"turns":8},{"damage":22,"enemies":"Gremlin Leader","floor":24,"turns":6},{"damage":0,"enemies":"3 Cultists","floor":25,"turns":2},{"damage":9,"enemies":"Snake Plant","floor":27,"turns":5},{"damage":19,"enemies":"Sentry and Sphere","floor":30,"turns":6},{"damage":20,"enemies":"Shelled Parasite and Fungi","floor":31,"turns":11},{"damage":75,"enemies":"Automaton","floor":33,"turns":11}],"seed_played":"7431864455715782978","potions_obtained":[{"floor":1.0,"key":"AttackPotion"},{"floor":7.0,"key":"PowerPotion"},{"floor":16.0,"key":"FearPotion"},{"floor":18.0,"key":"GamblersBrew"},{"floor":25,"key":"Strength Potion"}],"is_trial":false,"path_per_floor":["M","M","?","T","$","E","M","R","T","M","R","?","M","M","R","B",null,"M","?","?","M","$","R","E","M","T","M","R","?","M","M","R","B"],"character_chosen":"IRONCLAD","items_purchased":["Ice Cream"],"campfire_rested":1,"item_purchase_floors":[22],"current_hp_per_floor":[74,75,68,68,68,74,76,76,76,78,78,61,68,75,75,15,74,90,90,76,50,50,50,34,40,40,47,47,47,38,28,63,2],"gold":147,"neow_bonus":"THREE_ENEMY_KILL","is_prod":false,"is_daily":false,"chose_seed":false,"campfire_upgraded":5,"win_rate":0,"timestamp":1554694110,"path_taken":["M","M","?","?","$","E","M","R","T","M","R","?","M","M","R","BOSS","M","?","?","M","$","R","E","M","T","M","R","?","M","M","R","BOSS"],"build_version":"2019-01-23","purchased_purges":1,"victory":false,"max_hp_per_floor":[75,75,75,75,75,75,78,78,78,82,82,86,90,94,94,94,94,98,98,102,106,106,106,106,106,106,110,110,110,114,118,118,118],"card_choices":[{"not_picked":["Entrench","Feel No Pain"],"picked":"Whirlwind","floor":1.0},{"not_picked":["Fire Breathing","Body Slam"],"picked":"Shrug It Off","floor":2.0},{"not_picked":["Clash","Burning Pact"],"picked":"Feed","floor":6.0},{"not_picked":["Body Slam","Warcry"],"picked":"Seeing Red","floor":7.0},{"not_picked":["Metallicize","Heavy Blade","Rupture"],"picked":"SKIP","floor":10.0},{"not_picked":["Heavy Blade","Shrug It Off","Clash"],"picked":"SKIP","floor":13.0},{"not_picked":["Warcry","Perfected Strike","Infernal Blade"],"picked":"SKIP","floor":14.0},{"not_picked":["Exhume","Bludgeon"],"picked":"Reaper","floor":16.0},{"not_picked":["Wild Strike+1","Heavy Blade"],"picked":"Shrug It Off","floor":18.0},{"not_picked":["Havoc+1","Perfected Strike","Shrug It Off"],"picked":"SKIP","floor":21},{"not_picked":["Armaments+1","Anger","Heavy Blade+1"],"picked":"SKIP","floor":24},{"not_picked":["Sword Boomerang","Immolate","Searing Blow"],"picked":"SKIP","floor":25},{"not_picked":["Armaments","Havoc","Shrug It Off"],"picked":"SKIP","floor":27},{"not_picked":["Headbutt","Fire Breathing"],"picked":"Rage+1","floor":30},{"not_picked":["Shrug It Off","Dual Wield"],"picked":"Seeing Red","floor":31}],"player_experience":2970672,"relics_obtained":[{"floor":4.0,"key":"Centennial Puzzle"},{"floor":6.0,"key":"Whetstone"},{"floor":12.0,"key":"Odd Mushroom"},{"floor":20,"key":"Red Mask"},{"floor":24,"key":"The Courier"},{"floor":26,"key":"Bag of Marbles"}],"event_choices":[{"cards_removed":["Strike_R"],"damage_healed":0.0,"max_hp_gain":0.0,"max_hp_loss":0.0,"gold_gain":0.0,"event_name":"Golden Wing","player_choice":"Card Removal","floor":3.0,"gold_loss":0.0,"damage_taken":7.0},{"damage_healed":0.0,"max_hp_gain":0.0,"max_hp_loss":0.0,"gold_gain":0.0,"event_name":"Mushrooms","player_choice":"Fought Mushrooms","floor":12.0,"gold_loss":0.0,"damage_taken":0.0},{"damage_healed":0.0,"max_hp_gain":0.0,"max_hp_loss":0.0,"gold_gain":0.0,"event_name":"Vampires","player_choice":"Ignored","floor":19.0,"gold_loss":0.0,"damage_taken":0.0},{"damage_healed":0,"gold_gain":0,"player_choice":"Fought Bandits","damage_taken":0,"max_hp_gain":0,"max_hp_loss":0,"event_name":"Masked Bandits","floor":20,"gold_loss":0},{"damage_healed":0,"gold_gain":0,"player_choice":"Forge","damage_taken":0,"max_hp_gain":0,"max_hp_loss":0,"event_name":"Accursed Blacksmith","floor":29,"gold_loss":0,"cards_upgraded":["Shrug It Off"]}],"is_beta":false,"boss_relics":[{"not_picked":["Empty Cage","Calling Bell"],"picked":"Astrolabe"}],"items_purged_floors":[5],"is_endless":false,"potions_floor_spawned":[1,7,12,16,18,25],"killed_by":"Automaton","ascension_level":20}