{"gold_per_floor":[116,116,126,126,126,155,155,168,237,257,268,288,288,298,298,298],"floor_reached":16,"playtime":501,"items_purged":[],"score":258,"play_id":"4ccb157c-353c-48a9-b891-f1428f1c6e4d","local_time":"20190313132111","is_ascension_mode":true,"campfire_choices":[{"data":"Barricade","floor":7,"key":"SMITH"},{"data":"True Grit","floor":13,"key":"SMITH"},{"data":"Flame Barrier","floor":15,"key":"SMITH"}],"neow_cost":"NONE","seed_source_timestamp":356722156886500,"circlet_count":0,"master_deck":["AscendersBane","Strike_R","Strike_R","Strike_R","Strike_R","Defend_R","Defend_R","Defend_R","Defend_R","Bash","Barricade+1","Inflame","Body Slam","True Grit+1","Seeing Red","Shrug It Off","Flame Barrier+1"],"relics":["Burning Blood","NeowsBlessing","Orichalcum","Blood Vial","Question Card"],"potions_floor_usage":[11,16],"damage_taken":[{"damage":0,"enemies":"Jaw Worm","floor":1,"turns":1},{"damage":0,"enemies":"Cultist","floor":3,"turns":1},{"damage":0,"enemies":"Gremlin Nob","floor":6,"turns":1},{"damage":10,"enemies":"2 Louse","floor":8,"turns":3},{"damage":24,"enemies":"Exordium Thugs","floor":10,"turns":5},{"damage":2,"enemies":"2 Fungi Beasts","floor":11,"turns":3},{"damage":23,"enemies":"Lots of Slimes","floor":12,"turns":5},{"damage":14,"enemies":"Exordium Wildlife","floor":14,"turns":6},{"damage":38,"enemies":"Slime Boss","floor":16,"turns":19}],"seed_played":"263432480181006443","potions_obtained":[{"floor":1,"key":"Dexterity Potion"},{"floor":8,"key":"Explosive Potion"}],"is_trial":false,"path_per_floor":["M","?","M","?","?","E","R","M","T","M","M","M","R","M","R","B"],"character_chosen":"IRONCLAD","items_purchased":[],"campfire_rested":0,"item_purchase_floors":[],"current_hp_per_floor":[74,74,75,64,64,70,70,68,68,52,58,43,43,37,37,1],"gold":298,"neow_bonus":"THREE_ENEMY_KILL","is_prod":false,"is_daily":false,"chose_seed":false,"campfire_upgraded":3,"win_rate":0,"timestamp":1552450871,"path_taken":["M","?","?","?","?","E","R","M","T","M","?","M","R","M","R","BOSS"],"build_version":"2019-01-23","purchased_purges":0,"victory":false,"max_hp_per_floor":[75,75,75,75,75,75,75,75,75,75,75,75,75,75,75,75],"card_choices":[{"not_picked":["Sentinel","Clash","Thunderclap"],"picked":"SKIP","floor":1},{"not_picked":["True Grit","Pommel Strike"],"picked":"Inflame","floor":3},{"not_picked":["Blood for Blood","Clothesline"],"picked":"Body Slam","floor":6},{"not_picked":["Heavy Blade","Warcry","Anger"],"picked":"SKIP","floor":8},{"not_picked":["Blood for Blood","Bloodletting","Flex"],"picked":"True Grit","floor":10},{"not_picked":["Perfected Strike","Sentinel","Clash"],"picked":"Seeing Red","floor":11},{"not_picked":["Pommel Strike","Double Tap","Twin Strike"],"picked":"Shrug It Off","floor":12},{"not_picked":["Burning Pact","Wild Strike","Shrug It Off"],"picked":"Flame Barrier","floor":14}],"player_experience":2223182,"relics_obtained":[{"floor":6,"key":"Blood Vial"},{"floor":9,"key":"Question Card"}],"event_choices":[{"damage_healed":0,"gold_gain":0,"cards_transformed":["Strike_R"],"player_choice":"Transformed","damage_taken":0,"max_hp_gain":0,"max_hp_loss":0,"event_name":"Transmorgrifier","floor":2,"gold_loss":0,"cards_obtained":["Barricade"]},{"damage_healed":0,"gold_gain":0,"player_choice":"Success","damage_taken":11,"relics_obtained":["Orichalcum"],"max_hp_gain":0,"max_hp_loss":0,"event_name":"Scrap Ooze","floor":4,"gold_loss":0},{"damage_healed":0,"gold_gain":0,"player_choice":"Ignored","damage_taken":0,"max_hp_gain":0,"max_hp_loss":0,"event_name":"Liars Game","floor":5,"gold_loss":0}],"is_beta":false,"boss_relics":[],"items_purged_floors":[],"is_endless":false,"potions_floor_spawned":[1,8],"killed_by":"Slime Boss","ascension_level":20}