{"gold_per_floor":[109,384,44,58,73,73,87,87,111,111,111,141,160,160],"floor_reached":14,"playtime":574,"items_purged":["Regret"],"score":160,"play_id":"d92f6f6d-d065-4ae6-873a-4d968f5ec1d0","local_time":"20190406154001","is_ascension_mode":true,"campfire_choices":[{"data":"Apotheosis","floor":6.0,"key":"SMITH"},{"data":"Consume","floor":8.0,"key":"SMITH"},{"floor":11.0,"key":"REST"}],"neow_cost":"NONE","seed_source_timestamp":707407745841200,"circlet_count":0,"master_deck":["AscendersBane","Strike_B","Strike_B","Strike_B","Strike_B","Defend_B","Defend_B","Defend_B","Defend_B","Zap","Dualcast","Consume+1","Self Repair","Apotheosis+1","Darkness","Capacitor"],"special_seed":0,"relics":["Inserter","Ancient Tea Set","Tiny Chest"],"potions_floor_usage":[14],"damage_taken":[{"damage":7.0,"enemies":"Small Slimes","floor":1.0,"turns":4.0},{"damage":3.0,"enemies":"Cultist","floor":4.0,"turns":5.0},{"damage":5.0,"enemies":"2 Louse","floor":5.0,"turns":4.0},{"damage":21.0,"enemies":"Lots of Slimes","floor":7.0,"turns":5.0},{"damage":23.0,"enemies":"Exordium Wildlife","floor":13.0,"turns":6.0},{"damage":55,"enemies":"Gremlin Nob","floor":14,"turns":5}],"seed_played":"4319211939503807985","potions_obtained":[{"floor":1.0,"key":"Energy Potion"},{"floor":7.0,"key":"Poison Potion"},{"floor":13.0,"key":"Energy Potion"}],"is_trial":false,"path_per_floor":["M","?","$","M","M","R","M","R","T","?","R","?","M","E"],"character_chosen":"DEFECT","items_purchased":["Self Repair","Apotheosis"],"campfire_rested":1,"item_purchase_floors":[3,3],"current_hp_per_floor":[57,57,57,64,59,59,48,48,48,48,69,69,56,1],"gold":160,"neow_bonus":"BOSS_RELIC","is_prod":false,"is_daily":false,"chose_seed":false,"campfire_upgraded":2,"win_rate":0,"timestamp":1554532801,"path_taken":["M","?","$","M","M","R","?","R","T","?","R","?","?","E"],"build_version":"2019-01-23","purchased_purges":1,"victory":false,"max_hp_per_floor":[71,71,71,71,71,71,71,71,71,71,71,71,71,71],"card_choices":[{"not_picked":["Steam","Redo"],"picked":"Consume","floor":1.0},{"not_picked":["Rebound","Ball Lightning"],"picked":"Darkness","floor":4.0},{"not_picked":["Leap","Genetic Algorithm","Auto Shields"],"picked":"SKIP","floor":5.0},{"not_picked":["Rebound","Scrape","Go for the Eyes"],"picked":"SKIP","floor":7.0},{"not_picked":["Tempest","Stack"],"picked":"Capacitor","floor":13.0}],"player_experience":2915780,"relics_obtained":[{"floor":9.0,"key":"Ancient Tea Set"}],"event_choices":[{"damage_healed":0.0,"max_hp_gain":0.0,"max_hp_loss":0.0,"gold_gain":275.0,"event_name":"Golden Shrine","player_choice":"Desecrate","floor":2.0,"gold_loss":0.0,"damage_taken":0.0,"cards_obtained":["Regret"]},{"damage_healed":0.0,"max_hp_gain":0.0,"max_hp_loss":0.0,"gold_gain":0.0,"event_name":"Liars Game","player_choice":"Ignored","floor":10.0,"gold_loss":0.0,"damage_taken":0.0},{"damage_healed":0.0,"max_hp_gain":0.0,"max_hp_loss":0.0,"gold_gain":0.0,"event_name":"WeMeetAgain","player_choice":"Gave Potion","floor":12.0,"gold_loss":0.0,"damage_taken":0.0,"relics_obtained":["Tiny Chest"]}],"is_beta":false,"boss_relics":[],"items_purged_floors":[3],"is_endless":false,"potions_floor_spawned":[1,7,13],"killed_by":"Gremlin Nob","ascension_level":20}