{"gold_per_floor":[114,114,130,156,174,174,249,249,249,262,292,292,309,325,325,425,425,437,352,352,277,49,75,89,89,113,142,157,157,5,40,40,137,137,153,166,166,0,20,20,40,74,99,99,129,142,162,38,38,38],"floor_reached":51,"playtime":4414,"items_purged":["Strike_B"],"score":1146,"play_id":"59966b11-9277-4710-b274-37ba75bc95d6","local_time":"20180721141535","is_ascension_mode":true,"campfire_choices":[{"data":"Chill","floor":6,"key":"SMITH"},{"data":"Glacier","floor":8,"key":"SMITH"},{"data":"Blizzard","floor":12,"key":"SMITH"},{"data":"Barrage","floor":15,"key":"SMITH"},{"data":"Coolheaded","floor":25,"key":"SMITH"},{"floor":29,"key":"REST"},{"data":"Echo Form","floor":32,"key":"SMITH"},{"data":"Core Surge","floor":40,"key":"SMITH"},{"floor":44,"key":"REST"},{"data":"Conserve Battery","floor":49,"key":"SMITH"}],"neow_cost":"","seed_source_timestamp":502869770615761,"circlet_count":0,"master_deck":["Strike_B","Strike_B","Defend_B","Defend_B+1","Defend_B","Glacier+1","Chill+1","Barrage+1","Blizzard+1","Glacier","Fission+1","Coolheaded+1","Echo Form+1","Capacitor","Core Surge+1","Hologram+1","Conserve Battery+1"],"relics":["Cracked Core","Blood Vial","Lantern","Orichalcum","Empty Cage","War Paint","Enchiridion","Pantograph","Ancient Tea Set","Gambling Chip","Omamori","Bag of Preparation","Velvet Choker","Calipers","Red Mask","Meat on the Bone","Oddly Smooth Stone","Bottled Flame"],"potions_floor_usage":[11,16,23,27,31,42,42,50,50],"damage_taken":[{"damage":0,"enemies":"Jaw Worm","floor":1,"turns":3},{"damage":1,"enemies":"Cultist","floor":3,"turns":4},{"damage":0,"enemies":"2 Louse","floor":5,"turns":3},{"damage":0,"enemies":"Exordium Wildlife","floor":10,"turns":6},{"damage":8,"enemies":"Lagavulin","floor":11,"turns":10},{"damage":0,"enemies":"Lots of Slimes","floor":13,"turns":3},{"damage":0,"enemies":"Large Slime","floor":14,"turns":5},{"damage":6,"enemies":"The Guardian","floor":16,"turns":13},{"damage":16,"enemies":"3 Byrds","floor":18,"turns":6},{"damage":10,"enemies":"Book of Stabbing","floor":23,"turns":6},{"damage":2,"enemies":"Chosen","floor":24,"turns":6},{"damage":40,"enemies":"Slavers","floor":27,"turns":5},{"damage":0,"enemies":"3 Cultists","floor":28,"turns":3},{"damage":0,"enemies":"Book of Stabbing","floor":31,"turns":5},{"damage":7,"enemies":"Collector","floor":33,"turns":8},{"damage":0,"enemies":"3 Shapes","floor":35,"turns":4},{"damage":4,"enemies":"3 Darklings","floor":36,"turns":4},{"damage":0,"floor":37,"turns":5},{"damage":4,"enemies":"Flame Bruiser 2 Orb","floor":39,"turns":5},{"damage":0,"enemies":"Maw","floor":41,"turns":6},{"damage":52,"enemies":"2 Orb Walkers","floor":42,"turns":5},{"damage":24,"enemies":"Giant Head","floor":45,"turns":10},{"damage":0,"enemies":"3 Darklings","floor":46,"turns":3},{"damage":0,"enemies":"Flame Bruiser 2 Orb","floor":47,"turns":4},{"damage":0,"enemies":"Awakened One","floor":50,"turns":9}],"seed_played":"-5493143447682372244","potions_obtained":[{"floor":1,"key":"EssenceOfSteel"},{"floor":11,"key":"Dexterity Potion"},{"floor":13,"key":"Regen Potion"},{"floor":14,"key":"SteroidPotion"},{"floor":23,"key":"Poison Potion"},{"floor":24,"key":"SkillPotion"},{"floor":35,"key":"Explosive Potion"},{"floor":37,"key":"GamblersBrew"},{"floor":42,"key":"LiquidBronze"},{"floor":46,"key":"Block Potion"}],"is_trial":false,"path_per_floor":["M","?","M","T","M","R","?","R","T","M","E","R","M","M","R","B",null,"M","?","?","?","$","E","M","R","T","E","M","R","$","E","R","B",null,"M","M","?","?","M","R","M","E","T","R","E","M","M","$","R","B"],"character_chosen":"DEFECT","items_purchased":["Echo Form","Omamori","EssenceOfSteel","Conserve Battery"],"campfire_rested":2,"item_purchase_floors":[22,30,48,48],"current_hp_per_floor":[68,68,67,67,69,69,58,58,58,60,54,54,56,58,58,54,70,56,56,40,40,40,47,47,47,47,9,11,33,33,35,35,55,70,72,70,75,75,71,71,73,23,23,45,42,44,46,46,46,73],"gold":38,"neow_bonus":"","is_prod":false,"is_daily":false,"chose_seed":false,"campfire_upgraded":8,"win_rate":0,"timestamp":1532153735,"path_taken":["M","?","M","?","M","R","?","R","T","M","E","R","M","M","R","BOSS","M","?","?","?","$","E","?","R","T","E","M","R","$","E","R","BOSS","M","M","?","?","?","R","M","E","T","R","E","M","M","$","R","BOSS"],"build_version":"2018-07-19","purchased_purges":1,"victory":true,"max_hp_per_floor":[75,75,75,75,75,75,75,75,75,75,75,75,75,75,75,75,75,75,75,75,75,75,75,75,75,75,75,75,75,75,75,75,75,75,75,75,75,75,75,75,75,75,75,75,75,75,75,75,75,75],"card_choices":[{"not_picked":["Melter","Stack"],"picked":"Glacier","floor":1},{"not_picked":["Steam Power","Streamline","Reprogram"],"picked":"SKIP","floor":3},{"not_picked":["Loop","Hologram"],"picked":"Chill","floor":5},{"not_picked":["Storm","Force Field"],"picked":"Barrage","floor":10},{"not_picked":["Amplify","Steam"],"picked":"Blizzard","floor":11},{"not_picked":["Doom and Gloom","Ball Lightning","Genetic Algorithm"],"picked":"SKIP","floor":13},{"not_picked":["Streamline","Cold Snap"],"picked":"Glacier","floor":14},{"not_picked":["Rainbow","Biased Cognition"],"picked":"Fission","floor":16},{"not_picked":["Streamline","Beam Cell"],"picked":"Coolheaded","floor":18},{"not_picked":["Loop","Self Repair","Steam Power"],"picked":"SKIP","floor":23},{"not_picked":["Leap","Stack+1","Gash"],"picked":"SKIP","floor":24},{"not_picked":["Darkness","Turbo","Loop"],"picked":"SKIP","floor":27},{"not_picked":["Turbo","Reprogram"],"picked":"Capacitor","floor":28},{"not_picked":["Go for the Eyes+1","Rebound","Stack+1"],"picked":"SKIP","floor":31},{"not_picked":["Thunder Strike","Rainbow"],"picked":"Core Surge","floor":33},{"not_picked":["Auto Shields+1","Go for the Eyes+1"],"picked":"Hologram+1","floor":35},{"not_picked":["Hello World+1","Capacitor","Rebound+1"],"picked":"SKIP","floor":36},{"not_picked":["White Noise","Gash+1","Stack"],"picked":"SKIP","floor":39},{"not_picked":["Rebound+1","Machine Learning","Rip and Tear"],"picked":"SKIP","floor":41},{"not_picked":["Melter+1","Sweeping Beam","Self Repair+1"],"picked":"SKIP","floor":42},{"not_picked":["Rebound","Barrage","Stack"],"picked":"SKIP","floor":45},{"not_picked":["Go for the Eyes","Fusion","Static Discharge"],"picked":"SKIP","floor":46},{"not_picked":["Turbo+1","Steam Power+1","Tempest"],"picked":"SKIP","floor":47}],"player_experience":446176,"relics_obtained":[{"floor":4,"key":"Blood Vial"},{"floor":9,"key":"Lantern"},{"floor":11,"key":"Orichalcum"},{"floor":20,"key":"Enchiridion"},{"floor":23,"key":"Pantograph"},{"floor":26,"key":"Ancient Tea Set"},{"floor":27,"key":"Gambling Chip"},{"floor":31,"key":"Bag of Preparation"},{"floor":37,"key":"Calipers"},{"floor":42,"key":"Meat on the Bone"},{"floor":43,"key":"Oddly Smooth Stone"},{"floor":45,"key":"Bottled Flame"}],"event_choices":[{"event_name":"Bonfire Elementals","player_choice":"BASIC","floor":2,"damage_taken":0},{"event_name":"World of Goop","player_choice":"Gather Gold","floor":7,"damage_taken":0},{"event_name":"Addict","player_choice":"Obtained Relic","floor":19,"damage_taken":0},{"event_name":"Cursed Tome","player_choice":"Obtained Book","floor":20,"damage_taken":0},{"event_name":"Beggar","player_choice":"Gave Gold","floor":21,"damage_taken":0},{"event_name":"MindBloom","player_choice":"Fight","floor":37,"damage_taken":0},{"event_name":"Tomb of Lord Red Mask","player_choice":"Paid","floor":38,"damage_taken":0}],"is_beta":true,"boss_relics":[{"not_picked":["Ectoplasm","Busted Crown"],"picked":"Empty Cage"},{"not_picked":["Tiny House","Pandora\u0027s Box"],"picked":"Velvet Choker"}],"items_purged_floors":[22],"is_endless":false,"potions_floor_spawned":[1,11,13,14,23,24,35,37,42,46],"ascension_level":9}