{"gold_per_floor":[111,186,196,37,37,64,64,84,84,84,99,116,144,144,156,242,254,283,345,367,399,411,423,446,458,470,482,494,506,141,175,175,253,253,271,43,55,0,19,19,29,29,52,52,67,86,116,26,26,26,26,26,26,26,52,52],"floor_reached":56,"playtime":1794,"items_purged":["Writhe","Strike_B"],"score":1860,"play_id":"87c2f77a-367b-4b18-a552-d7d02bd5785d","local_time":"20190421154218","is_ascension_mode":true,"campfire_choices":[{"data":"Static Discharge","floor":7,"key":"SMITH"},{"data":"White Noise","floor":10,"key":"SMITH"},{"data":"Recycle","floor":15,"key":"SMITH"},{"floor":23,"key":"REST"},{"floor":25,"key":"REST"},{"floor":27,"key":"REST"},{"floor":32,"key":"REST"},{"floor":40,"key":"REST"},{"floor":42,"key":"RECALL"},{"floor":44,"key":"REST"},{"floor":49,"key":"REST"},{"floor":53,"key":"REST"}],"neow_cost":"NONE","seed_source_timestamp":472965703407700,"circlet_count":0,"master_deck":["AscendersBane","Strike_B","Strike_B","Strike_B","Defend_B","Defend_B","Defend_B","Defend_B","Zap","Dualcast","White Noise+1","Cold Snap","Seek","Static Discharge+1","Echo Form","Coolheaded","Darkness","Recycle+1","Electrodynamics+1","Capacitor+1","Consume+1","Capacitor+1","Defragment+1","Cold Snap","Reboot","Coolheaded","Skim+1","Parasite","Cold Snap","Multi-Cast","Heatsinks+1","Defragment+1","Cold Snap"],"relics":["Cracked Core","NeowsBlessing","Darkstone Periapt","Gremlin Horn","Frozen Egg 2","MawBank","Philosopher\u0027s Stone","Bag of Preparation","Mummified Hand","Enchiridion","Lantern","OrangePellets","Matryoshka","Fusion Hammer","Red Mask","Pen Nib","Strawberry"],"potions_floor_usage":[13,16,31,39,50],"damage_taken":[{"damage":0,"enemies":"Jaw Worm","floor":1,"turns":1},{"damage":0,"enemies":"2 Louse","floor":3,"turns":1},{"damage":0,"enemies":"Lagavulin","floor":6,"turns":1},{"damage":1,"enemies":"Cultist","floor":8,"turns":3},{"damage":4,"enemies":"Looter","floor":11,"turns":4},{"damage":5,"enemies":"Blue Slaver","floor":12,"turns":5},{"damage":15,"enemies":"3 Sentries","floor":13,"turns":5},{"damage":13,"enemies":"Hexaghost","floor":16,"turns":9},{"damage":16,"enemies":"Spheric Guardian","floor":18,"turns":4},{"damage":10,"enemies":"Chosen","floor":20,"turns":6},{"damage":19,"enemies":"Centurion and Healer","floor":21,"turns":6},{"damage":16,"enemies":"Snecko","floor":24,"turns":5},{"damage":35,"enemies":"Slavers","floor":31,"turns":3},{"damage":25,"enemies":"Collector","floor":33,"turns":5},{"damage":20,"enemies":"3 Shapes","floor":35,"turns":4},{"damage":0,"enemies":"Orb Walker","floor":37,"turns":5},{"damage":7,"enemies":"Writhing Mass","floor":39,"turns":6},{"damage":0,"enemies":"4 Shapes","floor":41,"turns":3},{"damage":4,"enemies":"3 Darklings","floor":45,"turns":2},{"damage":0,"enemies":"Maw","floor":46,"turns":5},{"damage":20,"enemies":"Giant Head","floor":47,"turns":6},{"damage":65,"enemies":"Time Eater","floor":50,"turns":8},{"damage":11,"enemies":"Donu and Deca","floor":51,"turns":6},{"damage":79,"enemies":"Shield and Spear","floor":55,"turns":4},{"damage":14,"enemies":"The Heart","floor":56,"turns":2}],"seed_played":"-6979696619504097890","potions_obtained":[{"floor":1,"key":"Weak Potion"},{"floor":8,"key":"Energy Potion"},{"floor":11,"key":"FocusPotion"},{"floor":13,"key":"GamblersBrew"},{"floor":18,"key":"SteroidPotion"},{"floor":31,"key":"Energy Potion"},{"floor":39,"key":"Poison Potion"},{"floor":46,"key":"Regen Potion"},{"floor":55,"key":"SteroidPotion"}],"is_trial":false,"path_per_floor":["M","?","M","$","?","E","R","M","T","R","M","M","E","T","R","B",null,"M","?","M","M","T","R","M","R","T","R","?","?","$","E","R","B",null,"M","$","M","?","M","R","M","R","T","R","M","M","E","$","R","B","B",null,"R","$","E","B"],"character_chosen":"DEFECT","items_purchased":["Seek","Static Discharge","OrangePellets","Defragment+1","Coolheaded","GamblersBrew","Defragment+1"],"campfire_rested":8,"item_purchase_floors":[4,4,30,30,36,36,48],"current_hp_per_floor":[64,53,53,53,53,53,53,52,52,52,48,43,28,28,28,15,57,41,41,31,12,12,33,17,38,38,59,38,44,44,9,32,7,60,40,40,40,40,39,63,63,63,63,83,79,79,59,59,83,33,22,68,83,83,11,0],"gold":52,"neow_bonus":"THREE_ENEMY_KILL","is_prod":false,"is_daily":false,"chose_seed":false,"campfire_upgraded":3,"win_rate":0,"timestamp":1555828938,"path_taken":["M","?","M","$","?","E","R","M","T","R","M","M","E","?","R","BOSS","M","?","M","M","?","R","?","R","T","R","?","?","$","E","R","BOSS","M","$","M","?","M","R","M","R","T","R","M","M","E","?","R","BOSS","BOSS","R","$","E","BOSS"],"build_version":"2019-01-23","purchased_purges":2,"victory":false,"max_hp_per_floor":[71,71,71,71,71,71,71,71,71,71,71,71,71,71,71,71,71,71,71,71,71,71,71,71,71,71,71,71,77,77,77,77,77,77,77,77,77,77,83,83,83,83,83,83,83,83,83,83,83,83,83,83,83,83,90,90],"card_choices":[{"not_picked":["Go for the Eyes","Compile Driver"],"picked":"White Noise","floor":1},{"not_picked":["Reinforced Body","Barrage"],"picked":"Cold Snap","floor":3},{"not_picked":["Hologram","Hello World"],"picked":"Echo Form","floor":6},{"not_picked":["Fusion","Hologram"],"picked":"Coolheaded","floor":8},{"not_picked":["Go for the Eyes","Rip and Tear"],"picked":"Darkness","floor":11},{"not_picked":["Rebound","Doom and Gloom","Redo"],"picked":"SKIP","floor":12},{"not_picked":["Ball Lightning","Leap"],"picked":"Recycle","floor":13},{"not_picked":["Biased Cognition+1","Multi-Cast"],"picked":"Electrodynamics+1","floor":16},{"not_picked":["Storm+1","Go for the Eyes"],"picked":"Capacitor+1","floor":18},{"not_picked":["Loop+1","Stack"],"picked":"Consume+1","floor":20},{"not_picked":["Sweeping Beam","Chaos"],"picked":"Capacitor+1","floor":21},{"not_picked":["Hologram","Barrage","Sweeping Beam+1"],"picked":"SKIP","floor":24},{"not_picked":["BootSequence","Compile Driver"],"picked":"Cold Snap","floor":31},{"not_picked":["Hyperbeam","Multi-Cast"],"picked":"Reboot","floor":33},{"not_picked":["Turbo","Go for the Eyes","Hello World+1"],"picked":"SKIP","floor":35},{"not_picked":["Rebound","Compile Driver"],"picked":"Skim+1","floor":37},{"not_picked":["Beam Cell+1","Conserve Battery","Barrage"],"picked":"SKIP","floor":39},{"not_picked":["Ball Lightning","Sweeping Beam"],"picked":"Cold Snap","floor":41},{"not_picked":["Aggregate","Hello World+1","FTL+1"],"picked":"SKIP","floor":45},{"not_picked":["Multi-Cast","Streamline+1","Ball Lightning"],"picked":"SKIP","floor":46},{"not_picked":["Streamline+1","Ball Lightning"],"picked":"Multi-Cast","floor":46},{"not_picked":["Meteor Strike","Redo"],"picked":"Heatsinks+1","floor":47},{"not_picked":["Force Field","Reprogram"],"picked":"Cold Snap","floor":55}],"player_experience":3276486,"relics_obtained":[{"floor":6,"key":"Darkstone Periapt"},{"floor":9,"key":"Gremlin Horn"},{"floor":13,"key":"Frozen Egg 2"},{"floor":14,"key":"MawBank"},{"floor":22,"key":"Bag of Preparation"},{"floor":26,"key":"Mummified Hand"},{"floor":28,"key":"Enchiridion"},{"floor":31,"key":"Matryoshka"},{"floor":43,"key":"Pen Nib"},{"floor":55,"key":"Strawberry"}],"event_choices":[{"damage_healed":0,"gold_gain":75,"player_choice":"Gather Gold","damage_taken":11,"max_hp_gain":0,"max_hp_loss":0,"event_name":"World of Goop","floor":2,"gold_loss":0},{"damage_healed":0,"gold_gain":0,"player_choice":"Ignored","damage_taken":0,"max_hp_gain":0,"max_hp_loss":0,"event_name":"Liars Game","floor":5,"gold_loss":0},{"damage_healed":0,"gold_gain":50,"player_choice":"Stole From Cult","damage_taken":0,"max_hp_gain":0,"max_hp_loss":0,"event_name":"Nest","floor":19,"gold_loss":0},{"damage_healed":0,"gold_gain":0,"player_choice":"Obtained Book","damage_taken":21,"max_hp_gain":0,"max_hp_loss":0,"event_name":"Cursed Tome","floor":28,"gold_loss":0},{"damage_healed":0,"gold_gain":0,"player_choice":"Opened","damage_taken":0,"relics_obtained":["Lantern"],"max_hp_gain":0,"max_hp_loss":0,"event_name":"The Mausoleum","floor":29,"gold_loss":0,"cards_obtained":["Writhe"]},{"damage_healed":0,"gold_gain":0,"player_choice":"Paid","damage_taken":0,"relics_obtained":["Red Mask"],"max_hp_gain":0,"max_hp_loss":0,"event_name":"Tomb of Lord Red Mask","floor":38,"gold_loss":55}],"is_beta":false,"boss_relics":[{"not_picked":["Coffee Dripper","Orrery"],"picked":"Philosopher\u0027s Stone"},{"not_picked":["Eternal Feather","Cursed Key"],"picked":"Fusion Hammer"}],"items_purged_floors":[30,36],"is_endless":false,"potions_floor_spawned":[1,8,11,12,13,18,21,31,39,46,55],"killed_by":"The Heart","ascension_level":20}