{"gold_per_floor":[113,123,139,150,150,150,163,196,196,196,229,241,241,261,261,338,338,357,357,36,50,64,93,93,104,104,104,104,104,124,140,140,216,216,227,245,245,204,73,73,85,32,32,32,48,65,79,79,79,79],"floor_reached":50,"playtime":4414,"items_purged":[],"score":934,"play_id":"0bb27bf9-ee8d-4671-80f2-f03f5c278f5d","local_time":"20190310112823","is_ascension_mode":true,"campfire_choices":[{"data":"White Noise","floor":6.0,"key":"SMITH"},{"floor":13.0,"key":"REST"},{"floor":15.0,"key":"REST"},{"floor":24.0,"key":"REST"},{"floor":27.0,"key":"REST"},{"floor":32.0,"key":"REST"},{"floor":40.0,"key":"REST"},{"floor":44.0,"key":"REST"},{"floor":49,"key":"REST"}],"neow_cost":"NONE","seed_source_timestamp":407485019162801,"circlet_count":0,"master_deck":["AscendersBane","Strike_B","Strike_B","Strike_B","Strike_B","Defend_B","Defend_B","Defend_B","Defend_B","Zap","Dualcast","Steam","Self Repair","Rebound","White Noise+1","Glacier","White Noise","Loop","Ball Lightning","Machine Learning","Cold Snap","Electrodynamics","Streamline","Heatsinks","Chill","Capacitor","Loop","Cold Snap","Defragment","Storm","Streamline","Conserve Battery","Streamline","Rebound","Cold Snap","Biased Cognition","Self Repair","Heatsinks","Loop","Defragment","Hello World","Buffer","Heatsinks","Capacitor"],"special_seed":0,"relics":["Cracked Core","Pear","Incense Burner","Unceasing Top","Orrery","Regal Pillow","Peace Pipe","Lantern","Strawberry","Black Star","Bottled Tornado"],"potions_floor_usage":[46,50],"damage_taken":[{"damage":2.0,"enemies":"Cultist","floor":1.0,"turns":4.0},{"damage":4.0,"enemies":"Jaw Worm","floor":2.0,"turns":4.0},{"damage":0.0,"enemies":"Small Slimes","floor":3.0,"turns":3.0},{"damage":11.0,"enemies":"Exordium Wildlife","floor":4.0,"turns":3.0},{"damage":0.0,"enemies":"Red Slaver","floor":7.0,"turns":4.0},{"damage":9.0,"enemies":"3 Sentries","floor":8.0,"turns":4.0},{"damage":35.0,"enemies":"Lagavulin","floor":11.0,"turns":7.0},{"damage":10.0,"enemies":"2 Fungi Beasts","floor":12.0,"turns":3.0},{"damage":12.0,"enemies":"3 Louse","floor":14.0,"turns":3.0},{"damage":42.0,"enemies":"Slime Boss","floor":16.0,"turns":13.0},{"damage":24.0,"enemies":"Chosen","floor":18.0,"turns":6.0},{"damage":12.0,"enemies":"2 Thieves","floor":21.0,"turns":3.0},{"damage":2.0,"enemies":"Chosen and Byrds","floor":22.0,"turns":6.0},{"damage":42.0,"enemies":"Slavers","floor":23.0,"turns":5.0},{"damage":51.0,"enemies":"Shelled Parasite and Fungi","floor":25.0,"turns":6.0},{"damage":25.0,"enemies":"Snake Plant","floor":30.0,"turns":6.0},{"damage":9.0,"enemies":"Cultist and Chosen","floor":31.0,"turns":7.0},{"damage":67.0,"enemies":"Champ","floor":33.0,"turns":12.0},{"damage":0.0,"enemies":"3 Shapes","floor":35.0,"turns":4.0},{"damage":18.0,"enemies":"Orb Walker","floor":36.0,"turns":5.0},{"damage":41.0,"enemies":"Sphere and 2 Shapes","floor":41.0,"turns":4.0},{"damage":52,"enemies":"Writhing Mass","floor":45,"turns":4},{"damage":0,"enemies":"Maw","floor":46,"turns":8},{"damage":32,"enemies":"Spire Growth","floor":47,"turns":8},{"damage":93,"enemies":"Awakened One","floor":50,"turns":5}],"seed_played":"-7323586433077243031","potions_obtained":[{"floor":3.0,"key":"AttackPotion"},{"floor":11.0,"key":"Poison Potion"},{"floor":12.0,"key":"AttackPotion"},{"floor":14.0,"key":"PowerPotion"},{"floor":22.0,"key":"SkillPotion"},{"floor":23.0,"key":"Explosive Potion"},{"floor":30.0,"key":"Weak Potion"},{"floor":31.0,"key":"Block Potion"},{"floor":36.0,"key":"Fruit Juice"},{"floor":41.0,"key":"Fire Potion"}],"is_trial":false,"path_per_floor":["M","M","M","M","?","R","M","E","T","?","E","M","R","M","R","B",null,"M","?","$","M","M","E","R","M","T","R","?","?","M","M","R","B",null,"M","M","?","$","$","R","M","$","T","R","M","M","M","?","R","B"],"character_chosen":"DEFECT","items_purchased":["Defragment","Regal Pillow","FocusPotion","Loop","PowerPotion","Defragment","Energy Potion"],"campfire_rested":8,"item_purchase_floors":[20,20,20,38,39,39,42],"current_hp_per_floor":[62,65,71,67,72,72,76,84,84,84,56,46,71,59,84,49,77,60,60,60,48,53,18,58,14,14,54,61,61,43,41,83,23,76,76,70,70,70,70,98,57,57,57,98,60,74,56,56,93,0],"gold":79,"neow_bonus":"THREE_CARDS","is_prod":false,"is_daily":false,"chose_seed":false,"campfire_upgraded":1,"win_rate":0,"timestamp":1552210103,"path_taken":["M","M","?","M","?","R","M","E","T","?","E","M","R","M","R","BOSS","M","?","$","M","?","E","R","M","T","R","?","?","M","M","R","BOSS","M","M","?","?","$","R","M","$","T","R","M","?","M","?","R","BOSS"],"build_version":"2019-01-23","purchased_purges":0,"victory":false,"max_hp_per_floor":[71,71,71,71,76,76,76,86,86,86,86,86,86,86,86,86,86,86,86,86,86,86,86,86,86,86,86,93,93,93,93,93,93,93,93,98,98,98,98,98,98,98,98,98,98,98,98,93,93,93],"card_choices":[{"not_picked":["Hologram","Aggregate"],"picked":"Steam","floor":0.0},{"not_picked":["Coolheaded","Blizzard"],"picked":"Self Repair","floor":1.0},{"not_picked":["Gash","Aggregate"],"picked":"Rebound","floor":2.0},{"not_picked":["Hologram","Sweeping Beam"],"picked":"White Noise","floor":3.0},{"not_picked":["Darkness","Conserve Battery"],"picked":"Glacier","floor":4.0},{"not_picked":["Leap","Rip and Tear"],"picked":"White Noise","floor":7.0},{"not_picked":["FTL","Hologram"],"picked":"Loop","floor":8.0},{"not_picked":["Hologram","Conserve Battery"],"picked":"Ball Lightning","floor":11.0},{"not_picked":["Hologram","Gash"],"picked":"Machine Learning","floor":12.0},{"not_picked":["Compile Driver","Rebound"],"picked":"Cold Snap","floor":14.0},{"not_picked":["Thunder Strike","Fission"],"picked":"Electrodynamics","floor":16.0},{"not_picked":["Genetic Algorithm","Steam"],"picked":"Streamline","floor":17.0},{"not_picked":["Tempest","Beam Cell"],"picked":"Heatsinks","floor":17.0},{"not_picked":["Leap","Cold Snap"],"picked":"Chill","floor":17.0},{"not_picked":["Conserve Battery","Redo"],"picked":"Capacitor","floor":17.0},{"not_picked":["Redo","Conserve Battery"],"picked":"Loop","floor":17.0},{"not_picked":["Hologram","Consume+1"],"picked":"Cold Snap","floor":18.0},{"not_picked":["Sweeping Beam","Cold Snap"],"picked":"Storm","floor":21.0},{"not_picked":["Turbo+1","Thunder Strike"],"picked":"Streamline","floor":22.0},{"not_picked":["Compile Driver+1","Beam Cell"],"picked":"Conserve Battery","floor":23.0},{"not_picked":["Steam","Turbo+1"],"picked":"Streamline","floor":25.0},{"not_picked":["Reprogram","Turbo"],"picked":"Rebound","floor":30.0},{"not_picked":["Streamline+1","Stack"],"picked":"Cold Snap","floor":31.0},{"not_picked":["Machine Learning","Multi-Cast"],"picked":"Biased Cognition","floor":33.0},{"not_picked":["Skim","Sweeping Beam"],"picked":"Self Repair","floor":35.0},{"not_picked":["Turbo+1","Ball Lightning"],"picked":"Heatsinks","floor":36.0},{"not_picked":["Barrage","Consume+1"],"picked":"Hello World","floor":41.0},{"not_picked":["Loop","Scrape"],"picked":"Buffer","floor":45},{"not_picked":["Leap","Stack"],"picked":"Heatsinks","floor":46},{"not_picked":["Sweeping Beam","Chill"],"picked":"Capacitor","floor":47}],"player_experience":1070113,"relics_obtained":[{"floor":8.0,"key":"Pear"},{"floor":9.0,"key":"Incense Burner"},{"floor":11.0,"key":"Unceasing Top"},{"floor":23.0,"key":"Peace Pipe"},{"floor":26.0,"key":"Lantern"},{"floor":43.0,"key":"Bottled Tornado"}],"event_choices":[{"damage_healed":0.0,"max_hp_gain":5.0,"max_hp_loss":0.0,"gold_gain":0.0,"event_name":"Big Fish","player_choice":"Donut","floor":5.0,"gold_loss":0.0,"damage_taken":0.0},{"damage_healed":0.0,"max_hp_gain":0.0,"max_hp_loss":0.0,"gold_gain":0.0,"event_name":"The Cleric","player_choice":"Leave","floor":10.0,"gold_loss":0.0,"damage_taken":0.0},{"damage_healed":0.0,"max_hp_gain":0.0,"max_hp_loss":0.0,"gold_gain":0.0,"event_name":"Purifier","player_choice":"Ignored","floor":19.0,"gold_loss":0.0,"damage_taken":0.0},{"damage_healed":0.0,"max_hp_gain":0.0,"max_hp_loss":0.0,"gold_gain":0.0,"event_name":"The Mausoleum","player_choice":"Opened","floor":28.0,"gold_loss":0.0,"damage_taken":0.0,"relics_obtained":["Strawberry"],"cards_obtained":["Writhe"]},{"cards_removed":["Writhe"],"damage_healed":0.0,"max_hp_gain":0.0,"max_hp_loss":0.0,"gold_gain":0.0,"event_name":"Back to Basics","player_choice":"Elegance","floor":29.0,"gold_loss":0.0,"damage_taken":0.0},{"damage_healed":0.0,"max_hp_gain":0.0,"max_hp_loss":0.0,"gold_gain":0.0,"event_name":"Tomb of Lord Red Mask","player_choice":"Ignored","floor":37.0,"gold_loss":0.0,"damage_taken":0.0},{"damage_healed":0,"gold_gain":0,"player_choice":"Max HP","damage_taken":0,"max_hp_gain":0,"max_hp_loss":5,"event_name":"Winding Halls","floor":48,"gold_loss":0}],"is_beta":false,"boss_relics":[{"not_picked":["Philosopher\u0027s Stone","Fusion Hammer"],"picked":"Orrery"},{"not_picked":["Runic Dome","Sozu"],"picked":"Black Star"}],"items_purged_floors":[],"is_endless":false,"potions_floor_spawned":[3,11,12,14,16,22,23,30,31,36,41],"killed_by":"Awakened One","ascension_level":17}