{"gold_per_floor":[116,133,133,144,162,162,179,179,179,43,71,71,101,118,118,190,190,208,222,222],"floor_reached":20,"playtime":689,"items_purged":[],"score":372,"play_id":"622edcf5-616a-4afe-8e43-b8f7b14abcc7","local_time":"20190210194709","is_ascension_mode":true,"campfire_choices":[{"data":"Apotheosis","floor":6,"key":"SMITH"},{"floor":8,"key":"REST"},{"data":"Defragment","floor":12,"key":"SMITH"},{"floor":15,"key":"REST"}],"neow_cost":"TEN_PERCENT_HP_LOSS","seed_source_timestamp":437514601492000,"circlet_count":0,"master_deck":["AscendersBane","Strike_B","Strike_B","Strike_B","Strike_B","Defend_B","Defend_B","Defend_B","Defend_B","Zap","Dualcast","Apotheosis+1","Finesse","Coolheaded","Rip and Tear","Electrodynamics","Echo Form","Defragment+1","Biased Cognition","Go for the Eyes+1","Buffer","Loop","Cold Snap+1"],"relics":["Cracked Core","Molten Egg 2","Symbiotic Virus","Kunai","Inserter"],"potions_floor_usage":[20],"damage_taken":[{"damage":0,"enemies":"Cultist","floor":1,"turns":4},{"damage":1,"enemies":"2 Louse","floor":2,"turns":3},{"damage":4,"enemies":"Jaw Worm","floor":4,"turns":2},{"damage":17,"enemies":"Lots of Slimes","floor":5,"turns":3},{"damage":12,"enemies":"Red Slaver","floor":7,"turns":4},{"damage":13,"enemies":"Gremlin Nob","floor":11,"turns":3},{"damage":10,"enemies":"3 Sentries","floor":13,"turns":2},{"damage":6,"enemies":"Looter","floor":14,"turns":2},{"damage":13,"enemies":"The Guardian","floor":16,"turns":9},{"damage":22,"enemies":"Shell Parasite","floor":18,"turns":5},{"damage":16,"enemies":"3 Byrds","floor":19,"turns":3},{"damage":18,"enemies":"Cultist and Chosen","floor":20,"turns":3}],"seed_played":"6607451593119255194","potions_obtained":[{"floor":4,"key":"Strength Potion"}],"is_trial":false,"path_per_floor":["M","M","?","M","M","R","M","R","T","$","E","R","E","M","R","B",null,"M","M","M"],"character_chosen":"DEFECT","items_purchased":["Defragment","Energy Potion"],"campfire_rested":2,"item_purchase_floors":[10,10],"current_hp_per_floor":[64,63,63,59,42,42,30,49,49,49,36,36,26,20,39,26,55,33,17,0],"gold":222,"neow_bonus":"RANDOM_COLORLESS_2","is_prod":false,"is_daily":false,"chose_seed":false,"campfire_upgraded":2,"win_rate":0,"timestamp":1549795629,"path_taken":["M","M","?","M","M","R","M","R","T","$","E","R","E","M","R","BOSS","M","?","M"],"build_version":"2019-01-23","purchased_purges":0,"victory":false,"max_hp_per_floor":[64,64,64,64,64,64,64,64,64,64,64,64,64,64,64,64,64,64,64,64],"card_choices":[{"not_picked":["Undo","Cold Snap"],"picked":"Coolheaded","floor":1},{"not_picked":["Leap","Ball Lightning"],"picked":"Rip and Tear","floor":2},{"not_picked":["Go for the Eyes","Barrage","Melter"],"picked":"SKIP","floor":4},{"not_picked":["Sweeping Beam","Skim"],"picked":"Echo Form","floor":5},{"not_picked":["Rip and Tear","Go for the Eyes","Sweeping Beam"],"picked":"SKIP","floor":7},{"not_picked":["Beam Cell+1","Hologram"],"picked":"Biased Cognition","floor":11},{"not_picked":["Sunder+1","Ball Lightning+1"],"picked":"Go for the Eyes+1","floor":13},{"not_picked":["Aggregate","Stack","Sweeping Beam+1"],"picked":"SKIP","floor":14},{"not_picked":["Electrodynamics","Meteor Strike+1"],"picked":"Buffer","floor":16},{"not_picked":["Compile Driver+1","Tempest"],"picked":"Loop","floor":18},{"not_picked":["Steam","Go for the Eyes+1"],"picked":"Cold Snap+1","floor":19}],"player_experience":1497225,"relics_obtained":[{"floor":9,"key":"Molten Egg 2"},{"floor":11,"key":"Symbiotic Virus"},{"floor":13,"key":"Kunai"}],"event_choices":[{"damage_healed":0,"gold_gain":0,"player_choice":"1 cards matched","damage_taken":0,"max_hp_gain":0,"max_hp_loss":0,"event_name":"Match and Keep!","floor":3,"gold_loss":0,"cards_obtained":["Electrodynamics"]}],"is_beta":false,"boss_relics":[{"not_picked":["Tiny House","Philosopher\u0027s Stone"],"picked":"Inserter"}],"items_purged_floors":[],"is_endless":false,"potions_floor_spawned":[4,11,14,16],"killed_by":"Cultist and Chosen","ascension_level":20}