{"gold_per_floor":[112,112,112,83,102,102,136,136,163,181,197,272,306,306,306,306],"floor_reached":16,"playtime":237,"items_purged":[],"score":266,"play_id":"98e07210-31cb-4cef-aa4f-944d5ac8cad8","local_time":"20190414142438","is_ascension_mode":true,"campfire_choices":[{"data":"Armaments","floor":6,"key":"SMITH"},{"data":"Inflame","floor":8,"key":"SMITH"},{"data":"Bash","floor":15,"key":"SMITH"}],"neow_cost":"NONE","seed_source_timestamp":183130108838100,"circlet_count":0,"master_deck":["AscendersBane","Strike_R","Strike_R","Strike_R","Strike_R","Defend_R","Defend_R","Defend_R","Defend_R","Bash+1","Armaments+1","Inflame+1","Spot Weakness","Evolve","Feel No Pain","Dropkick","Pommel Strike"],"relics":["Burning Blood","NeowsBlessing","Golden Idol","Bag of Marbles","Anchor","Vajra"],"potions_floor_usage":[16,16],"damage_taken":[{"damage":0,"enemies":"2 Louse","floor":1,"turns":1},{"damage":0,"enemies":"Small Slimes","floor":5,"turns":1},{"damage":0,"enemies":"Gremlin Nob","floor":7,"turns":1},{"damage":2,"enemies":"Jaw Worm","floor":10,"turns":3},{"damage":9,"enemies":"2 Fungi Beasts","floor":11,"turns":4},{"damage":42,"enemies":"Lagavulin","floor":13,"turns":8},{"damage":14,"enemies":"Hexaghost","floor":16,"turns":5}],"seed_played":"-5479823996936712810","potions_obtained":[{"floor":1,"key":"SteroidPotion"},{"floor":7,"key":"SteroidPotion"},{"floor":11,"key":"Ancient Potion"}],"is_trial":false,"path_per_floor":["M","?","?","$","M","R","E","R","T","M","M","?","E","?","R","B"],"character_chosen":"IRONCLAD","items_purchased":["Armaments"],"campfire_rested":0,"item_purchase_floors":[4],"current_hp_per_floor":[74,74,48,48,54,54,60,60,60,64,61,50,14,14,14,0],"gold":306,"neow_bonus":"THREE_ENEMY_KILL","is_prod":false,"is_daily":false,"chose_seed":false,"campfire_upgraded":3,"win_rate":0,"timestamp":1555219478,"path_taken":["M","?","?","$","M","R","E","R","T","M","M","?","E","?","R","BOSS"],"build_version":"2019-01-23","purchased_purges":0,"victory":false,"max_hp_per_floor":[75,75,75,75,75,75,75,75,75,75,75,75,75,75,75,75],"card_choices":[{"not_picked":["Sever Soul","Thunderclap","Infernal Blade"],"picked":"SKIP","floor":1},{"not_picked":["Armaments","Pommel Strike"],"picked":"Inflame","floor":5},{"not_picked":["Thunderclap","Seeing Red"],"picked":"Spot Weakness","floor":7},{"not_picked":["Headbutt","Hemokinesis"],"picked":"Evolve","floor":10},{"not_picked":["Thunderclap","Dark Embrace"],"picked":"Feel No Pain","floor":11},{"not_picked":["Pommel Strike","Headbutt"],"picked":"Dropkick","floor":13}],"player_experience":3125805,"relics_obtained":[{"floor":7,"key":"Bag of Marbles"},{"floor":9,"key":"Anchor"},{"floor":13,"key":"Vajra"}],"event_choices":[{"damage_healed":0,"gold_gain":0,"player_choice":"Leave","damage_taken":0,"max_hp_gain":0,"max_hp_loss":0,"event_name":"The Cleric","floor":2,"gold_loss":0},{"damage_healed":0,"gold_gain":0,"player_choice":"Take Damage","damage_taken":26,"relics_obtained":["Golden Idol"],"max_hp_gain":0,"max_hp_loss":0,"event_name":"Golden Idol","floor":3,"gold_loss":0},{"damage_healed":0,"gold_gain":75,"player_choice":"Gather Gold","damage_taken":11,"max_hp_gain":0,"max_hp_loss":0,"event_name":"World of Goop","floor":12,"gold_loss":0},{"damage_healed":0,"gold_gain":0,"cards_transformed":["Strike_R"],"player_choice":"Change","damage_taken":0,"max_hp_gain":0,"max_hp_loss":0,"event_name":"Living Wall","floor":14,"gold_loss":0,"cards_obtained":["Pommel Strike"]}],"is_beta":false,"boss_relics":[],"items_purged_floors":[],"is_endless":false,"potions_floor_spawned":[1,7,10,11],"killed_by":"Hexaghost","ascension_level":20}