{"gold_per_floor":[19,169,184,109,109,109,143,143,143,160,170,189,17,36,36,110,110,122,122,122,140,153,153,185,185,185,185,28,39,54,65,65,139,139,155,172,172,187,187,187,187,187,187,216,241,20,20,36,36,36,36,36,36,36,61,61],"floor_reached":57,"playtime":2843,"items_purged":["Strike_R","Strike_R"],"score":2833,"play_id":"1625e853-cd6b-4e70-b41c-96fda17cb767","local_time":"20190414204200","is_ascension_mode":true,"campfire_choices":[{"data":"Perfected Strike","floor":6.0,"key":"SMITH"},{"data":"Bash","floor":8.0,"key":"SMITH"},{"floor":15.0,"key":"REST"},{"data":"Fiend Fire","floor":23.0,"key":"SMITH"},{"data":"Body Slam","floor":25.0,"key":"SMITH"},{"data":"Armaments","floor":32.0,"key":"SMITH"},{"data":"Shrug It Off","floor":40.0,"key":"SMITH"},{"data":"Pommel Strike","floor":42.0,"key":"SMITH"},{"data":"Second Wind","floor":47.0,"key":"SMITH"},{"floor":49.0,"key":"RECALL"},{"data":"Rage","floor":53.0,"key":"SMITH"}],"neow_cost":"NO_GOLD","seed_source_timestamp":202587120947900,"circlet_count":0,"master_deck":["AscendersBane","Strike_R","Strike_R+1","Defend_R","Defend_R","Defend_R","Defend_R","Bash+1","Evolve","Perfected Strike+1","Second Wind+1","Power Through","Pommel Strike+1","Fiend Fire+1","Flash of Steel+1","Body Slam+1","Immolate","Ghostly","Ghostly","Ghostly","Burning Pact","Shrug It Off+1","Rage+1","Armaments+1","Shrug It Off+1"],"special_seed":0,"relics":["Burning Blood","StoneCalendar","Pen Nib","Sundial","Runic Pyramid","Mango","Thread and Needle","Empty Cage","FossilizedHelix","Whetstone","Oddly Smooth Stone","Blood Vial"],"potions_floor_usage":[],"damage_taken":[{"damage":8.0,"enemies":"2 Louse","floor":1.0,"turns":4.0},{"damage":26.0,"enemies":"Jaw Worm","floor":3.0,"turns":7.0},{"damage":28.0,"enemies":"Gremlin Nob","floor":7.0,"turns":4.0},{"damage":2.0,"enemies":"Cultist","floor":10.0,"turns":4.0},{"damage":0.0,"enemies":"Blue Slaver","floor":11.0,"turns":3.0},{"damage":13.0,"enemies":"3 Louse","floor":12.0,"turns":3.0},{"damage":7.0,"enemies":"Exordium Wildlife","floor":14.0,"turns":4.0},{"damage":28.0,"enemies":"Slime Boss","floor":16.0,"turns":7.0},{"damage":36.0,"enemies":"3 Byrds","floor":18.0,"turns":7.0},{"damage":3.0,"enemies":"2 Thieves","floor":21.0,"turns":5.0},{"damage":9.0,"enemies":"Cultist and Chosen","floor":22.0,"turns":5.0},{"damage":24.0,"enemies":"Slavers","floor":24.0,"turns":7.0},{"damage":0.0,"enemies":"Centurion and Healer","floor":29.0,"turns":5.0},{"damage":0.0,"enemies":"Snecko","floor":30.0,"turns":3.0},{"damage":12.0,"enemies":"Shelled Parasite and Fungi","floor":31.0,"turns":5.0},{"damage":25.0,"enemies":"Collector","floor":33.0,"turns":8.0},{"damage":0.0,"enemies":"3 Darklings","floor":35.0,"turns":5.0},{"damage":6.0,"enemies":"Orb Walker","floor":36.0,"turns":4.0},{"damage":18.0,"enemies":"Transient","floor":38.0,"turns":6.0},{"damage":0.0,"enemies":"Writhing Mass","floor":41.0,"turns":4.0},{"damage":11.0,"enemies":"Nemesis","floor":44.0,"turns":5.0},{"damage":9.0,"enemies":"4 Shapes","floor":48.0,"turns":5.0},{"damage":0.0,"enemies":"Time Eater","floor":50.0,"turns":11.0},{"damage":0.0,"enemies":"Donu and Deca","floor":51.0,"turns":7.0},{"damage":16.0,"enemies":"Shield and Spear","floor":55.0,"turns":8.0},{"damage":25,"enemies":"The Heart","floor":56,"turns":10}],"seed_played":"-7767405344067266602","potions_obtained":[{"floor":1.0,"key":"Energy Potion"},{"floor":10.0,"key":"Ancient Potion"},{"floor":11.0,"key":"Fire Potion"},{"floor":22.0,"key":"Regen Potion"},{"floor":24.0,"key":"SteroidPotion"},{"floor":30.0,"key":"GamblersBrew"},{"floor":36.0,"key":"FearPotion"},{"floor":38.0,"key":"SmokeBomb"}],"is_trial":false,"path_per_floor":["M","?","M","?","?","R","E","R","T","M","M","M","$","M","R","B",null,"M","?","?","M","M","R","E","R","T","?","$","M","M","M","R","B",null,"M","M","?","M","?","R","M","R","T","E","T","$","R","M","R","B","B",null,"R","$","E","B",null],"character_chosen":"IRONCLAD","items_purchased":["Flash of Steel","PowerPotion","Oddly Smooth Stone","PowerPotion"],"campfire_rested":1,"item_purchase_floors":[13,28,46,46],"current_hp_per_floor":[66,66,46,46,46,46,24,24,24,28,34,27,27,26,48,26,63,33,33,33,36,33,33,43,43,43,43,43,49,51,45,45,26,45,51,51,48,36,36,36,42,42,42,37,37,37,37,34,34,40,46,48,48,48,38,21],"gold":61,"neow_bonus":"ONE_RARE_RELIC","is_prod":false,"is_daily":false,"chose_seed":false,"campfire_upgraded":9,"win_rate":0,"timestamp":1555242120,"path_taken":["M","?","M","?","?","R","E","R","T","M","M","?","$","M","R","BOSS","M","?","?","M","M","R","E","R","T","?","$","M","?","M","R","BOSS","M","M","?","M","?","R","M","R","T","E","?","$","R","M","R","BOSS","BOSS","R","$","E","BOSS"],"build_version":"2019-01-23","purchased_purges":2,"victory":true,"max_hp_per_floor":[75,75,75,75,75,75,75,75,75,75,75,75,75,75,75,75,75,75,75,37,37,37,37,51,51,51,51,51,51,51,51,51,51,51,51,51,48,48,48,48,48,48,48,48,48,48,48,48,48,48,48,48,48,48,48,48],"card_choices":[{"not_picked":["Battle Trance","Flex"],"picked":"Evolve","floor":1.0},{"not_picked":["Flex","Intimidate"],"picked":"Perfected Strike","floor":3.0},{"not_picked":["Sword Boomerang","Anger"],"picked":"Power Through","floor":7.0},{"not_picked":["Pommel Strike","Twin Strike","Cleave"],"picked":"SKIP","floor":10.0},{"not_picked":["Twin Strike","Cleave"],"picked":"Pommel Strike","floor":10.0},{"not_picked":["Wild Strike","Sword Boomerang"],"picked":"Fiend Fire","floor":11.0},{"not_picked":["Havoc","Warcry","Armaments"],"picked":"SKIP","floor":12.0},{"not_picked":["Searing Blow","Headbutt"],"picked":"Body Slam","floor":14.0},{"not_picked":["Exhume","Berserk"],"picked":"Immolate","floor":16.0},{"not_picked":["Pommel Strike","Iron Wave","Heavy Blade"],"picked":"SKIP","floor":18.0},{"not_picked":["Flex","Clothesline"],"picked":"Burning Pact","floor":21.0},{"not_picked":["Clothesline","Heavy Blade"],"picked":"Shrug It Off","floor":22.0},{"not_picked":["Berserk","Heavy Blade","Iron Wave"],"picked":"SKIP","floor":24.0},{"not_picked":["Dual Wield","Shrug It Off","Flex"],"picked":"SKIP","floor":29.0},{"not_picked":["Uppercut","Wild Strike","Dropkick"],"picked":"SKIP","floor":30.0},{"not_picked":["Uppercut","Wild Strike","Dropkick"],"picked":"SKIP","floor":30.0},{"not_picked":["Shrug It Off","Pummel+1"],"picked":"Armaments","floor":31.0},{"not_picked":["Body Slam","Flex","Fire Breathing"],"picked":"SKIP","floor":35.0},{"not_picked":["Clothesline+1","Cleave+1"],"picked":"Shrug It Off+1","floor":36.0},{"not_picked":["Ghostly Armor","Iron Wave","Brutality"],"picked":"SKIP","floor":38.0},{"not_picked":["Burning Pact","Bludgeon","Uppercut"],"picked":"SKIP","floor":44.0},{"not_picked":["Intimidate","Anger","Burning Pact"],"picked":"SKIP","floor":48.0},{"not_picked":["Shockwave+1","Iron Wave","Headbutt"],"picked":"SKIP","floor":55.0}],"player_experience":3134066,"relics_obtained":[{"floor":7.0,"key":"Pen Nib"},{"floor":9.0,"key":"Sundial"},{"floor":24.0,"key":"Mango"},{"floor":26.0,"key":"Thread and Needle"},{"floor":44.0,"key":"FossilizedHelix"},{"floor":45.0,"key":"Whetstone"},{"floor":55.0,"key":"Blood Vial"}],"event_choices":[{"damage_healed":0.0,"max_hp_gain":0.0,"max_hp_loss":0.0,"gold_gain":150.0,"event_name":"Liars Game","player_choice":"AGREE","floor":2.0,"gold_loss":0.0,"damage_taken":0.0,"cards_obtained":["Doubt"]},{"cards_removed":["Doubt"],"damage_healed":0.0,"max_hp_gain":0.0,"max_hp_loss":0.0,"gold_gain":0.0,"event_name":"The Cleric","player_choice":"Card Removal","floor":4.0,"gold_loss":75.0,"damage_taken":0.0},{"damage_healed":0.0,"max_hp_gain":0.0,"max_hp_loss":0.0,"gold_gain":0.0,"event_name":"Match and Keep!","player_choice":"2 cards matched","floor":5.0,"gold_loss":0.0,"damage_taken":0.0,"cards_obtained":["Second Wind","Writhe"]},{"damage_healed":0.0,"max_hp_gain":0.0,"max_hp_loss":0.0,"gold_gain":0.0,"event_name":"Vampires","player_choice":"Ignored","floor":19.0,"gold_loss":0.0,"damage_taken":0.0},{"damage_healed":0.0,"max_hp_gain":0.0,"max_hp_loss":38.0,"gold_gain":0.0,"event_name":"Ghosts","player_choice":"Became a Ghost","floor":20.0,"gold_loss":0.0,"damage_taken":0.0,"cards_obtained":["Ghostly","Ghostly","Ghostly"]},{"damage_healed":0.0,"max_hp_gain":0.0,"max_hp_loss":0.0,"gold_gain":0.0,"event_name":"The Library","player_choice":"Read","floor":27.0,"gold_loss":0.0,"damage_taken":0.0,"cards_obtained":["Rage"]},{"damage_healed":0.0,"max_hp_gain":0.0,"max_hp_loss":3.0,"gold_gain":0.0,"event_name":"Winding Halls","player_choice":"Max HP","floor":37.0,"gold_loss":0.0,"damage_taken":0.0},{"damage_healed":0.0,"max_hp_gain":0.0,"max_hp_loss":0.0,"gold_gain":0.0,"event_name":"Mysterious Sphere","player_choice":"Ignored","floor":39.0,"gold_loss":0.0,"damage_taken":0.0}],"is_beta":false,"boss_relics":[{"not_picked":["Busted Crown","Orrery"],"picked":"Runic Pyramid"},{"not_picked":["Philosopher\u0027s Stone","Pandora\u0027s Box"],"picked":"Empty Cage"}],"items_purged_floors":[13,28],"is_endless":false,"potions_floor_spawned":[1,10,11,12,14,21,22,24,30,31,36,38,41],"ascension_level":20}