{"gold_per_floor":[118,131,150,21,33,66,79,79,79,79,3,31,31,50,50,126,126,138,150,150,162,212,212,240,240,240,240,155,155,155,184,184,258,258,271,1270,1286,491,491,518,393,393,393,403,403,403,309,359,359,359,359,359,359,36,69,69],"floor_reached":57,"playtime":2371,"items_purged":["Pain","Normality","Normality"],"score":3023,"play_id":"f4281d43-9e16-4f43-b3a4-9855d258f5cb","local_time":"20190330134742","is_ascension_mode":true,"campfire_choices":[{"data":"Streamline","floor":8.0,"key":"SMITH"},{"floor":10.0,"key":"REST"},{"data":"Defragment","floor":13.0,"key":"SMITH"},{"data":"Zap","floor":15.0,"key":"SMITH"},{"floor":23.0,"key":"REST"},{"data":"Creative AI","floor":25.0,"key":"SMITH"},{"floor":27.0,"key":"REST"},{"data":"Chill","floor":30.0,"key":"SMITH"},{"floor":32.0,"key":"REST"},{"floor":42.0,"key":"RECALL"},{"floor":46.0,"key":"REST"},{"floor":49.0,"key":"REST"},{"data":"Dualcast","floor":53.0,"key":"SMITH"}],"neow_cost":"CURSE","seed_source_timestamp":94068996660300,"circlet_count":0,"master_deck":["AscendersBane","Strike_B+1","Strike_B+1","Strike_B+1","Strike_B+1","Defend_B+1","Defend_B+1","Defend_B+1","Defend_B+1","Zap+1","Dualcast+1","Core Surge","Chill+1","Cold Snap","Ball Lightning+1","Defragment+1","Hologram+1","Fission+1","Creative AI+1","Cold Snap+1","Beam Cell+1","Conserve Battery+1","Blizzard+1","Consume+1","Seek+1","Undo+1","Compile Driver+1","Self Repair","BootSequence+1","Madness+1","Madness+1","Panacea+1","Barrage+1"],"special_seed":0,"relics":["Cracked Core","Molten Egg 2","Toxic Egg 2","Calipers","Inserter","Bottled Flame","Blood Vial","Anchor","Philosopher\u0027s Stone","Juzu Bracelet","Bronze Scales","Runic Capacitor","Dead Branch","Incense Burner","Cables","Bag of Preparation"],"potions_floor_usage":[56,56],"damage_taken":[{"damage":4.0,"enemies":"Cultist","floor":1.0,"turns":3.0},{"damage":6.0,"enemies":"Jaw Worm","floor":2.0,"turns":3.0},{"damage":6.0,"enemies":"2 Louse","floor":3.0,"turns":2.0},{"damage":7.0,"enemies":"Looter","floor":5.0,"turns":4.0},{"damage":6.0,"enemies":"Gremlin Nob","floor":6.0,"turns":3.0},{"damage":1.0,"enemies":"2 Fungi Beasts","floor":7.0,"turns":3.0},{"damage":6.0,"enemies":"3 Sentries","floor":12.0,"turns":8.0},{"damage":14.0,"enemies":"Exordium Thugs","floor":14.0,"turns":3.0},{"damage":7.0,"enemies":"Slime Boss","floor":16.0,"turns":7.0},{"damage":15.0,"enemies":"2 Thieves","floor":18.0,"turns":4.0},{"damage":7.0,"enemies":"Chosen","floor":19.0,"turns":3.0},{"damage":1.0,"enemies":"Centurion and Healer","floor":21.0,"turns":5.0},{"damage":29.0,"enemies":"Slavers","floor":24.0,"turns":5.0},{"damage":45.0,"enemies":"Book of Stabbing","floor":31.0,"turns":6.0},{"damage":0.0,"enemies":"Champ","floor":33.0,"turns":13.0},{"damage":8.0,"enemies":"3 Darklings","floor":35.0,"turns":5.0},{"damage":0.0,"enemies":"3 Shapes","floor":37.0,"turns":6.0},{"damage":11.0,"enemies":"Nemesis","floor":40.0,"turns":17.0},{"damage":26.0,"enemies":"Jaw Worm Horde","floor":44.0,"turns":4.0},{"damage":0.0,"enemies":"Awakened One","floor":50.0,"turns":17.0},{"damage":0.0,"enemies":"Time Eater","floor":51.0,"turns":12.0},{"damage":37.0,"enemies":"Shield and Spear","floor":55.0,"turns":3.0},{"damage":7,"enemies":"The Heart","floor":56,"turns":11}],"seed_played":"64082299931793863","potions_obtained":[{"floor":2.0,"key":"EssenceOfSteel"},{"floor":5.0,"key":"AttackPotion"},{"floor":14.0,"key":"SteroidPotion"},{"floor":16.0,"key":"Fire Potion"},{"floor":21.0,"key":"Weak Potion"},{"floor":24.0,"key":"AttackPotion"},{"floor":37.0,"key":"Block Potion"},{"floor":44.0,"key":"EssenceOfSteel"}],"is_trial":false,"path_per_floor":["M","M","M","$","M","E","M","R","T","R","$","E","R","M","R","B",null,"M","M","?","M","?","R","E","R","T","R","?","?","R","E","R","B",null,"M","?","M","$","?","E","$","R","T","M","?","R","$","?","R","B","B",null,"R","$","E","B",null],"character_chosen":"DEFECT","items_purchased":["AttackPotion","Defragment","Juzu Bracelet","Bronze Scales","Runic Capacitor","Self Repair","GamblersBrew","Panacea+1","Cables","Swift Potion"],"campfire_rested":6,"item_purchase_floors":[4,11,38,38,38,38,38,47,54,54],"current_hp_per_floor":[60,54,48,48,41,35,34,34,34,55,55,49,49,35,35,28,60,45,38,38,37,37,58,29,29,29,50,50,50,50,7,28,30,61,55,55,57,57,57,55,55,55,55,38,25,46,46,46,67,71,71,71,71,71,34,29],"gold":69,"neow_bonus":"THREE_RARE_CARDS","is_prod":false,"is_daily":false,"chose_seed":false,"campfire_upgraded":6,"win_rate":0,"timestamp":1553921262,"path_taken":["M","?","?","$","M","E","M","R","T","R","?","E","R","M","R","BOSS","M","M","?","M","?","R","E","R","T","R","?","?","R","E","R","BOSS","M","?","M","$","?","E","?","R","T","M","?","R","$","?","R","BOSS","BOSS","R","$","E","BOSS"],"build_version":"2019-01-23","purchased_purges":3,"victory":true,"max_hp_per_floor":[71,71,71,71,71,71,71,71,71,71,71,71,71,71,71,71,71,71,71,71,71,71,71,71,71,71,71,71,71,71,71,71,71,71,71,71,71,71,71,71,71,71,71,71,71,71,71,71,71,71,71,71,71,71,71,71],"card_choices":[{"not_picked":["Seek","Amplify"],"picked":"Core Surge","floor":0.0},{"not_picked":["Leap","Streamline"],"picked":"Chill","floor":1.0},{"not_picked":["Compile Driver","Force Field","Conserve Battery"],"picked":"SKIP","floor":2.0},{"not_picked":["Sweeping Beam","Barrage"],"picked":"Cold Snap","floor":3.0},{"not_picked":["Steam","Tempest"],"picked":"Streamline","floor":5.0},{"not_picked":["Hologram","Steam","Machine Learning"],"picked":"SKIP","floor":6.0},{"not_picked":["Recycle","Capacitor"],"picked":"Ball Lightning+1","floor":7.0},{"not_picked":["Sweeping Beam+1","Stack+1"],"picked":"Hologram+1","floor":12.0},{"not_picked":["Hologram+1","Turbo+1"],"picked":"Fission+1","floor":14.0},{"not_picked":["Fission+1","Machine Learning"],"picked":"Creative AI","floor":16.0},{"not_picked":["Redo+1","BootSequence+1"],"picked":"Cold Snap+1","floor":18.0},{"not_picked":["Tempest+1","Stack+1"],"picked":"Beam Cell+1","floor":19.0},{"not_picked":["Hologram+1","Scrape+1"],"picked":"Conserve Battery+1","floor":21.0},{"not_picked":["Hyperbeam+1","Conserve Battery+1"],"picked":"Blizzard+1","floor":24.0},{"not_picked":["Coolheaded+1","Rip and Tear+1"],"picked":"Consume+1","floor":31.0},{"not_picked":["Amplify+1","Core Surge+1"],"picked":"Seek+1","floor":33.0},{"not_picked":["Stack+1","Rebound+1"],"picked":"Undo+1","floor":35.0},{"not_picked":["Barrage+1","Reprogram+1"],"picked":"Compile Driver+1","floor":37.0},{"not_picked":["Turbo+1","Ball Lightning+1"],"picked":"BootSequence+1","floor":40.0},{"not_picked":["Darkness+1","Storm+1","Leap+1"],"picked":"SKIP","floor":44.0},{"not_picked":["Buffer","Ball Lightning+1"],"picked":"Barrage+1","floor":55.0}],"player_experience":2741164,"relics_obtained":[{"floor":6.0,"key":"Molten Egg 2"},{"floor":9.0,"key":"Toxic Egg 2"},{"floor":12.0,"key":"Calipers"},{"floor":24.0,"key":"Bottled Flame"},{"floor":31.0,"key":"Anchor"},{"floor":40.0,"key":"Dead Branch"},{"floor":43.0,"key":"Incense Burner"},{"floor":55.0,"key":"Bag of Preparation"}],"event_choices":[{"damage_healed":0.0,"max_hp_gain":0.0,"max_hp_loss":0.0,"gold_gain":0.0,"event_name":"Back to Basics","player_choice":"Simplicity","floor":20.0,"gold_loss":0.0,"damage_taken":0.0,"cards_upgraded":["Strike_B","Strike_B","Strike_B","Strike_B","Defend_B","Defend_B","Defend_B","Defend_B"]},{"damage_healed":0.0,"max_hp_gain":0.0,"max_hp_loss":0.0,"gold_gain":50.0,"event_name":"Nest","player_choice":"Stole From Cult","floor":22.0,"gold_loss":0.0,"damage_taken":0.0},{"damage_healed":0.0,"max_hp_gain":0.0,"max_hp_loss":0.0,"gold_gain":0.0,"event_name":"Addict","player_choice":"Obtained Relic","floor":28.0,"gold_loss":85.0,"damage_taken":0.0,"relics_obtained":["Blood Vial"]},{"damage_healed":0.0,"max_hp_gain":0.0,"max_hp_loss":0.0,"gold_gain":0.0,"event_name":"Match and Keep!","player_choice":"0 cards matched","floor":29.0,"gold_loss":0.0,"damage_taken":0.0,"cards_obtained":[]},{"damage_healed":0.0,"max_hp_gain":0.0,"max_hp_loss":0.0,"gold_gain":999.0,"event_name":"MindBloom","player_choice":"Gold","floor":36.0,"gold_loss":0.0,"damage_taken":0.0,"cards_obtained":["Normality","Normality"]},{"cards_removed":["Streamline"],"damage_healed":0.0,"max_hp_gain":0.0,"max_hp_loss":0.0,"gold_gain":0.0,"event_name":"Falling","player_choice":"Removed Attack","floor":39.0,"gold_loss":0.0,"damage_taken":0.0},{"damage_healed":0.0,"max_hp_gain":0.0,"max_hp_loss":0.0,"gold_gain":0.0,"event_name":"Winding Halls","player_choice":"Embrace Madness","floor":45.0,"gold_loss":0.0,"damage_taken":13.0,"cards_obtained":["Madness","Madness"]},{"damage_healed":0.0,"max_hp_gain":0.0,"max_hp_loss":0.0,"gold_gain":50.0,"event_name":"Golden Shrine","player_choice":"Pray","floor":48.0,"gold_loss":0.0,"damage_taken":0.0}],"is_beta":false,"boss_relics":[{"not_picked":["Sozu","FrozenCore"],"picked":"Inserter"},{"not_picked":["Snecko Eye","Runic Pyramid"],"picked":"Philosopher\u0027s Stone"}],"items_purged_floors":[4,38,41],"is_endless":false,"potions_floor_spawned":[2,5,14,16,21,24,37,44],"ascension_level":20}