{"gold_per_floor":[363,383,383,255,38,71,71,106,155,155,165,62,62,92,92,166,166,180,197,247,263,132,132,160,160,183,183,197,197,229,246,246,324,324,335,335,28,28,28,28,57,57,57,77,77,90,102,102,102,102,102,102,102,17,49,49],"floor_reached":57,"playtime":2671,"items_purged":["Strike_R","Strike_R"],"score":2968,"play_id":"88730644-6704-43e7-8a2f-15e30e03f594","local_time":"20190330144632","is_ascension_mode":true,"campfire_choices":[{"floor":7.0,"key":"REST"},{"floor":10.0,"key":"REST"},{"data":"True Grit","floor":13.0,"key":"SMITH"},{"data":"Discovery","floor":15.0,"key":"SMITH"},{"floor":23.0,"key":"REST"},{"data":"Barricade","floor":25.0,"key":"SMITH"},{"data":"Offering","floor":27.0,"key":"SMITH"},{"floor":29.0,"key":"REST"},{"floor":32.0,"key":"REST"},{"data":"Fiend Fire","floor":40.0,"key":"SMITH"},{"data":"Madness","floor":42.0,"key":"SMITH"},{"floor":49.0,"key":"RECALL"},{"data":"True Grit","floor":53.0,"key":"SMITH"}],"neow_cost":"TEN_PERCENT_HP_LOSS","seed_source_timestamp":97067132603000,"circlet_count":0,"master_deck":["AscendersBane","Strike_R","Strike_R+1","Defend_R","Defend_R","Defend_R","Defend_R","Bash","Feel No Pain+1","True Grit+1","Ghostly Armor","Ghostly Armor","Pummel","Discovery+1","Barricade+1","Flame Barrier","Carnage","Offering+1","Flame Barrier+1","Disarm","Fiend Fire+1","Madness+1","Madness","Second Wind","Battle Trance+1","True Grit+1","Corruption"],"special_seed":0,"relics":["Burning Blood","Happy Flower","Vajra","Dead Branch","Darkstone Periapt","Orichalcum","Torii","Orrery","Bag of Preparation","Red Skull","PreservedInsect","Black Star","Oddly Smooth Stone","Nunchaku","Magic Flower","Art of War","Centennial Puzzle"],"potions_floor_usage":[56],"damage_taken":[{"damage":6.0,"enemies":"2 Louse","floor":1.0,"turns":3.0},{"damage":4.0,"enemies":"Small Slimes","floor":2.0,"turns":3.0},{"damage":44.0,"enemies":"Lagavulin","floor":6.0,"turns":9.0},{"damage":18.0,"enemies":"Gremlin Nob","floor":8.0,"turns":2.0},{"damage":0.0,"enemies":"Cultist","floor":11.0,"turns":3.0},{"damage":5.0,"enemies":"3 Sentries","floor":14.0,"turns":7.0},{"damage":29.0,"enemies":"The Guardian","floor":16.0,"turns":9.0},{"damage":4.0,"enemies":"Shell Parasite","floor":18.0,"turns":11.0},{"damage":1.0,"enemies":"2 Thieves","floor":19.0,"turns":3.0},{"damage":33.0,"enemies":"Shelled Parasite and Fungi","floor":21.0,"turns":6.0},{"damage":18.0,"enemies":"Gremlin Leader","floor":24.0,"turns":11.0},{"damage":6.0,"enemies":"Snecko","floor":28.0,"turns":10.0},{"damage":47.0,"enemies":"Slavers","floor":30.0,"turns":8.0},{"damage":6.0,"enemies":"Chosen and Byrds","floor":31.0,"turns":6.0},{"damage":6.0,"enemies":"Collector","floor":33.0,"turns":5.0},{"damage":43.0,"enemies":"3 Darklings","floor":35.0,"turns":7.0},{"damage":9.0,"enemies":"Reptomancer","floor":41.0,"turns":1.0},{"damage":0.0,"enemies":"Orb Walker","floor":44.0,"turns":3.0},{"damage":29.0,"enemies":"Writhing Mass","floor":46.0,"turns":5.0},{"damage":8.0,"enemies":"Sphere and 2 Shapes","floor":47.0,"turns":3.0},{"damage":26.0,"enemies":"Time Eater","floor":50.0,"turns":12.0},{"damage":15.0,"enemies":"Awakened One","floor":51.0,"turns":18.0},{"damage":27.0,"enemies":"Shield and Spear","floor":55.0,"turns":7.0},{"damage":16,"enemies":"The Heart","floor":56,"turns":8}],"seed_played":"6477794749113526191","potions_obtained":[{"floor":11.0,"key":"Explosive Potion"},{"floor":14.0,"key":"Explosive Potion"},{"floor":19.0,"key":"Swift Potion"},{"floor":21.0,"key":"Explosive Potion"},{"floor":28.0,"key":"Block Potion"},{"floor":30.0,"key":"SkillPotion"},{"floor":35.0,"key":"EssenceOfSteel"}],"is_trial":false,"path_per_floor":["M","M","?","?","$","E","R","E","T","R","M","$","R","E","R","B",null,"M","M","?","M","$","R","E","R","T","R","M","R","E","M","R","B",null,"M","?","$","?","?","R","E","R","T","M","?","M","M","$","R","B","B",null,"R","$","E","B",null],"character_chosen":"IRONCLAD","items_purchased":["Vajra","True Grit","Discovery","Explosive Potion","Oddly Smooth Stone","Second Wind","Corruption"],"campfire_rested":5,"item_purchase_floors":[5,5,12,22,37,37,54],"current_hp_per_floor":[68,68,48,48,48,10,30,18,18,38,44,44,44,45,45,22,57,59,64,64,37,37,57,45,45,45,45,45,65,24,24,44,44,62,25,13,13,13,56,56,53,53,53,56,56,36,37,37,37,20,14,46,46,46,28,21],"gold":49,"neow_bonus":"TWO_FIFTY_GOLD","is_prod":false,"is_daily":false,"chose_seed":false,"campfire_upgraded":7,"win_rate":0,"timestamp":1553924792,"path_taken":["M","M","?","?","$","E","R","E","T","R","M","$","R","E","R","BOSS","M","M","?","M","$","R","E","R","T","R","M","R","E","M","R","BOSS","M","?","$","?","?","R","E","R","T","?","?","M","M","$","R","BOSS","BOSS","R","$","E","BOSS"],"build_version":"2019-01-23","purchased_purges":2,"victory":true,"max_hp_per_floor":[68,68,68,68,68,68,68,68,68,68,68,68,68,68,68,68,68,68,68,68,68,68,68,68,68,68,68,68,68,68,68,68,68,68,68,68,68,68,56,56,56,56,56,56,56,56,56,56,56,56,56,56,56,56,56,56],"card_choices":[{"not_picked":["Anger","Rage","Warcry"],"picked":"SKIP","floor":1.0},{"not_picked":["Havoc","Evolve"],"picked":"Feel No Pain","floor":2.0},{"not_picked":["Blood for Blood","Thunderclap"],"picked":"Ghostly Armor","floor":6.0},{"not_picked":["Immolate","Inflame"],"picked":"Ghostly Armor","floor":8.0},{"not_picked":["Heavy Blade","Twin Strike","Pummel"],"picked":"SKIP","floor":11.0},{"not_picked":["Heavy Blade","Twin Strike"],"picked":"Pummel","floor":11.0},{"not_picked":["Iron Wave","Perfected Strike","Headbutt"],"picked":"SKIP","floor":14.0},{"not_picked":["Feed","Limit Break"],"picked":"Barricade","floor":16.0},{"not_picked":["Double Tap","Shockwave"],"picked":"Flame Barrier","floor":17.0},{"not_picked":["Whirlwind","Rampage","Clash"],"picked":"SKIP","floor":18.0},{"not_picked":["Iron Wave","Dropkick"],"picked":"Carnage","floor":19.0},{"not_picked":["Wild Strike","Heavy Blade"],"picked":"Offering","floor":21.0},{"not_picked":["Cleave","Clash","Sword Boomerang"],"picked":"SKIP","floor":24.0},{"not_picked":["Cleave","Clothesline","Power Through"],"picked":"SKIP","floor":28.0},{"not_picked":["Rupture","Limit Break"],"picked":"Flame Barrier+1","floor":30.0},{"not_picked":["Flex","Thunderclap"],"picked":"Disarm","floor":31.0},{"not_picked":["Limit Break","Exhume"],"picked":"Fiend Fire","floor":33.0},{"not_picked":["Pommel Strike+1","Twin Strike","Anger"],"picked":"SKIP","floor":35.0},{"not_picked":["Body Slam","Infernal Blade+1"],"picked":"Battle Trance+1","floor":41.0},{"not_picked":["Heavy Blade","Perfected Strike+1"],"picked":"True Grit","floor":44.0},{"not_picked":["Blood for Blood","Whirlwind","Rage"],"picked":"SKIP","floor":46.0},{"not_picked":["Headbutt","Thunderclap","Flex"],"picked":"SKIP","floor":47.0},{"not_picked":["Pummel","Perfected Strike+1","Headbutt"],"picked":"SKIP","floor":55.0}],"player_experience":2744036,"relics_obtained":[{"floor":6.0,"key":"Dead Branch"},{"floor":8.0,"key":"Darkstone Periapt"},{"floor":9.0,"key":"Orichalcum"},{"floor":14.0,"key":"Torii"},{"floor":24.0,"key":"Bag of Preparation"},{"floor":26.0,"key":"Red Skull"},{"floor":30.0,"key":"PreservedInsect"},{"floor":41.0,"key":"Nunchaku"},{"floor":41.0,"key":"Magic Flower"},{"floor":55.0,"key":"Art of War"},{"floor":55.0,"key":"Centennial Puzzle"}],"event_choices":[{"damage_healed":0.0,"max_hp_gain":0.0,"max_hp_loss":0.0,"gold_gain":0.0,"event_name":"Shining Light","player_choice":"Entered Light","floor":3.0,"gold_loss":0.0,"damage_taken":20.0,"cards_upgraded":["Strike_R","Feel No Pain"]},{"damage_healed":0.0,"max_hp_gain":0.0,"max_hp_loss":0.0,"gold_gain":0.0,"event_name":"WeMeetAgain","player_choice":"Paid Gold","floor":4.0,"gold_loss":128.0,"damage_taken":0.0,"relics_obtained":["Happy Flower"]},{"damage_healed":0.0,"max_hp_gain":0.0,"max_hp_loss":0.0,"gold_gain":50.0,"event_name":"Nest","player_choice":"Stole From Cult","floor":20.0,"gold_loss":0.0,"damage_taken":0.0},{"damage_healed":0.0,"max_hp_gain":0.0,"max_hp_loss":0.0,"gold_gain":0.0,"event_name":"Winding Halls","player_choice":"Embrace Madness","floor":36.0,"gold_loss":0.0,"damage_taken":12.0,"cards_obtained":["Madness","Madness"]},{"damage_healed":0.0,"max_hp_gain":0.0,"max_hp_loss":0.0,"gold_gain":0.0,"event_name":"Mysterious Sphere","player_choice":"Ignored","floor":38.0,"gold_loss":0.0,"damage_taken":0.0},{"damage_healed":56.0,"max_hp_gain":0.0,"max_hp_loss":12.0,"gold_gain":0.0,"event_name":"The Moai Head","player_choice":"Heal","floor":39.0,"gold_loss":0.0,"damage_taken":0.0},{"cards_removed":["Strike_R"],"damage_healed":0.0,"max_hp_gain":0.0,"max_hp_loss":0.0,"gold_gain":0.0,"event_name":"Bonfire Elementals","player_choice":"Offered Basic","floor":45.0,"gold_loss":0.0,"damage_taken":0.0}],"is_beta":false,"boss_relics":[{"not_picked":["Tiny House","Eternal Feather"],"picked":"Orrery"},{"not_picked":["Coffee Dripper","Mark of Pain"],"picked":"Black Star"}],"items_purged_floors":[22,37],"is_endless":false,"potions_floor_spawned":[11,14,19,21,28,30,35],"ascension_level":20}