{"gold_per_floor":[369,389,314,314,53,88,88,117,140,171,190,201,215,215,215,291,291,302,302,127,147,147],"floor_reached":22,"playtime":880,"items_purged":["Strike_B","Strike_B"],"score":508,"play_id":"d7bf2ae5-1354-4ea6-bd24-4f1f9a2d6d9b","local_time":"20190310020050","is_ascension_mode":true,"campfire_choices":[{"data":"Streamline","floor":7,"key":"SMITH"},{"data":"Loop","floor":15,"key":"SMITH"}],"neow_cost":"TEN_PERCENT_HP_LOSS","seed_source_timestamp":56321713047600,"circlet_count":0,"master_deck":["AscendersBane","Strike_B","Strike_B","Defend_B","Defend_B","Zap","Dualcast","Self Repair","Coolheaded","All For One","Loop+1","Doom and Gloom","Streamline+1","White Noise","Double Energy","Creative AI","Undo","Defragment","Undo+1"],"relics":["Cracked Core","Potion Belt","FossilizedHelix","Blood Vial","Pocketwatch","Velvet Choker"],"potions_floor_usage":[8,10,21],"damage_taken":[{"damage":1,"enemies":"Cultist","floor":1,"turns":4},{"damage":5,"enemies":"2 Louse","floor":2,"turns":4},{"damage":21,"enemies":"Lagavulin","floor":6,"turns":6},{"damage":26,"enemies":"3 Sentries","floor":8,"turns":8},{"damage":22,"enemies":"Gremlin Nob","floor":10,"turns":4},{"damage":0,"enemies":"Small Slimes","floor":11,"turns":2},{"damage":22,"enemies":"Exordium Thugs","floor":12,"turns":5},{"damage":0,"enemies":"2 Fungi Beasts","floor":13,"turns":3},{"damage":0,"enemies":"Slime Boss","floor":16,"turns":5},{"damage":32,"enemies":"Shell Parasite","floor":18,"turns":6},{"damage":39,"enemies":"3 Byrds","floor":21,"turns":4},{"damage":0,"enemies":"Snecko","floor":22,"turns":2}],"seed_played":"-1132352404369502678","potions_obtained":[{"floor":6,"key":"SkillPotion"},{"floor":11,"key":"GamblersBrew"},{"floor":18,"key":"FocusPotion"}],"is_trial":false,"path_per_floor":["M","M","?","?","$","E","R","E","T","E","M","M","M","?","R","B",null,"M","?","$","M","M"],"character_chosen":"DEFECT","items_purchased":["Loop","Doom and Gloom","FearPotion","Defragment"],"campfire_rested":0,"item_purchase_floors":[5,5,5,20],"current_hp_per_floor":[63,64,64,64,64,50,50,31,31,18,27,14,23,28,28,37,61,38,38,38,8,10],"gold":147,"neow_bonus":"TWO_FIFTY_GOLD","is_prod":false,"is_daily":false,"chose_seed":false,"campfire_upgraded":2,"win_rate":0,"timestamp":1552150850,"path_taken":["M","?","?","?","$","E","R","E","T","E","M","?","M","?","R","BOSS","M","?","$","?","M"],"build_version":"2019-01-23","purchased_purges":2,"victory":false,"max_hp_per_floor":[64,64,64,64,64,64,64,64,64,64,64,64,64,69,69,69,69,69,69,69,69,69],"card_choices":[{"not_picked":["Steam","Turbo"],"picked":"Self Repair","floor":1},{"not_picked":["Go for the Eyes","Hologram"],"picked":"Coolheaded","floor":2},{"not_picked":["Leap","Stack"],"picked":"Streamline","floor":6},{"not_picked":["Leap","Compile Driver"],"picked":"White Noise","floor":8},{"not_picked":["Hologram","Thunder Strike","Tempest"],"picked":"SKIP","floor":10},{"not_picked":["Sunder","Steam"],"picked":"Gash","floor":11},{"not_picked":["Blizzard","Loop"],"picked":"Double Energy","floor":12},{"not_picked":["Streamline","Lockon","Stack"],"picked":"SKIP","floor":13},{"not_picked":["Hyperbeam","Fission"],"picked":"Creative AI","floor":16},{"not_picked":["Turbo","Tempest"],"picked":"Undo","floor":18},{"not_picked":["Gash","Stack"],"picked":"Undo+1","floor":21}],"player_experience":2128797,"relics_obtained":[{"floor":6,"key":"Potion Belt"},{"floor":8,"key":"FossilizedHelix"},{"floor":9,"key":"Blood Vial"},{"floor":10,"key":"Pocketwatch"}],"event_choices":[{"cards_removed":["Defend_B"],"damage_healed":0,"gold_gain":0,"player_choice":"Card Removal","damage_taken":0,"max_hp_gain":0,"max_hp_loss":0,"event_name":"The Cleric","floor":3,"gold_loss":75},{"damage_healed":0,"gold_gain":0,"cards_transformed":["Defend_B"],"player_choice":"Transformed","damage_taken":0,"max_hp_gain":0,"max_hp_loss":0,"event_name":"Transmorgrifier","floor":4,"gold_loss":0,"cards_obtained":["All For One"]},{"damage_healed":0,"gold_gain":0,"player_choice":"Donut","damage_taken":0,"max_hp_gain":5,"max_hp_loss":0,"event_name":"Big Fish","floor":14,"gold_loss":0},{"cards_removed":["Gash"],"damage_healed":0,"gold_gain":0,"player_choice":"Purged","damage_taken":0,"max_hp_gain":0,"max_hp_loss":0,"event_name":"Purifier","floor":19,"gold_loss":0}],"is_beta":false,"boss_relics":[{"not_picked":["FrozenCore","Calling Bell"],"picked":"Velvet Choker"}],"items_purged_floors":[5,20],"is_endless":false,"potions_floor_spawned":[6,11,18],"killed_by":"Snecko","ascension_level":20}