{"gold_per_floor":[118,136,136,60,60,60,25,46,46,85,28,28,46,71,71,162,162,183,108,33,33,54,54,70,95,141,141,141,154,154,154,154,247,247,260,7,7,27,27,27,27,27,27,58,78,109,186,186],"floor_reached":48,"playtime":1797,"items_purged":["Strike_R"],"score":997,"play_id":"2828bb93-c57f-45e1-ab31-3d5171407c68","local_time":"20190331192611","is_ascension_mode":true,"campfire_choices":[{"floor":6.0,"key":"REST"},{"data":"True Grit","floor":12.0,"key":"SMITH"},{"floor":15.0,"key":"REST"},{"data":"Juggernaut","floor":23.0,"key":"SMITH"},{"data":"Feel No Pain","floor":28.0,"key":"SMITH"},{"data":"Shrug It Off","floor":32.0,"key":"SMITH"},{"data":"Feel No Pain","floor":40.0,"key":"SMITH"},{"floor":42.0,"key":"RECALL"}],"neow_cost":"TEN_PERCENT_HP_LOSS","seed_source_timestamp":201110479473600,"circlet_count":0,"master_deck":["AscendersBane","Defend_R","Defend_R","True Grit+1","Feel No Pain+1","Flame Barrier","Rampage+1","Juggernaut+1","Shrug It Off+1","Shrug It Off","Seeing Red","Offering","Feel No Pain+1","Seeing Red+1","Body Slam+1","Rage"],"special_seed":0,"relics":["Burning Blood","Golden Idol","Kunai","Dream Catcher","Empty Cage","Coffee Dripper","Membership Card","Frozen Egg 2","Red Skull","Oddly Smooth Stone","Letter Opener"],"potions_floor_usage":[48],"damage_taken":[{"damage":14.0,"enemies":"Jaw Worm","floor":1.0,"turns":6.0},{"damage":11.0,"enemies":"2 Louse","floor":2.0,"turns":4.0},{"damage":0.0,"enemies":"Small Slimes","floor":8.0,"turns":4.0},{"damage":36.0,"enemies":"Lagavulin","floor":10.0,"turns":10.0},{"damage":11.0,"enemies":"Exordium Wildlife","floor":13.0,"turns":7.0},{"damage":13.0,"enemies":"Red Slaver","floor":14.0,"turns":9.0},{"damage":30.0,"enemies":"Slime Boss","floor":16.0,"turns":15.0},{"damage":10.0,"enemies":"Shell Parasite","floor":18.0,"turns":7.0},{"damage":4.0,"enemies":"Spheric Guardian","floor":22.0,"turns":5.0},{"damage":1.0,"enemies":"Centurion and Healer","floor":24.0,"turns":8.0},{"damage":14.0,"enemies":"3 Cultists","floor":25.0,"turns":6.0},{"damage":20.0,"enemies":"Snake Plant","floor":29.0,"turns":8.0},{"damage":26.0,"enemies":"Automaton","floor":33.0,"turns":10.0},{"damage":6.0,"enemies":"3 Shapes","floor":35.0,"turns":4.0},{"damage":13.0,"enemies":"3 Darklings","floor":38.0,"turns":6.0},{"damage":34.0,"enemies":"Reptomancer","floor":44.0,"turns":8.0},{"damage":6.0,"enemies":"Sphere and 2 Shapes","floor":45.0,"turns":4.0},{"damage":37,"enemies":"Giant Head","floor":46,"turns":7},{"damage":14,"enemies":"Nemesis","floor":48,"turns":2}],"seed_played":"-688182690685510277","potions_obtained":[{"floor":8.0,"key":"LiquidBronze"},{"floor":10.0,"key":"FearPotion"},{"floor":18.0,"key":"FairyPotion"},{"floor":29.0,"key":"Dexterity Potion"},{"floor":33.0,"key":"FearPotion"},{"floor":35.0,"key":"Block Potion"},{"floor":45.0,"key":"Poison Potion"}],"is_trial":false,"path_per_floor":["M","M","?","$","?","R","?","M","T","E","$","R","M","M","R","B",null,"M","$","?","?","M","R","M","M","T","?","R","M","?","?","R","B",null,"M","$","?","M","?","R","$","R","T","E","M","E","T","E"],"character_chosen":"IRONCLAD","items_purchased":["Feel No Pain","PowerPotion","Membership Card","Feel No Pain"],"campfire_rested":2,"item_purchase_floors":[4,11,36,36],"current_hp_per_floor":[60,55,35,35,12,32,49,55,55,25,25,25,20,13,33,9,53,49,49,49,49,51,51,56,48,48,48,48,34,34,34,34,14,55,55,55,55,48,48,48,48,48,48,20,20,12,12,0],"gold":186,"neow_bonus":"REMOVE_TWO","is_prod":false,"is_daily":false,"chose_seed":false,"campfire_upgraded":5,"win_rate":0,"timestamp":1554027971,"path_taken":["M","M","?","$","?","R","?","?","T","E","$","R","M","M","R","BOSS","M","$","?","?","?","R","M","M","T","?","R","?","?","?","R","BOSS","M","$","?","M","?","R","?","R","T","E","?","E","?","E"],"build_version":"2019-01-23","purchased_purges":1,"victory":false,"max_hp_per_floor":[68,68,68,68,68,68,68,68,68,68,68,68,68,68,68,68,68,68,68,68,68,68,68,68,68,68,68,68,68,68,68,68,68,68,68,68,68,68,68,68,68,68,68,68,68,68,68,68],"card_choices":[{"not_picked":["Heavy Blade","Thunderclap"],"picked":"Seeing Red","floor":1.0},{"not_picked":["Headbutt","Hemokinesis"],"picked":"True Grit","floor":2.0},{"not_picked":["Twin Strike","Berserk","Flex"],"picked":"SKIP","floor":8.0},{"not_picked":["Twin Strike","True Grit","Uppercut"],"picked":"SKIP","floor":10.0},{"not_picked":["Dual Wield","Infernal Blade"],"picked":"Flame Barrier","floor":13.0},{"not_picked":["Seeing Red","Clash","Sentinel"],"picked":"SKIP","floor":14.0},{"not_picked":["Havoc","Iron Wave"],"picked":"Rampage","floor":15.0},{"not_picked":["Dark Embrace","Demon Form"],"picked":"Juggernaut","floor":16.0},{"not_picked":["Infernal Blade","Anger"],"picked":"Shrug It Off","floor":18.0},{"not_picked":["Armaments","Flex+1"],"picked":"Shrug It Off","floor":22.0},{"not_picked":["Whirlwind","Wild Strike"],"picked":"Seeing Red","floor":24.0},{"not_picked":["Demon Form","Shrug It Off","Whirlwind"],"picked":"SKIP","floor":25.0},{"not_picked":["Searing Blow","Burning Pact","Anger"],"picked":"SKIP","floor":29.0},{"not_picked":["Limit Break","Reaper"],"picked":"Offering","floor":33.0},{"not_picked":["Heavy Blade+1","Disarm","Battle Trance"],"picked":"SKIP","floor":35.0},{"not_picked":["Cleave","Anger"],"picked":"Seeing Red+1","floor":38.0},{"not_picked":["Clothesline","Twin Strike"],"picked":"Body Slam+1","floor":44.0},{"not_picked":["Perfected Strike","Clash","Blood for Blood"],"picked":"SKIP","floor":45.0},{"not_picked":["Dark Embrace+1","Havoc"],"picked":"Rage","floor":46}],"player_experience":2780266,"relics_obtained":[{"floor":9.0,"key":"Kunai"},{"floor":10.0,"key":"Dream Catcher"},{"floor":43.0,"key":"Frozen Egg 2"},{"floor":44.0,"key":"Red Skull"},{"floor":46,"key":"Oddly Smooth Stone"},{"floor":47,"key":"Letter Opener"}],"event_choices":[{"damage_healed":0.0,"max_hp_gain":0.0,"max_hp_loss":0.0,"gold_gain":0.0,"event_name":"Shining Light","player_choice":"Entered Light","floor":3.0,"gold_loss":0.0,"damage_taken":20.0,"cards_upgraded":["Seeing Red","Bash"]},{"damage_healed":0.0,"max_hp_gain":0.0,"max_hp_loss":0.0,"gold_gain":0.0,"event_name":"Golden Idol","player_choice":"Take Damage","floor":5.0,"gold_loss":0.0,"damage_taken":23.0,"relics_obtained":["Golden Idol"]},{"damage_healed":17.0,"max_hp_gain":0.0,"max_hp_loss":0.0,"gold_gain":0.0,"event_name":"The Cleric","player_choice":"Healed","floor":7.0,"gold_loss":35.0,"damage_taken":0.0},{"cards_removed":["Bash"],"damage_healed":0.0,"max_hp_gain":0.0,"max_hp_loss":0.0,"gold_gain":0.0,"event_name":"Beggar","player_choice":"Gave Gold","floor":20.0,"gold_loss":75.0,"damage_taken":0.0},{"cards_removed":["Defend_R"],"damage_healed":0.0,"max_hp_gain":0.0,"max_hp_loss":0.0,"gold_gain":0.0,"event_name":"Bonfire Elementals","player_choice":"Offered Basic","floor":21.0,"gold_loss":0.0,"damage_taken":0.0},{"damage_healed":0.0,"max_hp_gain":0.0,"max_hp_loss":0.0,"gold_gain":0.0,"event_name":"Accursed Blacksmith","player_choice":"Forge","floor":27.0,"gold_loss":0.0,"damage_taken":0.0,"cards_upgraded":["Rampage"]},{"cards_removed":["Defend_R"],"damage_healed":0.0,"max_hp_gain":0.0,"max_hp_loss":0.0,"gold_gain":0.0,"event_name":"Back to Basics","player_choice":"Elegance","floor":30.0,"gold_loss":0.0,"damage_taken":0.0},{"damage_healed":0.0,"max_hp_gain":0.0,"max_hp_loss":0.0,"gold_gain":0.0,"event_name":"Vampires","player_choice":"Ignored","floor":31.0,"gold_loss":0.0,"damage_taken":0.0},{"damage_healed":0.0,"max_hp_gain":0.0,"max_hp_loss":0.0,"gold_gain":0.0,"event_name":"Mysterious Sphere","player_choice":"Ignored","floor":37.0,"gold_loss":0.0,"damage_taken":0.0},{"cards_removed":["Seeing Red"],"damage_healed":0.0,"max_hp_gain":0.0,"max_hp_loss":0.0,"gold_gain":0.0,"event_name":"Falling","player_choice":"Removed Skill","floor":39.0,"gold_loss":0.0,"damage_taken":0.0}],"is_beta":false,"boss_relics":[{"not_picked":["Mark of Pain","Cursed Key"],"picked":"Empty Cage"},{"not_picked":["Runic Cube","Lizard Tail"],"picked":"Coffee Dripper"}],"items_purged_floors":[19],"is_endless":false,"potions_floor_spawned":[8,10,18,29,33,35,45],"killed_by":"Nemesis","ascension_level":20}