{"gold_per_floor":[17,31,45,45,45,45,56,2,2,2,36,36,102,120,120,120],"floor_reached":16,"playtime":836,"items_purged":[],"score":198,"play_id":"6df8675c-bcde-49b1-be6e-311fe8cde388","local_time":"20181209200839","is_ascension_mode":true,"campfire_choices":[{"floor":6,"key":"REST"},{"floor":10,"key":"REST"},{"floor":12,"key":"REST"},{"floor":15,"key":"REST"}],"neow_cost":"NO_GOLD","seed_source_timestamp":24733515062977,"circlet_count":0,"master_deck":["AscendersBane","Strike_B","Strike_B","Strike_B","Strike_B","Defend_B","Defend_B","Defend_B","Defend_B","Zap","Dualcast","Jack Of All Trades+1","Purity","Storm","Streamline","Barrage","Echo Form","Chill","Defragment"],"relics":["Cracked Core","Gremlin Horn","Anchor","Art of War"],"potions_floor_usage":[11,13,16],"damage_taken":[{"damage":0,"enemies":"2 Louse","floor":1,"turns":2},{"damage":5,"enemies":"Cultist","floor":2,"turns":4},{"damage":0,"enemies":"Small Slimes","floor":3,"turns":3},{"damage":35,"enemies":"Exordium Wildlife","floor":7,"turns":6},{"damage":50,"enemies":"Lagavulin","floor":11,"turns":6},{"damage":23,"enemies":"3 Sentries","floor":13,"turns":8},{"damage":4,"enemies":"Red Slaver","floor":14,"turns":4},{"damage":24,"enemies":"Hexaghost","floor":16,"turns":7}],"seed_played":"-2873700857167071559","potions_obtained":[{"floor":1,"key":"Ancient Potion"},{"floor":11,"key":"Energy Potion"},{"floor":13,"key":"Energy Potion"}],"is_trial":false,"path_per_floor":["M","M","M","?","$","R","M","$","T","R","E","R","E","M","R","B"],"character_chosen":"DEFECT","items_purchased":["SkillPotion"],"campfire_rested":4,"item_purchase_floors":[8],"current_hp_per_floor":[64,59,59,59,59,71,36,36,36,57,7,28,5,1,22,0],"gold":120,"neow_bonus":"RANDOM_COLORLESS_2","is_prod":false,"is_daily":false,"chose_seed":false,"campfire_upgraded":0,"win_rate":0,"timestamp":1544378919,"path_taken":["M","M","M","?","$","R","M","$","T","R","E","R","E","M","R","BOSS"],"build_version":"2018-12-06","purchased_purges":0,"victory":false,"max_hp_per_floor":[71,71,71,71,71,71,71,71,71,71,71,71,71,71,71,71],"card_choices":[{"not_picked":["Leap","Reinforced Body","Rebound"],"picked":"SKIP","floor":1},{"not_picked":["Cold Snap","Force Field"],"picked":"Storm","floor":2},{"not_picked":["Leap","Sweeping Beam"],"picked":"Streamline","floor":3},{"not_picked":["Steam","Beam Cell"],"picked":"Barrage","floor":7},{"not_picked":["Capacitor","Force Field"],"picked":"Echo Form","floor":11},{"not_picked":["Leap","Barrage"],"picked":"Chill","floor":13},{"not_picked":["BootSequence","Sweeping Beam"],"picked":"Defragment","floor":14}],"player_experience":824287,"relics_obtained":[{"floor":9,"key":"Gremlin Horn"},{"floor":11,"key":"Anchor"},{"floor":13,"key":"Art of War"}],"event_choices":[{"damage_healed":0,"gold_gain":0,"player_choice":"Upgraded","damage_taken":0,"max_hp_gain":0,"max_hp_loss":0,"event_name":"Upgrade Shrine","floor":4,"gold_loss":0,"cards_upgraded":["Jack Of All Trades"]}],"is_beta":false,"boss_relics":[],"items_purged_floors":[],"is_endless":false,"potions_floor_spawned":[1,11,13],"killed_by":"Hexaghost","ascension_level":16}