{"gold_per_floor":[110,385,404,419,419,419,419,419,471,501,501,3,23,35,35,109,109,124,124],"floor_reached":19,"playtime":503,"items_purged":["Regret"],"score":314,"play_id":"a0cbf13b-88d0-47b7-ac6e-ef0095670b5c","local_time":"20190311133313","is_ascension_mode":true,"campfire_choices":[{"data":"Beam Cell","floor":6,"key":"SMITH"},{"data":"Zap","floor":8,"key":"SMITH"},{"data":"Darkness","floor":15,"key":"SMITH"}],"neow_cost":"NONE","seed_source_timestamp":184640461482500,"circlet_count":0,"master_deck":["AscendersBane","Strike_B","Strike_B","Strike_B","Strike_B","Defend_B","Defend_B","Defend_B","Zap+1","Dualcast","Self Repair","Beam Cell+1","Self Repair","Compile Driver","Undo","Panacea","Darkness+1","Conserve Battery","Coolheaded","Electrodynamics","Genetic Algorithm+1"],"relics":["Cracked Core","NeowsBlessing","Pen Nib","Odd Mushroom","Cables","Pantograph","Inserter"],"potions_floor_usage":[10,14,16],"damage_taken":[{"damage":0,"enemies":"Jaw Worm","floor":1,"turns":1},{"damage":0,"enemies":"Cultist","floor":3,"turns":1},{"damage":0,"enemies":"2 Louse","floor":4,"turns":1},{"damage":13,"enemies":"The Mushroom Lair","floor":10,"turns":4},{"damage":12,"enemies":"Looter","floor":13,"turns":3},{"damage":0,"enemies":"Large Slime","floor":14,"turns":3},{"damage":26,"enemies":"The Guardian","floor":16,"turns":10},{"damage":29,"enemies":"Shell Parasite","floor":18,"turns":8},{"damage":14,"enemies":"Spheric Guardian","floor":19,"turns":4}],"seed_played":"-5569092306025289864","potions_obtained":[{"floor":3,"key":"Strength Potion"},{"floor":4,"key":"AttackPotion"},{"floor":13,"key":"Dexterity Potion"},{"floor":16,"key":"Poison Potion"}],"is_trial":false,"path_per_floor":["M","?","M","M","?","R","?","R","T","?","?","$","M","M","R","B",null,"M","M"],"character_chosen":"DEFECT","items_purchased":["Panacea","Pantograph","Darkness"],"campfire_rested":0,"item_purchase_floors":[12,12,12],"current_hp_per_floor":[64,64,64,64,57,57,57,57,57,51,51,51,53,67,67,59,68,53,39],"gold":124,"neow_bonus":"THREE_ENEMY_KILL","is_prod":false,"is_daily":false,"chose_seed":false,"campfire_upgraded":3,"win_rate":0,"timestamp":1552278793,"path_taken":["M","?","M","?","?","R","?","R","T","?","?","$","M","M","R","BOSS","M","M"],"build_version":"2019-01-23","purchased_purges":1,"victory":false,"max_hp_per_floor":[71,71,71,71,71,71,71,71,71,71,71,71,71,71,71,71,71,71,71],"card_choices":[{"not_picked":["Leap","Conserve Battery"],"picked":"Self Repair","floor":1},{"not_picked":["Conserve Battery","Steam Power"],"picked":"Beam Cell","floor":3},{"not_picked":["Beam Cell","Steam"],"picked":"Self Repair","floor":4},{"not_picked":["Conserve Battery","Leap"],"picked":"Undo","floor":10},{"not_picked":["Undo","Rebound"],"picked":"Conserve Battery","floor":13},{"not_picked":["Storm","Hologram"],"picked":"Coolheaded","floor":14},{"not_picked":["Creative AI","Machine Learning"],"picked":"Electrodynamics","floor":16},{"not_picked":["Doom and Gloom+1","Streamline"],"picked":"Genetic Algorithm+1","floor":18}],"player_experience":2176464,"relics_obtained":[{"floor":9,"key":"Pen Nib"},{"floor":10,"key":"Odd Mushroom"}],"event_choices":[{"damage_healed":0,"gold_gain":275,"player_choice":"Desecrate","damage_taken":0,"max_hp_gain":0,"max_hp_loss":0,"event_name":"Golden Shrine","floor":2,"gold_loss":0,"cards_obtained":["Regret"]},{"cards_removed":["Regret"],"damage_healed":0,"gold_gain":0,"player_choice":"Card Removal","damage_taken":7,"max_hp_gain":0,"max_hp_loss":0,"event_name":"Golden Wing","floor":5,"gold_loss":0},{"damage_healed":0,"gold_gain":0,"cards_transformed":["Defend_B"],"player_choice":"Change","damage_taken":0,"max_hp_gain":0,"max_hp_loss":0,"event_name":"Living Wall","floor":7,"gold_loss":0,"cards_obtained":["Compile Driver"]},{"damage_healed":0,"gold_gain":0,"player_choice":"Fought Mushrooms","damage_taken":0,"max_hp_gain":0,"max_hp_loss":0,"event_name":"Mushrooms","floor":10,"gold_loss":0},{"damage_healed":0,"gold_gain":0,"player_choice":"Box","damage_taken":0,"relics_obtained":["Cables"],"max_hp_gain":0,"max_hp_loss":0,"event_name":"Big Fish","floor":11,"gold_loss":0,"cards_obtained":["Regret"]}],"is_beta":false,"boss_relics":[{"not_picked":["Sozu","Snecko Eye"],"picked":"Inserter"}],"items_purged_floors":[12],"is_endless":false,"potions_floor_spawned":[3,4,13,16],"killed_by":"Spheric Guardian","ascension_level":20}