{"gold_per_floor":[119,139,139,139,151,170,200,200,250,279,279,294,294,70,70,166,166,177,187,187,87,87,87,98,124,124,134,161,180,214,233,233,330,330,350,365,378,478,299,299,327,327,327,344,344,412,438,438,438,438,438,438,15,49,49],"floor_reached":56,"playtime":2635,"items_purged":["Strike_R","Strike_R","Strike_R+1","Strike_R+1"],"score":1349,"play_id":"7c4cb028-1200-44b9-951f-9372f6f2ee9e","local_time":"20190323194707","is_ascension_mode":true,"campfire_choices":[{"data":"Rampage","floor":8,"key":"SMITH"},{"data":"Demon Form","floor":11,"key":"SMITH"},{"data":"True Grit","floor":13,"key":"SMITH"},{"data":"Battle Trance","floor":15,"key":"SMITH"},{"data":"Limit Break","floor":23,"key":"SMITH"},{"data":"Second Wind","floor":32,"key":"SMITH"},{"data":"Defend_R","floor":40,"key":"SMITH"},{"floor":45,"key":"RECALL"},{"data":"Defend_R","floor":49,"key":"SMITH"},{"data":"Seeing Red","floor":52,"key":"SMITH"}],"neow_cost":"NONE","seed_source_timestamp":2231149651300,"circlet_count":0,"master_deck":["Defend_R","Defend_R+1","Defend_R+1","Defend_R+1","Bash+1","True Grit+1","Rampage+1","Second Wind+1","Demon Form+1","Battle Trance+1","Reaper","Limit Break+1","Seeing Red+1","True Grit+1","Reaper","Shrug It Off+1","Dual Wield+1","Seeing Red+1"],"relics":["Burning Blood","NeowsBlessing","Mummified Hand","Red Skull","Whetstone","Busted Crown","Singing Bowl","NlothsMask","Darkstone Periapt","Toxic Egg 2","PreservedInsect","Coffee Dripper","Nunchaku","Unceasing Top","Pantograph","Bronze Scales","Lee\u0027s Waffle","Bottled Lightning"],"potions_floor_usage":[54,55],"damage_taken":[{"damage":0,"enemies":"Jaw Worm","floor":1,"turns":1},{"damage":0,"enemies":"Cultist","floor":2,"turns":1},{"damage":0,"enemies":"Small Slimes","floor":5,"turns":1},{"damage":5,"enemies":"Blue Slaver","floor":6,"turns":3},{"damage":39,"enemies":"3 Sentries","floor":7,"turns":12},{"damage":20,"enemies":"Lagavulin","floor":10,"turns":6},{"damage":0,"enemies":"3 Louse","floor":12,"turns":3},{"damage":42,"enemies":"Hexaghost","floor":16,"turns":8},{"damage":6,"enemies":"theJungle:GiantWrat","floor":18,"turns":5},{"damage":29,"enemies":"theJungle:MUSHROOMGANG","floor":19,"turns":5},{"damage":45,"enemies":"theJungle:JungleHuntersEncounter","floor":24,"turns":5},{"damage":70,"enemies":"theJungle:Cassacara","floor":25,"turns":7},{"damage":26,"enemies":"theJungle:SlimyTreeVines","floor":27,"turns":5},{"damage":42,"enemies":"theJungle:MamaSnecko","floor":28,"turns":6},{"damage":22,"enemies":"Snake Plant","floor":29,"turns":5},{"damage":56,"enemies":"theJungle:Cassacara","floor":30,"turns":6},{"damage":16,"enemies":"theJungle:2_Snecko_Cultists","floor":31,"turns":4},{"damage":52,"enemies":"theJungle:FunGuy","floor":33,"turns":7},{"damage":65,"enemies":"Orb Walker","floor":35,"turns":7},{"damage":50,"enemies":"3 Darklings","floor":36,"turns":8},{"damage":62,"enemies":"Sphere and 2 Shapes","floor":37,"turns":7},{"damage":13,"enemies":"Mind Bloom Boss Battle","floor":38,"turns":7},{"damage":10,"enemies":"Giant Head","floor":41,"turns":7},{"damage":58,"enemies":"Jaw Worm Horde","floor":44,"turns":5},{"damage":131,"enemies":"Nemesis","floor":47,"turns":13},{"damage":90,"enemies":"Awakened One","floor":50,"turns":9},{"damage":131,"enemies":"Shield and Spear","floor":54,"turns":8},{"damage":260,"enemies":"The Heart","floor":55,"turns":10}],"seed_played":"1796333238151125846","potions_obtained":[{"floor":2,"key":"SneckoOil"},{"floor":7,"key":"Explosive Potion"},{"floor":25,"key":"Energy Potion"},{"floor":27,"key":"FairyPotion"},{"floor":29,"key":"Block Potion"},{"floor":54,"key":"Energy Potion"}],"is_trial":false,"path_per_floor":["M","M","?","?","M","M","E","R","T","E","R","M","R","$","R","B",null,"M","M","T","$","?","R","M","E","T","M","E","M","E","M","R","B",null,"M","M","M","?","$","R","E","?","T","M","R","T","E","?","R","B",null,"R","$","E","B",null],"character_chosen":"IRONCLAD","items_purchased":["Reaper","Shrug It Off+1","Dual Wield+1","Lee\u0027s Waffle"],"campfire_rested":0,"item_purchase_floors":[14,39,53,53],"current_hp_per_floor":[80,80,64,64,70,71,38,38,38,24,24,30,30,30,30,16,80,80,80,80,80,80,80,82,84,84,86,88,90,90,92,92,92,92,35,91,80,100,100,100,102,97,97,99,99,99,41,88,88,88,88,88,95,87,95],"gold":49,"neow_bonus":"THREE_ENEMY_KILL","is_prod":false,"is_daily":false,"chose_seed":false,"campfire_upgraded":9,"win_rate":0,"timestamp":1553338027,"path_taken":["M","M","?","?","M","M","E","R","T","E","R","M","R","$","R","BOSS","M","M","?","$","?","R","M","E","T","M","E","M","E","M","R","BOSS","M","M","?","?","$","R","E","?","T","M","R","?","E","?","R","BOSS","R","$","E","BOSS"],"build_version":"2019-01-23","purchased_purges":4,"victory":true,"max_hp_per_floor":[80,80,80,80,80,80,80,80,80,80,80,80,80,80,80,80,80,80,80,80,80,80,80,82,84,84,86,88,90,90,92,92,92,92,94,96,98,100,100,100,102,97,97,99,99,99,101,88,88,88,88,88,95,95,95],"card_choices":[{"not_picked":["Pommel Strike","Headbutt"],"picked":"True Grit","floor":1},{"not_picked":["Uppercut","Anger"],"picked":"Rampage","floor":2},{"not_picked":["Pommel Strike","Heavy Blade","Cleave"],"picked":"SKIP","floor":5},{"not_picked":["Clothesline","Shockwave"],"picked":"Second Wind","floor":6},{"not_picked":["Rage","Clash","Anger"],"picked":"SKIP","floor":7},{"not_picked":["Perfected Strike","Uppercut"],"picked":"Demon Form","floor":10},{"not_picked":["Metallicize","Reckless Charge"],"picked":"Battle Trance","floor":12},{"not_picked":["Dark Embrace","Demon Form"],"picked":"Limit Break","floor":16},{"not_picked":[],"picked":"Seeing Red","floor":18},{"not_picked":["Headbutt"],"picked":"SKIP","floor":19},{"not_picked":["Iron Wave"],"picked":"Singing Bowl","floor":24},{"not_picked":["Inflame"],"picked":"Singing Bowl","floor":25},{"not_picked":["Havoc+1"],"picked":"Singing Bowl","floor":27},{"not_picked":["Clothesline"],"picked":"Singing Bowl","floor":28},{"not_picked":["Metallicize"],"picked":"Singing Bowl","floor":29},{"not_picked":[],"picked":"True Grit+1","floor":30},{"not_picked":["Heavy Blade"],"picked":"Singing Bowl","floor":31},{"not_picked":[],"picked":"Reaper","floor":33},{"not_picked":["Twin Strike"],"picked":"Singing Bowl","floor":35},{"not_picked":["Heavy Blade+1"],"picked":"Singing Bowl","floor":36},{"not_picked":["Rampage+1"],"picked":"Singing Bowl","floor":37},{"not_picked":["Iron Wave"],"picked":"Singing Bowl","floor":38},{"not_picked":["Heavy Blade+1"],"picked":"Singing Bowl","floor":41},{"not_picked":["True Grit+1"],"picked":"Singing Bowl","floor":44},{"not_picked":["Clash+1"],"picked":"Singing Bowl","floor":47},{"not_picked":[],"picked":"Seeing Red+1","floor":54}],"player_experience":2509914,"relics_obtained":[{"floor":7,"key":"Mummified Hand"},{"floor":9,"key":"Red Skull"},{"floor":10,"key":"Whetstone"},{"floor":20,"key":"Singing Bowl"},{"floor":25,"key":"Darkstone Periapt"},{"floor":28,"key":"Toxic Egg 2"},{"floor":30,"key":"PreservedInsect"},{"floor":38,"key":"Nunchaku"},{"floor":41,"key":"Unceasing Top"},{"floor":46,"key":"Pantograph"},{"floor":47,"key":"Bronze Scales"},{"floor":54,"key":"Bottled Lightning"}],"event_choices":[{"damage_healed":0,"gold_gain":0,"player_choice":"Entered Light","damage_taken":16,"max_hp_gain":0,"max_hp_loss":0,"event_name":"Shining Light","floor":3,"gold_loss":0,"cards_upgraded":["Defend_R","Strike_R"]},{"cards_removed":["Strike_R"],"damage_healed":0,"gold_gain":0,"player_choice":"Offered Basic","damage_taken":0,"max_hp_gain":0,"max_hp_loss":0,"event_name":"Bonfire Elementals","floor":4,"gold_loss":0},{"damage_healed":0,"gold_gain":0,"player_choice":"Trade","damage_taken":0,"relics_obtained":["NlothsMask"],"max_hp_gain":0,"max_hp_loss":0,"event_name":"FaceTrader","floor":22,"gold_loss":0},{"damage_healed":0,"gold_gain":0,"player_choice":"Fight","damage_taken":0,"max_hp_gain":0,"max_hp_loss":0,"event_name":"MindBloom","floor":38,"gold_loss":0},{"damage_healed":0,"gold_gain":0,"player_choice":"Max HP","damage_taken":0,"max_hp_gain":0,"max_hp_loss":5,"event_name":"Winding Halls","floor":42,"gold_loss":0},{"damage_healed":88,"gold_gain":0,"player_choice":"Heal","damage_taken":0,"max_hp_gain":0,"max_hp_loss":13,"event_name":"The Moai Head","floor":48,"gold_loss":0}],"is_beta":false,"boss_relics":[{"not_picked":["Ectoplasm","White Beast Statue"],"picked":"Busted Crown"},{"not_picked":["Runic Cube","Orrery"],"picked":"Coffee Dripper"}],"items_purged_floors":[14,21,39,53],"is_endless":false,"potions_floor_spawned":[2,7,25,27,28,29,30,35,37,54],"ascension_level":1}