{"gold_per_floor":[118,137,155,155,169,169,196,196,196,230,70,70],"floor_reached":12,"playtime":498,"items_purged":[],"score":176,"play_id":"835ecfa9-97cf-423f-9d07-a2f5a5fcbaa7","local_time":"20190424203253","is_ascension_mode":true,"campfire_choices":[{"data":"Fiend Fire","floor":6,"key":"SMITH"},{"floor":8,"key":"REST"}],"neow_cost":"NONE","seed_source_timestamp":204189688951400,"circlet_count":0,"master_deck":["AscendersBane","Strike_R","Strike_R","Strike_R","Strike_R","Strike_R","Defend_R","Defend_R","Defend_R","Defend_R","Bash+1","Armaments","Rampage","Fiend Fire+1","Headbutt","Seeing Red","Demon Form+1"],"relics":["Burning Blood","NeowsBlessing","Paper Frog","Frozen Egg 2","Dream Catcher"],"potions_floor_usage":[7,10],"damage_taken":[{"damage":0,"enemies":"Small Slimes","floor":1,"turns":1},{"damage":0,"enemies":"Cultist","floor":2,"turns":1},{"damage":0,"enemies":"Jaw Worm","floor":3,"turns":1},{"damage":36,"enemies":"Exordium Wildlife","floor":5,"turns":6},{"damage":22,"enemies":"Lagavulin","floor":7,"turns":7},{"damage":52,"enemies":"3 Sentries","floor":10,"turns":10},{"damage":0,"enemies":"3 Louse","floor":12,"turns":1}],"seed_played":"-4589655895065698709","potions_obtained":[{"floor":2,"key":"SkillPotion"},{"floor":3,"key":"SneckoOil"},{"floor":7,"key":"Fruit Juice"}],"is_trial":false,"path_per_floor":["M","M","M","?","M","R","E","R","T","E","$","M"],"character_chosen":"IRONCLAD","items_purchased":["Demon Form+1"],"campfire_rested":1,"item_purchase_floors":[11],"current_hp_per_floor":[74,75,75,75,45,45,34,58,58,12,12,12],"gold":70,"neow_bonus":"THREE_ENEMY_KILL","is_prod":false,"is_daily":false,"chose_seed":false,"campfire_upgraded":1,"win_rate":0,"timestamp":1556105573,"path_taken":["M","M","M","?","M","R","E","R","T","E","$","?"],"build_version":"2019-01-23","purchased_purges":0,"victory":false,"max_hp_per_floor":[75,75,75,75,75,75,80,80,80,80,80,80],"card_choices":[{"not_picked":["Thunderclap","Cleave"],"picked":"Armaments","floor":1},{"not_picked":["Havoc","Sword Boomerang","Armaments"],"picked":"SKIP","floor":2},{"not_picked":["Blood for Blood","Warcry"],"picked":"Rampage","floor":3},{"not_picked":["Headbutt","Spot Weakness"],"picked":"Fiend Fire","floor":5},{"not_picked":["Armaments","Sword Boomerang"],"picked":"Headbutt","floor":7},{"not_picked":["Heavy Blade","Dual Wield"],"picked":"Seeing Red","floor":10}],"player_experience":3352041,"relics_obtained":[{"floor":7,"key":"Paper Frog"},{"floor":9,"key":"Frozen Egg 2"},{"floor":10,"key":"Dream Catcher"}],"event_choices":[{"damage_healed":0,"gold_gain":0,"player_choice":"Upgraded","damage_taken":0,"max_hp_gain":0,"max_hp_loss":0,"event_name":"Upgrade Shrine","floor":4,"gold_loss":0,"cards_upgraded":["Bash"]}],"is_beta":false,"boss_relics":[],"items_purged_floors":[],"is_endless":false,"potions_floor_spawned":[2,3,7],"killed_by":"3 Louse","ascension_level":20}