{"path_per_floor":["M","?","M","?","?","R","E","R","T","R","E","M","M","M","R","B",null,"M","M","?","$","?","E","?","M","T","M","M","R","E","M","R"],"character_chosen":"IRONCLAD","items_purchased":["Clash"],"gold_per_floor":[113,63,83,83,83,83,116,116,193,193,220,232,249,261,261,358,358,371,388,348,227,227,258,258,271,297,315,325,325,353,371,371,371],"floor_reached":33,"campfire_rested":2,"playtime":1457,"item_purchase_floors":[21],"current_hp_per_floor":[78,78,80,80,80,80,80,80,80,80,65,71,73,80,80,40,70,71,70,70,70,70,12,12,17,17,48,51,76,61,65,88,0],"items_purged":["Regret"],"gold":371,"score":451,"play_id":"320b204f-c6aa-4bd3-a616-e1a8254c6176","local_time":"20180530210850","is_prod":false,"is_daily":false,"chose_seed":false,"is_ascension_mode":true,"campfire_upgraded":4,"win_rate":0,"timestamp":1527703730,"campfire_choices":[{"data":"Bash","floor":6,"key":"SMITH"},{"data":"Strike_R","floor":8,"key":"SMITH"},{"data":"Strike_R","floor":10,"key":"SMITH"},{"data":"Clash","floor":15,"key":"SMITH"},{"floor":29,"key":"REST"},{"floor":32,"key":"REST"}],"path_taken":["M","?","?","?","?","R","E","R","T","R","E","?","M","M","R","BOSS","M","M","?","$","?","E","?","?","T","M","M","R","E","M","R","BOSS"],"build_version":"2018-05-24","seed_source_timestamp":772943213976326,"purchased_purges":1,"victory":false,"master_deck":["Strike_R","Strike_R","Strike_R","Strike_R+1","Strike_R+1","Defend_R","Defend_R","Defend_R","Bash+1","Dual Wield+1","Clash+1","Anger","Fire Breathing","Clash"],"max_hp_per_floor":[80,80,80,80,80,80,80,80,80,80,80,80,80,80,80,80,80,80,80,80,80,80,80,80,80,80,82,84,84,86,88,88,88],"relics":["Burning Blood","NeowsBlessing","Question Card","Blue Candle","Toolbox","Blood Vial","Lizard Tail","Charon\u0027s Ashes","Art of War","Singing Bowl","Shovel"],"card_choices":[{"not_picked":["Perfected Strike","Iron Wave"],"picked":"Dual Wield","floor":1},{"not_picked":["Searing Blow","Ghostly Armor","Thunderclap"],"picked":"SKIP","floor":3},{"not_picked":["Rampage","Clothesline","Brutality","Uppercut"],"picked":"SKIP","floor":7},{"not_picked":["Iron Wave","Rage","Cleave"],"picked":"Clash","floor":11},{"not_picked":["Battle Trance","Infernal Blade","Pommel Strike","Headbutt"],"picked":"SKIP","floor":12},{"not_picked":["Cleave","Havoc","Battle Trance"],"picked":"Anger","floor":13},{"not_picked":["Perfected Strike","Body Slam","Warcry"],"picked":"Fire Breathing","floor":14},{"not_picked":["Pommel Strike","Sword Boomerang","Body Slam","Havoc"],"picked":"SKIP","floor":18},{"not_picked":["Pummel","Twin Strike+1","Sword Boomerang+1","Wild Strike"],"picked":"SKIP","floor":19},{"not_picked":["Ghostly Armor","Clothesline+1","Pommel Strike","Feel No Pain"],"picked":"SKIP","floor":23},{"not_picked":["Carnage+1","Headbutt","Whirlwind","Body Slam+1"],"picked":"SKIP","floor":25},{"not_picked":["Heavy Blade+1","Dual Wield","Thunderclap","Limit Break"],"picked":"Singing Bowl","floor":27},{"not_picked":["Havoc","Thunderclap","Perfected Strike+1","Heavy Blade"],"picked":"Singing Bowl","floor":28},{"not_picked":["Rupture","Combust+1","Sword Boomerang","Heavy Blade"],"picked":"Singing Bowl","floor":30},{"not_picked":["Whirlwind","Corruption","Perfected Strike","Clothesline"],"picked":"Singing Bowl","floor":31}],"player_experience":444127,"potions_floor_usage":[11,11,16,16,19,23,23,23,25,25,31,33,33],"damage_taken":[{"damage":0,"enemies":"Cultist","floor":1,"turns":1},{"damage":0,"enemies":"2 Louse","floor":3,"turns":1},{"damage":0,"enemies":"Gremlin Nob","floor":7,"turns":1},{"damage":21,"enemies":"Lagavulin","floor":11,"turns":5},{"damage":6,"enemies":"Small Slimes","floor":12,"turns":2},{"damage":6,"enemies":"Gremlin Gang","floor":13,"turns":3},{"damage":1,"enemies":"3 Louse","floor":14,"turns":2},{"damage":46,"enemies":"Hexaghost","floor":16,"turns":5},{"damage":7,"enemies":"Spheric Guardian","floor":18,"turns":3},{"damage":9,"enemies":"3 Byrds","floor":19,"turns":5},{"damage":70,"enemies":"Book of Stabbing","floor":23,"turns":5},{"damage":11,"enemies":"Centurion and Healer","floor":25,"turns":3},{"damage":21,"enemies":"Snake Plant","floor":27,"turns":5},{"damage":7,"enemies":"3 Cultists","floor":28,"turns":4},{"damage":25,"enemies":"Gremlin Leader","floor":30,"turns":5},{"damage":6,"enemies":"Sentry and Sphere","floor":31,"turns":3},{"damage":100,"enemies":"Champ","floor":33,"turns":9}],"relics_obtained":[{"floor":7,"key":"Blue Candle"},{"floor":9,"key":"Toolbox"},{"floor":11,"key":"Blood Vial"},{"floor":23,"key":"Art of War"},{"floor":26,"key":"Singing Bowl"},{"floor":30,"key":"Shovel"}],"event_choices":[{"event_name":"The Cleric","player_choice":"Card Removal","floor":2,"damage_taken":0},{"event_name":"Living Wall","player_choice":"Grow","floor":4,"damage_taken":0},{"event_name":"Big Fish","player_choice":"Box","floor":5,"damage_taken":0},{"event_name":"The Woman in Blue","player_choice":"Bought 3 Potions","floor":20,"damage_taken":0},{"event_name":"Wheel of Change","player_choice":"Relic","floor":22,"damage_taken":0},{"event_name":"The Lab","player_choice":"Got Potions","floor":24,"damage_taken":0}],"boss_relics":[{"not_picked":["Runic Cube","Philosopher\u0027s Stone"],"picked":"Lizard Tail"}],"items_purged_floors":[21],"potions_floor_spawned":[3,7,13,14,18,30,31],"seed_played":"-2401864916694009864","killed_by":"Champ","ascension_level":8,"potions_obtained":[{"floor":3,"key":"Poison Potion"},{"floor":7,"key":"SpeedPotion"},{"floor":13,"key":"LiquidBronze"},{"floor":14,"key":"SkillPotion"},{"floor":18,"key":"Explosive Potion"},{"floor":20,"key":"Block Potion"},{"floor":20,"key":"AttackPotion"},{"floor":20,"key":"Strength Potion"},{"floor":24,"key":"BloodPotion"},{"floor":24,"key":"GamblersBrew"},{"floor":24,"key":"SneckoOil"},{"floor":30,"key":"BloodPotion"},{"floor":31,"key":"EssenceOfSteel"}],"is_trial":false}