{"gold_per_floor":[116,130,143,143,143,169,169,197,223,373,405,405,418,35,35,134,134,194,244,27,42,97,97,150,150,150,75,143,181,260,302,302,374,374,384,384,427,139,181,231,231,258,312,312,346,414,414,456,456,506,556,556,556,118,149,149],"floor_reached":57,"playtime":3674,"items_purged":["Doubt","Strike_B","Defend_B","Defend_B"],"score":2771,"play_id":"d707ea2f-0b8f-4c1a-872e-bd9c328eaf46","local_time":"20190209112409","is_ascension_mode":true,"campfire_choices":[{"data":"Sunder","floor":7,"key":"SMITH"},{"floor":12,"key":"REST"},{"data":"HandOfGreed","floor":15,"key":"SMITH"},{"data":"Defragment","floor":23,"key":"SMITH"},{"data":"Beam Cell","floor":25,"key":"SMITH"},{"data":"Loop","floor":32,"key":"SMITH"},{"data":"Blizzard","floor":41,"key":"SMITH"},{"floor":49,"key":"RECALL"},{"data":"Sunder","floor":53,"key":"SMITH"}],"neow_cost":"NONE","seed_source_timestamp":317931374817000,"circlet_count":0,"master_deck":["AscendersBane","Strike_B+1","Strike_B+1","Defend_B","Defend_B","Zap+1","Dualcast+1","Sunder+1","Consume+1","Beam Cell+1","Glacier","HandOfGreed+1","Electrodynamics","Glacier+1","All For One","Defragment+1","Loop+1","Echo Form","Glacier+1","Amplify","Consume+1","Bandage Up","Discovery","Coolheaded","Panacea","Sunder+1","Blizzard+1","Echo Form","Writhe","Loop+1","Force Field"],"relics":["Cracked Core","NeowsBlessing","Anchor","Lantern","Bag of Marbles","Whetstone","Membership Card","Snecko Eye","Ancient Tea Set","Red Mask","War Paint","Blue Candle","Strawberry","Lizard Tail","Bronze Scales","Centennial Puzzle","Happy Flower","Frozen Egg 2","Runic Capacitor","Blood Vial","Du-Vu Doll","Gremlin Horn"],"potions_floor_usage":[8,11,16,16,33,33,40,45,56,56],"damage_taken":[{"damage":0,"enemies":"2 Louse","floor":1,"turns":1},{"damage":0,"enemies":"Small Slimes","floor":2,"turns":1},{"damage":0,"enemies":"Cultist","floor":3,"turns":1},{"damage":20,"enemies":"3 Sentries","floor":6,"turns":7},{"damage":25,"enemies":"Lagavulin","floor":8,"turns":5},{"damage":11,"enemies":"Gremlin Nob","floor":11,"turns":3},{"damage":0,"enemies":"Red Slaver","floor":13,"turns":3},{"damage":17,"enemies":"Slime Boss","floor":16,"turns":6},{"damage":0,"enemies":"3 Byrds","floor":18,"turns":7},{"damage":0,"enemies":"Chosen","floor":21,"turns":2},{"damage":2,"enemies":"Masked Bandits","floor":22,"turns":2},{"damage":2,"enemies":"Book of Stabbing","floor":24,"turns":4},{"damage":0,"enemies":"Centurion and Healer","floor":28,"turns":5},{"damage":0,"enemies":"Snecko","floor":29,"turns":7},{"damage":0,"enemies":"Slavers","floor":30,"turns":4},{"damage":0,"enemies":"Snake Plant","floor":31,"turns":4},{"damage":43,"enemies":"Automaton","floor":33,"turns":11},{"damage":0,"enemies":"Orb Walker","floor":35,"turns":2},{"damage":9,"enemies":"3 Shapes","floor":37,"turns":4},{"damage":5,"enemies":"Maw","floor":39,"turns":8},{"damage":22,"enemies":"Giant Head","floor":40,"turns":11},{"damage":25,"enemies":"Reptomancer","floor":42,"turns":5},{"damage":4,"enemies":"Nemesis","floor":45,"turns":11},{"damage":1,"enemies":"Jaw Worm Horde","floor":46,"turns":6},{"damage":1,"enemies":"Spire Growth","floor":48,"turns":7},{"damage":10,"enemies":"Donu and Deca","floor":50,"turns":12},{"damage":13,"enemies":"Awakened One","floor":51,"turns":18},{"damage":31,"enemies":"Shield and Spear","floor":55,"turns":4},{"damage":23,"enemies":"The Heart","floor":56,"turns":12}],"seed_played":"-3619141258529454559","potions_obtained":[{"floor":2,"key":"Explosive Potion"},{"floor":6,"key":"Weak Potion"},{"floor":8,"key":"AttackPotion"},{"floor":11,"key":"SpeedPotion"},{"floor":21,"key":"Strength Potion"},{"floor":22,"key":"Ancient Potion"},{"floor":28,"key":"SpeedPotion"},{"floor":33,"key":"Dexterity Potion"},{"floor":37,"key":"Dexterity Potion"},{"floor":46,"key":"SpeedPotion"},{"floor":48,"key":"Dexterity Potion"}],"is_trial":false,"path_per_floor":["M","M","M","?","?","E","R","E","T","?","E","R","M","$","R","B",null,"M","?","$","M","?","R","E","R","T","?","M","M","E","M","R","B",null,"M","?","M","$","M","E","R","E","T","?","E","M","?","M","R","B","B",null,"R","$","E","B",null],"character_chosen":"DEFECT","items_purchased":["Membership Card","HandOfGreed","Explosive Potion","Ancient Tea Set","Glacier","All For One","Bronze Scales","Panacea","PowerPotion","SpeedPotion","Sunder","Runic Capacitor","Blood Vial","Du-Vu Doll"],"campfire_rested":1,"item_purchase_floors":[14,14,14,20,20,20,38,38,38,38,38,54,54,54],"current_hp_per_floor":[64,64,64,43,66,46,46,21,21,21,10,31,31,31,31,14,57,57,57,57,57,55,55,53,53,53,53,53,53,60,60,60,17,63,63,53,44,44,43,29,29,4,4,20,24,31,31,38,38,36,31,66,66,66,41,28],"gold":149,"neow_bonus":"THREE_ENEMY_KILL","is_prod":false,"is_daily":false,"chose_seed":false,"campfire_upgraded":7,"win_rate":0,"timestamp":1549679049,"path_taken":["M","M","M","?","?","E","R","E","T","?","E","R","M","$","R","BOSS","M","?","$","M","?","R","E","R","T","?","M","M","E","M","R","BOSS","M","?","M","$","M","E","R","E","T","?","E","M","?","M","R","BOSS","BOSS","R","$","E","BOSS"],"build_version":"2019-01-23","purchased_purges":4,"victory":true,"max_hp_per_floor":[71,71,71,71,71,71,71,71,71,71,71,71,71,71,71,71,71,71,71,71,71,71,71,71,71,71,71,71,71,78,78,78,78,78,78,78,78,78,78,78,78,78,78,78,78,78,78,78,78,78,78,78,78,78,78,78],"card_choices":[{"not_picked":["Stack","Compile Driver"],"picked":"Sunder","floor":1},{"not_picked":["Static Discharge","Tempest","Ball Lightning"],"picked":"SKIP","floor":2},{"not_picked":["Hello World","Leap"],"picked":"Consume","floor":3},{"not_picked":["Force Field","FTL"],"picked":"Beam Cell","floor":6},{"not_picked":["Multi-Cast","Stack","Steam Power"],"picked":"SKIP","floor":8},{"not_picked":["FTL","Sweeping Beam"],"picked":"Glacier","floor":11},{"not_picked":["Recycle","Beam Cell","Storm"],"picked":"SKIP","floor":13},{"not_picked":["Multi-Cast","Buffer"],"picked":"Electrodynamics","floor":16},{"not_picked":["Barrage","Skim","Ball Lightning"],"picked":"SKIP","floor":18},{"not_picked":["Redo+1","Compile Driver"],"picked":"Defragment","floor":21},{"not_picked":["Turbo","Beam Cell+1","Melter"],"picked":"SKIP","floor":24},{"not_picked":["Barrage","Redo","Stack"],"picked":"SKIP","floor":28},{"not_picked":["Redo+1","Compile Driver+1"],"picked":"Loop","floor":29},{"not_picked":["Go for the Eyes","Rebound"],"picked":"Echo Form","floor":30},{"not_picked":["Hologram","Redo"],"picked":"Glacier+1","floor":31},{"not_picked":["Fission","Rainbow"],"picked":"Amplify","floor":33},{"not_picked":["Conserve Battery+1","Chaos"],"picked":"Consume+1","floor":35},{"not_picked":["Deep Breath","Secret Weapon"],"picked":"Bandage Up","floor":36},{"not_picked":["Impatience","Forethought"],"picked":"Discovery","floor":36},{"not_picked":["Ball Lightning","Storm"],"picked":"Coolheaded","floor":37},{"not_picked":["Leap","Gash"],"picked":"Blizzard","floor":39},{"not_picked":["Reprogram","Go for the Eyes","Hologram"],"picked":"SKIP","floor":40},{"not_picked":["Storm","Reprogram+1"],"picked":"Echo Form","floor":42},{"not_picked":["Go for the Eyes+1","Coolheaded+1"],"picked":"Loop","floor":45},{"not_picked":["Leap","Scrape+1"],"picked":"Force Field","floor":46},{"not_picked":["Chaos","Hello World+1","Go for the Eyes"],"picked":"SKIP","floor":48},{"not_picked":["Sweeping Beam","Recycle","Aggregate"],"picked":"SKIP","floor":55}],"player_experience":1470941,"relics_obtained":[{"floor":6,"key":"Anchor"},{"floor":8,"key":"Lantern"},{"floor":9,"key":"Bag of Marbles"},{"floor":11,"key":"Whetstone"},{"floor":22,"key":"Red Mask"},{"floor":24,"key":"War Paint"},{"floor":26,"key":"Blue Candle"},{"floor":30,"key":"Strawberry"},{"floor":40,"key":"Centennial Puzzle"},{"floor":42,"key":"Happy Flower"},{"floor":45,"key":"Frozen Egg 2"},{"floor":55,"key":"Gremlin Horn"}],"event_choices":[{"damage_healed":0,"gold_gain":0,"player_choice":"Entered Light","damage_taken":21,"max_hp_gain":0,"max_hp_loss":0,"event_name":"Shining Light","floor":4,"gold_loss":0,"cards_upgraded":["Dualcast","Zap"]},{"damage_healed":23,"gold_gain":0,"player_choice":"Banana","damage_taken":0,"max_hp_gain":0,"max_hp_loss":0,"event_name":"Big Fish","floor":5,"gold_loss":0},{"damage_healed":0,"gold_gain":150,"player_choice":"AGREE","damage_taken":0,"max_hp_gain":0,"max_hp_loss":0,"event_name":"Liars Game","floor":10,"gold_loss":0,"cards_obtained":["Doubt"]},{"damage_healed":0,"gold_gain":50,"player_choice":"Stole From Cult","damage_taken":0,"max_hp_gain":0,"max_hp_loss":0,"event_name":"Nest","floor":19,"gold_loss":0},{"damage_healed":0,"gold_gain":0,"player_choice":"Fought Bandits","damage_taken":0,"max_hp_gain":0,"max_hp_loss":0,"event_name":"Masked Bandits","floor":22,"gold_loss":0},{"cards_removed":["Strike_B"],"damage_healed":0,"gold_gain":0,"player_choice":"Gave Gold","damage_taken":0,"max_hp_gain":0,"max_hp_loss":0,"event_name":"Beggar","floor":27,"gold_loss":75},{"damage_healed":0,"gold_gain":0,"player_choice":"Memory 3","damage_taken":10,"max_hp_gain":0,"max_hp_loss":0,"event_name":"SensoryStone","floor":36,"gold_loss":0},{"damage_healed":16,"gold_gain":0,"player_choice":"Writhe","damage_taken":0,"max_hp_gain":0,"max_hp_loss":0,"event_name":"Winding Halls","floor":44,"gold_loss":0,"cards_obtained":["Writhe"]},{"damage_healed":0,"gold_gain":0,"player_choice":"0 cards matched","damage_taken":0,"max_hp_gain":0,"max_hp_loss":0,"event_name":"Match and Keep!","floor":47,"gold_loss":0,"cards_obtained":[]}],"is_beta":false,"boss_relics":[{"not_picked":["Velvet Choker","Busted Crown"],"picked":"Snecko Eye"},{"not_picked":["Runic Pyramid","Tiny House"],"picked":"Lizard Tail"}],"items_purged_floors":[14,20,38,54],"is_endless":false,"potions_floor_spawned":[2,6,8,11,21,22,28,33,37,39,46,48],"ascension_level":20}