{"gold_per_floor":[119,119,133,144,144,176,206,206,232,232,266,280,307,327,327,427,427,445,455,199,224,224,224,224,224,248,283,283,318,128,158,158,253,253,272,272,372,372,170,199,199,226,226,226,18,34,64,286,286,286,286,286,31,62,62],"floor_reached":56,"playtime":2288,"items_purged":["Writhe"],"score":1563,"play_id":"24dd1102-2aab-45f1-893b-e6b388743822","local_time":"20181122142025","is_ascension_mode":true,"campfire_choices":[{"data":"Perfected Strike","floor":8.0,"key":"SMITH"},{"data":"Perfected Strike","floor":10.0,"key":"SMITH"},{"data":"Perfected Strike","floor":15.0,"key":"SMITH"},{"data":"Uppercut","floor":23.0,"key":"SMITH"},{"data":"Double Tap","floor":25.0,"key":"SMITH"},{"data":"Offering","floor":32.0,"key":"SMITH"},{"data":"Rage","floor":41,"key":"SMITH"},{"floor":49,"key":"RECALL"},{"data":"Battle Trance","floor":52,"key":"SMITH"}],"neow_cost":"NONE","seed_source_timestamp":1057058848525096,"circlet_count":0,"master_deck":["Strike_R+1","Strike_R+1","Strike_R+1","Strike_R+1","Strike_R+1","Defend_R+1","Defend_R+1","Perfected Strike+1","Wild Strike","Perfected Strike+1","Uppercut+1","Perfected Strike+1","Double Tap+1","Pommel Strike","Offering+1","Twin Strike+1","Wild Strike+1","Pommel Strike+1","Evolve+1","Wild Strike+1","Uppercut+1","Rage+1","Impervious","Battle Trance+1","Madness","Pommel Strike+1","Twin Strike+1","Shrug It Off","Wild Strike+1","Disarm+1","Shrug It Off+1","Flame Barrier+1","Inflame+1","Shrug It Off+1","Twin Strike+1"],"special_seed":0,"relics":["Burning Blood","Boot","Strawberry","Bag of Preparation","Singing Bowl","Juzu Bracelet","Empty Cage","Molten Egg 2","Red Mask","Frozen Egg 2","Regal Pillow","Self Forming Clay","Nloth\u0027s Gift","Calipers","Potion Belt","Philosopher\u0027s Stone","Champion Belt","Happy Flower","Lantern","Toxic Egg 2","Oddly Smooth Stone","Vajra","Pen Nib","Red Skull"],"potions_floor_usage":[33,50,50,50,50,50,50,50,50,55],"damage_taken":[{"damage":4.0,"enemies":"2 Louse","floor":1.0,"turns":3.0},{"damage":13.0,"enemies":"Jaw Worm","floor":3.0,"turns":3.0},{"damage":7.0,"enemies":"Small Slimes","floor":4.0,"turns":2.0},{"damage":25.0,"enemies":"Gremlin Nob","floor":6.0,"turns":4.0},{"damage":18.0,"enemies":"Lagavulin","floor":11.0,"turns":3.0},{"damage":0.0,"enemies":"Exordium Thugs","floor":12.0,"turns":2.0},{"damage":16.0,"enemies":"3 Sentries","floor":13.0,"turns":6.0},{"damage":0.0,"enemies":"3 Louse","floor":14.0,"turns":3.0},{"damage":35.0,"enemies":"The Guardian","floor":16.0,"turns":7.0},{"damage":11.0,"enemies":"3 Byrds","floor":18.0,"turns":3.0},{"damage":12.0,"enemies":"Shell Parasite","floor":19.0,"turns":2.0},{"damage":6.0,"enemies":"Masked Bandits","floor":21.0,"turns":2.0},{"damage":6.0,"enemies":"Gremlin Leader","floor":27.0,"turns":3.0},{"damage":10.0,"enemies":"Book of Stabbing","floor":29.0,"turns":3.0},{"damage":6.0,"enemies":"Gremlin Leader","floor":31.0,"turns":2.0},{"damage":36,"enemies":"Automaton","floor":33,"turns":8},{"damage":6,"enemies":"Orb Walker","floor":35,"turns":1},{"damage":19,"enemies":"Mind Bloom Boss Battle","floor":37,"turns":3},{"damage":16,"enemies":"Giant Head","floor":40,"turns":5},{"damage":6,"enemies":"Nemesis","floor":42,"turns":4},{"damage":6,"enemies":"3 Darklings","floor":46,"turns":2},{"damage":16,"enemies":"Giant Head","floor":47,"turns":2},{"damage":18,"enemies":"Awakened One","floor":50,"turns":9},{"damage":3,"enemies":"Shield and Spear","floor":54,"turns":4},{"damage":60,"enemies":"The Heart","floor":55,"turns":6}],"seed_played":"-300024136208248488","potions_obtained":[{"floor":1.0,"key":"Explosive Potion"},{"floor":6.0,"key":"SkillPotion"},{"floor":12.0,"key":"Dexterity Potion"},{"floor":14.0,"key":"PowerPotion"},{"floor":16.0,"key":"Explosive Potion"},{"floor":18.0,"key":"AttackPotion"},{"floor":37,"key":"EntropicBrew"},{"floor":42,"key":"EssenceOfSteel"},{"floor":54,"key":"LiquidBronze"}],"is_trial":false,"path_per_floor":["M","?","M","M","?","E","?","R","T","R","E","M","E","M","R","B",null,"M","M","$","?","?","R","?","R","T","E","?","E","$","E","R","B",null,"M","?","?","?","$","E","R","E","T","?","$","M","E","?","R","B",null,"R","$","E","B",null],"character_chosen":"IRONCLAD","items_purchased":["Molten Egg 2","Wild Strike+1","Uppercut+1","Rage","Pommel Strike+1","Twin Strike+1","Shrug It Off","Shrug It Off+1","Oddly Smooth Stone","Pen Nib","Inflame+1","Shrug It Off+1"],"campfire_rested":0,"item_purchase_floors":[20,30,30,30,39,39,39,45,45,53,53,53],"current_hp_per_floor":[80,73,66,65,62,50,50,50,50,50,38,44,34,40,40,11,87,84,78,78,78,78,78,78,78,78,78,78,74,74,76,76,46,91,91,80,69,69,69,59,59,59,59,59,59,59,51,51,51,54,95,95,95,95,41],"gold":62,"neow_bonus":"RANDOM_COMMON_RELIC","is_prod":false,"is_daily":false,"chose_seed":false,"campfire_upgraded":8,"win_rate":0,"timestamp":1542867625,"path_taken":["M","?","M","M","?","E","?","R","T","R","E","M","E","M","R","BOSS","M","M","$","?","?","R","?","R","T","E","?","E","?","E","R","BOSS","M","?","?","?","$","E","R","E","T","?","$","M","E","?","R","BOSS","R","$","E","BOSS"],"build_version":"2018-11-15","purchased_purges":1,"victory":true,"max_hp_per_floor":[80,80,80,80,80,87,87,87,87,87,87,87,87,87,87,87,87,89,89,89,89,89,89,89,89,89,89,89,89,89,91,91,91,91,91,91,93,93,93,93,93,93,93,93,93,93,95,95,95,95,95,95,95,95,95],"card_choices":[{"not_picked":["Second Wind","Havoc"],"picked":"Perfected Strike","floor":1.0},{"not_picked":["Thunderclap","Evolve"],"picked":"Wild Strike","floor":3.0},{"not_picked":["Cleave","Armaments"],"picked":"Perfected Strike","floor":4.0},{"not_picked":["Bloodletting","Cleave"],"picked":"Clothesline","floor":6.0},{"not_picked":["Intimidate","Second Wind"],"picked":"Uppercut","floor":11.0},{"not_picked":["Iron Wave","Sword Boomerang"],"picked":"Perfected Strike","floor":12.0},{"not_picked":["Pummel","Feed"],"picked":"Double Tap","floor":13.0},{"not_picked":["Cleave","Twin Strike"],"picked":"Pommel Strike","floor":14.0},{"not_picked":["Demon Form","Immolate"],"picked":"Offering","floor":16.0},{"not_picked":["Dual Wield","Pommel Strike","Clothesline"],"picked":"Singing Bowl","floor":18.0},{"not_picked":["Spot Weakness","Thunderclap+1"],"picked":"Twin Strike+1","floor":19.0},{"not_picked":["Uppercut+1","Headbutt+1"],"picked":"Wild Strike+1","floor":21.0},{"not_picked":["Dark Embrace+1","True Grit+1"],"picked":"Pommel Strike+1","floor":27.0},{"not_picked":["Ghostly Armor","Barricade+1"],"picked":"Evolve+1","floor":29.0},{"not_picked":["Reaper+1","True Grit","Body Slam+1"],"picked":"Singing Bowl","floor":31.0},{"not_picked":["Limit Break","Offering"],"picked":"Impervious","floor":33},{"not_picked":["Warcry","Dual Wield+1"],"picked":"Battle Trance","floor":35},{"not_picked":["Hemokinesis+1","Flex","Fiend Fire+1"],"picked":"Singing Bowl","floor":37},{"not_picked":["Flex","Cleave+1"],"picked":"Wild Strike+1","floor":40},{"not_picked":["Flex+1","Juggernaut+1"],"picked":"Disarm+1","floor":42},{"not_picked":["Anger+1","Bludgeon+1"],"picked":"Flame Barrier+1","floor":46},{"not_picked":["Headbutt+1","Havoc+1","Warcry+1"],"picked":"Singing Bowl","floor":47},{"not_picked":["Dropkick+1","Flame Barrier+1"],"picked":"Twin Strike+1","floor":54}],"player_experience":540715,"relics_obtained":[{"floor":6.0,"key":"Strawberry"},{"floor":11.0,"key":"Singing Bowl"},{"floor":13.0,"key":"Juzu Bracelet"},{"floor":21.0,"key":"Red Mask"},{"floor":26.0,"key":"Regal Pillow"},{"floor":27.0,"key":"Self Forming Clay"},{"floor":29.0,"key":"Calipers"},{"floor":31.0,"key":"Potion Belt"},{"floor":37,"key":"Champion Belt"},{"floor":40,"key":"Happy Flower"},{"floor":42,"key":"Lantern"},{"floor":43,"key":"Toxic Egg 2"},{"floor":47,"key":"Vajra"},{"floor":54,"key":"Red Skull"}],"event_choices":[{"cards_removed":["Defend_R"],"damage_healed":0.0,"max_hp_gain":0.0,"max_hp_loss":0.0,"gold_gain":0.0,"event_name":"Golden Wing","player_choice":"Card Removal","floor":2.0,"gold_loss":0.0,"damage_taken":7.0},{"damage_healed":0.0,"max_hp_gain":0.0,"max_hp_loss":0.0,"gold_gain":0.0,"event_name":"Scrap Ooze","player_choice":"Success","floor":5.0,"gold_loss":0.0,"damage_taken":3.0,"relics_obtained":["Boot"]},{"damage_healed":0.0,"max_hp_gain":0.0,"max_hp_loss":0.0,"gold_gain":30.0,"event_name":"Dead Adventurer","player_choice":"Searched \u00272\u0027 times","floor":7.0,"gold_loss":0.0,"damage_taken":0.0,"relics_obtained":["Bag of Preparation"]},{"damage_healed":0.0,"max_hp_gain":0.0,"max_hp_loss":0.0,"gold_gain":0.0,"event_name":"Masked Bandits","player_choice":"Fought Bandits","floor":21.0,"gold_loss":0.0,"damage_taken":0.0},{"damage_healed":0.0,"max_hp_gain":0.0,"max_hp_loss":0.0,"gold_gain":0.0,"event_name":"Back to Basics","player_choice":"Simplicity","floor":22.0,"gold_loss":0.0,"damage_taken":0.0,"cards_upgraded":["Strike_R","Strike_R","Strike_R","Strike_R","Strike_R","Defend_R","Defend_R","Defend_R"]},{"damage_healed":0.0,"max_hp_gain":0.0,"max_hp_loss":0.0,"gold_gain":0.0,"event_name":"The Mausoleum","player_choice":"Opened","floor":24.0,"gold_loss":0.0,"damage_taken":0.0,"relics_obtained":["Frozen Egg 2"],"cards_obtained":["Writhe"]},{"damage_healed":0.0,"max_hp_gain":0.0,"max_hp_loss":0.0,"gold_gain":0.0,"event_name":"N\u0027loth","player_choice":"Traded Relic","floor":28.0,"relics_lost":["Dream Catcher"],"gold_loss":0.0,"damage_taken":0.0,"relics_obtained":["Nloth\u0027s Gift"]},{"damage_healed":0,"gold_gain":0,"player_choice":"Embrace Madness","damage_taken":11,"max_hp_gain":0,"max_hp_loss":0,"event_name":"Winding Halls","floor":36,"gold_loss":0,"cards_obtained":["Madness","Madness"]},{"damage_healed":0,"gold_gain":0,"player_choice":"Fight","damage_taken":0,"max_hp_gain":0,"max_hp_loss":0,"event_name":"MindBloom","floor":37,"gold_loss":0},{"cards_removed":["Defend_R"],"damage_healed":0,"gold_gain":0,"player_choice":"Removed Skill","damage_taken":0,"max_hp_gain":0,"max_hp_loss":0,"event_name":"Falling","floor":38,"gold_loss":0},{"cards_removed":["Madness"],"damage_healed":0,"gold_gain":0,"player_choice":"Purged","damage_taken":0,"max_hp_gain":0,"max_hp_loss":0,"event_name":"Purifier","floor":44,"gold_loss":0},{"damage_healed":0,"gold_gain":222,"player_choice":"Wore Mask","damage_taken":0,"max_hp_gain":0,"max_hp_loss":0,"event_name":"Tomb of Lord Red Mask","floor":48,"gold_loss":0}],"is_beta":true,"boss_relics":[{"not_picked":["Calling Bell","Tiny House"],"picked":"Empty Cage"},{"not_picked":["Velvet Choker","Pandora\u0027s Box"],"picked":"Philosopher\u0027s Stone"}],"items_purged_floors":[39],"is_endless":false,"potions_floor_spawned":[1,6,12,14,16,18,19,37,42,54],"ascension_level":1}