{"gold_per_floor":[114,114,389,401,425,455,455,455,455,465,491,416,427,445,445,521,521,532,1,13,13,13,13],"floor_reached":23,"playtime":697,"items_purged":["Regret"],"score":498,"play_id":"4a34eb56-19c4-4a15-aa7c-1f543ca31fc2","local_time":"20190416141826","is_ascension_mode":true,"campfire_choices":[{"data":"Loop","floor":8,"key":"SMITH"},{"data":"Self Repair","floor":15,"key":"SMITH"}],"neow_cost":"NONE","seed_source_timestamp":37032595347200,"circlet_count":0,"master_deck":["AscendersBane","Strike_B+1","Defend_B","Defend_B","Defend_B","Defend_B","Zap","Dualcast+1","Loop+1","Compile Driver","Cold Snap","Self Repair+1","Seek","Undo","Conserve Battery","Echo Form","Streamline+1","Core Surge+1","Ball Lightning+1","Rainbow","Genetic Algorithm"],"relics":["Cracked Core","NeowsBlessing","Oddly Smooth Stone","Symbiotic Virus","Dodecahedron","Pantograph","Nunchaku","Astrolabe","DataDisk","Mummified Hand","FaceOfCleric"],"potions_floor_usage":[13,23,23],"damage_taken":[{"damage":0,"enemies":"2 Louse","floor":1,"turns":1},{"damage":0,"enemies":"Cultist","floor":4,"turns":1},{"damage":0,"enemies":"3 Sentries","floor":6,"turns":1},{"damage":2,"enemies":"Jaw Worm","floor":10,"turns":3},{"damage":35,"enemies":"Gremlin Nob","floor":11,"turns":4},{"damage":5,"enemies":"Gremlin Gang","floor":13,"turns":4},{"damage":0,"enemies":"Looter","floor":14,"turns":4},{"damage":32,"enemies":"Hexaghost","floor":16,"turns":10},{"damage":9,"enemies":"Shell Parasite","floor":18,"turns":4},{"damage":35,"enemies":"3 Byrds","floor":20,"turns":4},{"damage":21,"enemies":"Slavers","floor":23,"turns":2}],"seed_played":"1277683585944117762","potions_obtained":[{"floor":1,"key":"Dexterity Potion"},{"floor":4,"key":"SteroidPotion"},{"floor":16,"key":"Explosive Potion"}],"is_trial":false,"path_per_floor":["M","?","?","M","T","E","T","R","T","M","E","$","M","M","R","B",null,"M","$","M","?","?","E"],"character_chosen":"DEFECT","items_purchased":["DataDisk","Mummified Hand","Rainbow"],"campfire_rested":0,"item_purchase_floors":[19,19,19],"current_hp_per_floor":[64,43,43,43,43,43,43,43,43,41,13,13,15,22,22,25,60,61,61,46,26,26,5],"gold":13,"neow_bonus":"THREE_ENEMY_KILL","is_prod":false,"is_daily":false,"chose_seed":false,"campfire_upgraded":2,"win_rate":0,"timestamp":1555391906,"path_taken":["M","?","?","?","?","E","?","R","T","?","E","$","M","M","R","BOSS","M","$","M","?","?","E"],"build_version":"2019-01-23","purchased_purges":1,"victory":false,"max_hp_per_floor":[71,71,71,71,71,71,71,71,71,71,71,71,71,71,71,71,71,71,71,71,76,76,76],"card_choices":[{"not_picked":["Static Discharge","Rip and Tear"],"picked":"Loop","floor":1},{"not_picked":["Redo","Hologram"],"picked":"Compile Driver","floor":4},{"not_picked":["Darkness","Skim"],"picked":"Cold Snap","floor":6},{"not_picked":["Aggregate","Melter"],"picked":"Self Repair","floor":10},{"not_picked":["FTL","Chill"],"picked":"Seek","floor":11},{"not_picked":["Barrage","Steam Power"],"picked":"Undo","floor":13},{"not_picked":["Doom and Gloom","Steam"],"picked":"Conserve Battery","floor":14},{"not_picked":["Core Surge","Seek"],"picked":"Echo Form","floor":16},{"not_picked":["Auto Shields+1","Conserve Battery","Aggregate"],"picked":"SKIP","floor":18},{"not_picked":["Aggregate","BootSequence"],"picked":"Genetic Algorithm","floor":20}],"player_experience":3178903,"relics_obtained":[{"floor":5,"key":"Oddly Smooth Stone"},{"floor":6,"key":"Symbiotic Virus"},{"floor":7,"key":"Dodecahedron"},{"floor":9,"key":"Pantograph"},{"floor":11,"key":"Nunchaku"}],"event_choices":[{"damage_healed":0,"gold_gain":0,"player_choice":"Entered Light","damage_taken":21,"max_hp_gain":0,"max_hp_loss":0,"event_name":"Shining Light","floor":2,"gold_loss":0,"cards_upgraded":["Dualcast","Strike_B"]},{"damage_healed":0,"gold_gain":275,"player_choice":"Desecrate","damage_taken":0,"max_hp_gain":0,"max_hp_loss":0,"event_name":"Golden Shrine","floor":3,"gold_loss":0,"cards_obtained":["Regret"]},{"damage_healed":0,"gold_gain":0,"player_choice":"Shed Blood","damage_taken":25,"max_hp_gain":5,"max_hp_loss":0,"event_name":"Forgotten Altar","floor":21,"gold_loss":0},{"damage_healed":0,"gold_gain":0,"player_choice":"Trade","damage_taken":0,"relics_obtained":["FaceOfCleric"],"max_hp_gain":0,"max_hp_loss":0,"event_name":"FaceTrader","floor":22,"gold_loss":0}],"is_beta":false,"boss_relics":[{"not_picked":["Nuclear Battery","Empty Cage"],"picked":"Astrolabe"}],"items_purged_floors":[12],"is_endless":false,"potions_floor_spawned":[1,4,11,16],"killed_by":"Slavers","ascension_level":20}