{"gold_per_floor":[114,114,11,11,11,11,30,66,66,81,115,115,154,175,175,305,305,323,248,248,273,54,95,113,113,113,113,113,129,149,184,184,304,304,317,227,71,95,120,120,140,140,163,163,163,183,183,125,125,125],"floor_reached":51,"playtime":1512,"items_purged":[],"score":1100,"play_id":"1f8e9459-f772-41d6-b97c-932b12793f56","local_time":"20190216150203","is_ascension_mode":true,"campfire_choices":[{"data":"Streamline","floor":6,"key":"SMITH"},{"data":"Capacitor","floor":15,"key":"SMITH"},{"data":"Defragment","floor":25,"key":"SMITH"},{"data":"Coolheaded","floor":32,"key":"SMITH"},{"data":"Biased Cognition","floor":40,"key":"SMITH"},{"data":"Coolheaded","floor":42,"key":"SMITH"},{"data":"Reinforced Body","floor":44,"key":"SMITH"},{"data":"Echo Form","floor":49,"key":"SMITH"}],"neow_cost":"NONE","seed_source_timestamp":190277753685100,"circlet_count":0,"master_deck":["Strike_B","Strike_B","Defend_B","Defend_B","Defend_B","Zap","Dualcast","Conserve Battery+1","Machine Learning","Streamline+1","Capacitor+1","Chill","Coolheaded+1","Gash","Cold Snap","Echo Form+1","Reboot","Capacitor+1","Defragment+1","Self Repair","Gash","Biased Cognition+1","Cold Snap+1","Coolheaded+1","Reboot","Blizzard+1","Reinforced Body+1"],"relics":["Cracked Core","NeowsBlessing","Golden Idol","Bottled Lightning","FossilizedHelix","Anchor","Bag of Preparation","Omamori","Sozu","Gremlin Horn","DataDisk","Blood Vial","Molten Egg 2","Shuriken","Darkstone Periapt","Cursed Key","Juzu Bracelet","Dream Catcher","Orichalcum"],"potions_floor_usage":[13,50],"damage_taken":[{"damage":0,"enemies":"2 Louse","floor":1,"turns":1},{"damage":0,"enemies":"Jaw Worm","floor":7,"turns":1},{"damage":0,"enemies":"Gremlin Nob","floor":8,"turns":1},{"damage":0,"enemies":"Small Slimes","floor":10,"turns":3},{"damage":9,"enemies":"Lagavulin","floor":11,"turns":6},{"damage":0,"enemies":"Gremlin Nob","floor":13,"turns":4},{"damage":0,"enemies":"Blue Slaver","floor":14,"turns":3},{"damage":0,"enemies":"The Guardian","floor":16,"turns":11},{"damage":4,"enemies":"3 Byrds","floor":18,"turns":6},{"damage":0,"enemies":"Spheric Guardian","floor":21,"turns":3},{"damage":0,"enemies":"Gremlin Leader","floor":23,"turns":8},{"damage":4,"enemies":"3 Cultists","floor":24,"turns":5},{"damage":0,"enemies":"Chosen and Byrds","floor":29,"turns":6},{"damage":0,"enemies":"Shelled Parasite and Fungi","floor":30,"turns":5},{"damage":3,"enemies":"Book of Stabbing","floor":31,"turns":6},{"damage":37,"enemies":"Collector","floor":33,"turns":11},{"damage":0,"enemies":"3 Shapes","floor":35,"turns":5},{"damage":0,"enemies":"Orb Walker","floor":38,"turns":4},{"damage":0,"enemies":"Transient","floor":39,"turns":5},{"damage":0,"enemies":"3 Darklings","floor":41,"turns":4},{"damage":0,"enemies":"Maw","floor":46,"turns":8},{"damage":4,"enemies":"Time Eater","floor":50,"turns":12}],"seed_played":"-1711018598447440740","potions_obtained":[{"floor":1,"key":"Explosive Potion"},{"floor":8,"key":"FearPotion"},{"floor":11,"key":"Weak Potion"},{"floor":16,"key":"Weak Potion"}],"is_trial":false,"path_per_floor":["M","?","$","?","$","R","M","E","T","M","E","?","E","M","R","B",null,"M","?","?","M","$","E","M","R","T","T","?","M","M","E","R","B",null,"M","?","$","M","M","R","M","R","T","R","?","M","?","?","R","B",null],"character_chosen":"DEFECT","items_purchased":["Streamline","Capacitor","DataDisk","Self Repair","Juzu Bracelet"],"campfire_rested":0,"item_purchase_floors":[3,3,22,22,37],"current_hp_per_floor":[68,68,68,68,68,68,68,68,68,68,59,52,52,52,52,52,65,61,61,61,61,61,69,69,69,69,69,69,69,69,66,66,45,63,69,69,69,69,69,69,69,69,69,69,69,69,69,69,69,69],"gold":125,"neow_bonus":"THREE_ENEMY_KILL","is_prod":false,"is_daily":false,"chose_seed":false,"campfire_upgraded":8,"win_rate":0,"timestamp":1550296923,"path_taken":["M","?","$","?","?","R","M","E","T","M","E","?","E","M","R","BOSS","M","?","?","M","?","E","M","R","T","?","?","?","M","E","R","BOSS","M","?","$","M","M","R","M","R","T","R","?","M","?","?","R","BOSS"],"build_version":"2019-01-23","purchased_purges":0,"victory":true,"max_hp_per_floor":[75,75,75,69,69,69,69,69,69,69,69,69,69,69,69,69,69,69,69,69,69,69,69,69,69,69,69,69,69,69,69,69,69,69,69,69,69,69,69,69,69,69,69,69,69,69,69,69,69,69],"card_choices":[{"not_picked":["Compile Driver","Rebound"],"picked":"Conserve Battery","floor":1},{"not_picked":["Conserve Battery","Leap"],"picked":"Chill","floor":7},{"not_picked":["Ball Lightning","Storm"],"picked":"Coolheaded","floor":8},{"not_picked":["Compile Driver","Reinforced Body"],"picked":"Gash","floor":10},{"not_picked":["Skim","Recycle"],"picked":"Cold Snap","floor":11},{"not_picked":["Skim","Stack"],"picked":"Echo Form","floor":13},{"not_picked":["Sweeping Beam","Leap","Heatsinks"],"picked":"SKIP","floor":14},{"not_picked":["Sweeping Beam","Leap","Heatsinks"],"picked":"SKIP","floor":14},{"not_picked":["Multi-Cast","All For One"],"picked":"Reboot","floor":16},{"not_picked":["Ball Lightning","Compile Driver"],"picked":"Capacitor+1","floor":18},{"not_picked":["Streamline","Redo"],"picked":"Defragment","floor":21},{"not_picked":["Conserve Battery","Stack+1"],"picked":"Gash","floor":23},{"not_picked":["Streamline","Go for the Eyes","Melter"],"picked":"SKIP","floor":24},{"not_picked":["Turbo","Force Field+1"],"picked":"Cold Snap+1","floor":29},{"not_picked":["Steam Power+1","Recycle","Self Repair"],"picked":"SKIP","floor":30},{"not_picked":["Steam Power","Storm"],"picked":"Coolheaded","floor":31},{"not_picked":["Multi-Cast","Buffer"],"picked":"Reboot","floor":33},{"not_picked":["Steam","Rip and Tear+1","Stack"],"picked":"SKIP","floor":35},{"not_picked":["Tempest","Skim+1"],"picked":"Blizzard+1","floor":38},{"not_picked":["Redo","Steam Power+1"],"picked":"Reinforced Body","floor":39},{"not_picked":["Steam+1","Ball Lightning+1","Go for the Eyes+1"],"picked":"SKIP","floor":41},{"not_picked":["Auto Shields","Tempest+1"],"picked":"Leap+1","floor":46}],"player_experience":77175,"relics_obtained":[{"floor":8,"key":"Bottled Lightning"},{"floor":9,"key":"FossilizedHelix"},{"floor":11,"key":"Anchor"},{"floor":13,"key":"Omamori"},{"floor":23,"key":"Blood Vial"},{"floor":26,"key":"Molten Egg 2"},{"floor":27,"key":"Shuriken"},{"floor":31,"key":"Darkstone Periapt"},{"floor":43,"key":"Dream Catcher"}],"event_choices":[{"damage_healed":0,"gold_gain":0,"cards_transformed":["Defend_B"],"player_choice":"Change","damage_taken":0,"max_hp_gain":0,"max_hp_loss":0,"event_name":"Living Wall","floor":2,"gold_loss":0,"cards_obtained":["Machine Learning"]},{"damage_healed":0,"gold_gain":0,"player_choice":"Lose Max HP","damage_taken":0,"relics_obtained":["Golden Idol"],"max_hp_gain":0,"max_hp_loss":6,"event_name":"Golden Idol","floor":4,"gold_loss":0},{"damage_healed":0,"gold_gain":0,"player_choice":"Success","damage_taken":7,"relics_obtained":["Bag of Preparation"],"max_hp_gain":0,"max_hp_loss":0,"event_name":"Scrap Ooze","floor":12,"gold_loss":0},{"cards_removed":["Strike_B"],"damage_healed":0,"gold_gain":0,"player_choice":"Gave Gold","damage_taken":0,"max_hp_gain":0,"max_hp_loss":0,"event_name":"Beggar","floor":19,"gold_loss":75},{"damage_healed":0,"gold_gain":0,"player_choice":"Opened","damage_taken":0,"relics_obtained":["Gremlin Horn"],"max_hp_gain":0,"max_hp_loss":0,"event_name":"The Mausoleum","floor":20,"gold_loss":0},{"damage_healed":0,"gold_gain":0,"player_choice":"1 cards matched","damage_taken":0,"max_hp_gain":0,"max_hp_loss":0,"event_name":"Match and Keep!","floor":28,"gold_loss":0,"cards_obtained":["Biased Cognition"]},{"damage_healed":0,"gold_gain":0,"player_choice":"1 cards matched","damage_taken":0,"max_hp_gain":0,"max_hp_loss":0,"event_name":"Match and Keep!","floor":28,"gold_loss":0,"cards_obtained":["Biased Cognition"]},{"cards_removed":["Strike_B"],"damage_healed":0,"gold_gain":0,"player_choice":"Upgrade and Remove","damage_taken":0,"max_hp_gain":0,"max_hp_loss":0,"event_name":"Designer","floor":36,"gold_loss":90,"cards_upgraded":["Conserve Battery"]},{"damage_healed":0,"gold_gain":0,"player_choice":"0 cards matched","damage_taken":0,"max_hp_gain":0,"max_hp_loss":0,"event_name":"Match and Keep!","floor":45,"gold_loss":0,"cards_obtained":[]},{"cards_removed":["Leap"],"damage_healed":0,"gold_gain":0,"player_choice":"Removed Skill","damage_taken":0,"max_hp_gain":0,"max_hp_loss":0,"event_name":"Falling","floor":47,"gold_loss":0},{"damage_healed":0,"gold_gain":0,"player_choice":"Paid Gold","damage_taken":0,"relics_obtained":["Orichalcum"],"max_hp_gain":0,"max_hp_loss":0,"event_name":"WeMeetAgain","floor":48,"gold_loss":58}],"is_beta":false,"boss_relics":[{"not_picked":["Snecko Eye","Astrolabe"],"picked":"Sozu"},{"not_picked":["Coffee Dripper","Busted Crown"],"picked":"Cursed Key"}],"items_purged_floors":[],"is_endless":false,"potions_floor_spawned":[1,8,11,16,21,23,24,31,35,39],"ascension_level":7}