{"gold_per_floor":[109,109,109,123,141,171,136,136,136,153,216,148,148,161,161,161],"floor_reached":16,"playtime":418,"items_purged":[],"score":100,"play_id":"e10325fb-a418-47e6-bed9-6fc1d2e08148","local_time":"20190123183503","is_ascension_mode":false,"campfire_choices":[{"data":"Zap","floor":8,"key":"SMITH"},{"floor":15,"key":"REST"}],"neow_cost":"NONE","seed_source_timestamp":255013757223217,"circlet_count":0,"master_deck":["Strike_B+1","Strike_B","Strike_B","Strike_B","Defend_B","Defend_B","Defend_B+1","Defend_B","Zap+1","Dualcast","Redo","Barrage","Sunder","Barrage","Chill+1"],"relics":["Cracked Core","NeowsBlessing","Ginger","Toxic Egg 2","Gremlin Horn"],"potions_floor_usage":[6,11],"damage_taken":[{"damage":0,"enemies":"Jaw Worm","floor":1,"turns":1},{"damage":0,"enemies":"2 Louse","floor":4,"turns":1},{"damage":0,"enemies":"Cultist","floor":5,"turns":1},{"damage":12,"enemies":"Gremlin Nob","floor":6,"turns":3},{"damage":6,"enemies":"2 Fungi Beasts","floor":10,"turns":3},{"damage":31,"enemies":"Lagavulin Event","floor":11,"turns":5},{"damage":0,"enemies":"3 Louse","floor":14,"turns":2},{"damage":0,"enemies":"Hexaghost","floor":16,"turns":2}],"seed_played":"-1828633728505814891","potions_obtained":[{"floor":1,"key":"PowerPotion"},{"floor":5,"key":"Ancient Potion"}],"is_trial":false,"path_per_floor":["M","?","?","M","M","E","?","R","T","M","?","$","?","M","R","B"],"character_chosen":"DEFECT","items_purchased":["Chill+1"],"campfire_rested":1,"item_purchase_floors":[12],"current_hp_per_floor":[75,60,60,60,60,48,66,66,66,60,29,29,29,29,51,51],"gold":161,"neow_bonus":"THREE_ENEMY_KILL","is_prod":false,"is_daily":false,"chose_seed":false,"campfire_upgraded":1,"win_rate":0,"timestamp":1548261303,"path_taken":["M","?","?","M","?","E","?","R","T","M","?","$","?","M","R","BOSS"],"build_version":"2019-01-17v2","purchased_purges":0,"victory":false,"max_hp_per_floor":[75,75,75,75,75,75,75,75,75,75,75,75,75,75,75,75],"card_choices":[{"not_picked":["Tempest","Lockon","Skim"],"picked":"SKIP","floor":1},{"not_picked":["Sweeping Beam","Stack"],"picked":"Redo","floor":4},{"not_picked":["Beam Cell","Streamline"],"picked":"Barrage","floor":5},{"not_picked":["Beam Cell","Hologram"],"picked":"Sunder","floor":6},{"not_picked":["Turbo+1","Recycle+1","Streamline"],"picked":"SKIP","floor":10},{"not_picked":["Reprogram+1","Coolheaded+1"],"picked":"Barrage","floor":11},{"not_picked":["Sweeping Beam","Coolheaded+1","Blizzard"],"picked":"SKIP","floor":14}],"player_experience":918399,"relics_obtained":[{"floor":6,"key":"Ginger"},{"floor":9,"key":"Toxic Egg 2"},{"floor":11,"key":"Gremlin Horn"}],"event_choices":[{"damage_healed":0,"gold_gain":0,"player_choice":"Entered Light","damage_taken":15,"max_hp_gain":0,"max_hp_loss":0,"event_name":"Shining Light","floor":2,"gold_loss":0,"cards_upgraded":["Strike_B","Defend_B"]},{"damage_healed":0,"gold_gain":0,"player_choice":"Ignored","damage_taken":0,"max_hp_gain":0,"max_hp_loss":0,"event_name":"Purifier","floor":3,"gold_loss":0},{"damage_healed":18,"gold_gain":0,"player_choice":"Healed","damage_taken":0,"max_hp_gain":0,"max_hp_loss":0,"event_name":"The Cleric","floor":7,"gold_loss":35},{"damage_healed":0,"gold_gain":0,"player_choice":"Searched \u00271\u0027 times","damage_taken":0,"max_hp_gain":0,"max_hp_loss":0,"event_name":"Dead Adventurer","floor":11,"gold_loss":0},{"damage_healed":0,"gold_gain":0,"player_choice":"Fled","damage_taken":0,"max_hp_gain":0,"max_hp_loss":0,"event_name":"Scrap Ooze","floor":13,"gold_loss":0}],"is_beta":false,"boss_relics":[],"items_purged_floors":[],"is_endless":false,"potions_floor_spawned":[1,5],"killed_by":"Hexaghost","ascension_level":0}