{"gold_per_floor":[109,109,127,142,154,154,184,211,264,264,274,284,297,7,7,81,81,96,0,0,18,18,18,28,0,24,24,24,41,59,88,88,88],"floor_reached":33,"playtime":8348,"items_purged":["Strike_G"],"score":510,"play_id":"fc0afdf2-4b10-403a-b37e-aec9544f5a83","local_time":"20181121131451","is_ascension_mode":true,"campfire_choices":[{"data":"1","floor":6.0,"key":"LIFT"},{"data":"2","floor":10,"key":"LIFT"},{"data":"3","floor":15,"key":"LIFT"},{"data":"Venomology","floor":23,"key":"SMITH"},{"data":"Cloak And Dagger","floor":27,"key":"SMITH"},{"data":"A Thousand Cuts","floor":32,"key":"SMITH"}],"neow_cost":"PERCENT_DAMAGE","seed_source_timestamp":961058034015986,"circlet_count":0,"master_deck":["AscendersBane","Survivor","Neutralize","Blade Dance","Leg Sweep","Cloak And Dagger","Blade Dance","Blade Dance","Infinite Blades","Venomology+1","Crippling Poison","PiercingWail","Flying Knee","Accuracy","Expertise","Predator","Acrobatics","Blur","Deflect","Bouncing Flask","Dodge and Roll","Cloak And Dagger+1","Ghostly","Ghostly","Ghostly","Ghostly","Ghostly","A Thousand Cuts+1","Bane+1","Noxious Fumes"],"special_seed":0,"relics":["Ring of the Snake","Girya","Blue Candle","Bronze Scales","Oddly Smooth Stone","Pandora\u0027s Box","PreservedInsect","Lantern"],"potions_floor_usage":[8,13,16,18,24,24,24,24,29,30,31,33],"damage_taken":[{"damage":5.0,"enemies":"Small Slimes","floor":1.0,"turns":5.0},{"damage":5.0,"enemies":"Cultist","floor":3.0,"turns":5.0},{"damage":0.0,"enemies":"2 Louse","floor":4.0,"turns":3.0},{"damage":1.0,"enemies":"2 Fungi Beasts","floor":5.0,"turns":4.0},{"damage":25,"enemies":"3 Sentries","floor":8,"turns":15},{"damage":0,"enemies":"Exordium Wildlife","floor":11,"turns":3},{"damage":0,"enemies":"Gremlin Gang","floor":12,"turns":5},{"damage":0,"enemies":"Red Slaver","floor":13,"turns":3},{"damage":6,"enemies":"The Guardian","floor":16,"turns":13},{"damage":31,"enemies":"2 Thieves","floor":18,"turns":4},{"damage":6,"enemies":"Shell Parasite","floor":21,"turns":6},{"damage":15,"enemies":"Sentry and Sphere","floor":24,"turns":7},{"damage":3,"enemies":"Centurion and Healer","floor":29,"turns":6},{"damage":0,"enemies":"Cultist and Chosen","floor":30,"turns":6},{"damage":0,"enemies":"Book of Stabbing","floor":31,"turns":5},{"damage":26,"enemies":"Automaton","floor":33,"turns":6}],"seed_played":"9150362645783502256","potions_obtained":[{"floor":5.0,"key":"SneckoOil"},{"floor":11,"key":"Poison Potion"},{"floor":13,"key":"Poison Potion"},{"floor":18,"key":"Fire Potion"},{"floor":30,"key":"Ancient Potion"}],"is_trial":false,"path_per_floor":["M","?","M","M","M","R","?","E","T","R","M","M","M","$","R","B",null,"M","$","?","M","$","R","M","?","T","R","?","M","M","E","R","B"],"character_chosen":"THE_SILENT","items_purchased":["Infinite Blades","Oddly Smooth Stone","Blur","Deflect"],"campfire_rested":0,"item_purchase_floors":[14,14,19,19],"current_hp_per_floor":[40,40,35,35,34,34,34,9,9,9,9,9,9,9,9,3,53,22,22,22,16,16,16,10,10,10,10,10,7,7,7,7,0],"gold":88,"neow_bonus":"ONE_RARE_RELIC","is_prod":false,"is_daily":false,"chose_seed":false,"campfire_upgraded":3,"win_rate":0,"timestamp":1542777291,"path_taken":["M","?","M","M","?","R","?","E","T","R","M","M","M","$","R","BOSS","M","$","?","?","?","R","M","?","T","R","?","M","M","E","R","BOSS"],"build_version":"2018-11-15","purchased_purges":1,"victory":false,"max_hp_per_floor":[70,70,70,70,70,70,70,70,70,70,70,70,70,70,70,70,70,70,70,70,70,70,70,70,70,70,70,35,35,35,35,35,35],"card_choices":[{"not_picked":["PiercingWail","Dodge and Roll","Slice"],"picked":"SKIP","floor":1.0},{"not_picked":["Outmaneuver","Distraction"],"picked":"Blade Dance","floor":3.0},{"not_picked":["Underhanded Strike","Dagger Throw","Bane"],"picked":"SKIP","floor":4.0},{"not_picked":["Skewer","Flying Knee"],"picked":"Leg Sweep","floor":5.0},{"not_picked":["Choke","Sucker Punch"],"picked":"Cloak And Dagger","floor":8},{"not_picked":["Expertise","Reflex"],"picked":"Blade Dance","floor":11},{"not_picked":["Dash","Acrobatics","Concentrate"],"picked":"SKIP","floor":12},{"not_picked":["Poisoned Stab","Deadly Poison"],"picked":"Blade Dance","floor":13},{"not_picked":["Corpse Explosion","Unload"],"picked":"Venomology","floor":16},{"not_picked":["Sucker Punch","Predator","Flying Knee"],"picked":"SKIP","floor":18},{"not_picked":["Noxious Fumes","PiercingWail"],"picked":"Dodge and Roll","floor":21},{"not_picked":["Sucker Punch","Deadly Poison"],"picked":"Cloak And Dagger","floor":24},{"not_picked":["Prepared","Slice"],"picked":"A Thousand Cuts","floor":29},{"not_picked":["Eviscerate","Dagger Spray"],"picked":"Bane+1","floor":30},{"not_picked":["Slice","Dagger Throw+1"],"picked":"Noxious Fumes","floor":31}],"player_experience":516093,"relics_obtained":[{"floor":8,"key":"Blue Candle"},{"floor":9,"key":"Bronze Scales"},{"floor":26,"key":"PreservedInsect"},{"floor":31,"key":"Lantern"}],"event_choices":[{"cards_removed":["Defend_G"],"damage_healed":0.0,"max_hp_gain":0.0,"max_hp_loss":0.0,"gold_gain":0.0,"event_name":"Bonfire Elementals","player_choice":"Offered Basic","floor":2.0,"gold_loss":0.0,"damage_taken":0.0},{"damage_healed":0.0,"max_hp_gain":0.0,"max_hp_loss":0.0,"gold_gain":30.0,"event_name":"Dead Adventurer","player_choice":"Searched \u00271\u0027 times","floor":7.0,"gold_loss":0.0,"damage_taken":0.0},{"damage_healed":0,"gold_gain":0,"cards_transformed":["Crippling Poison"],"player_choice":"Transformed","damage_taken":0,"max_hp_gain":0,"max_hp_loss":0,"event_name":"Transmorgrifier","floor":20,"gold_loss":0,"cards_obtained":["Bouncing Flask"]},{"damage_healed":0,"gold_gain":0,"player_choice":"Paid Fearfully","damage_taken":0,"max_hp_gain":0,"max_hp_loss":0,"event_name":"Masked Bandits","floor":25,"gold_loss":28},{"damage_healed":0,"gold_gain":0,"player_choice":"Became a Ghost","damage_taken":0,"max_hp_gain":0,"max_hp_loss":35,"event_name":"Ghosts","floor":28,"gold_loss":0,"cards_obtained":["Ghostly","Ghostly","Ghostly","Ghostly","Ghostly"]}],"is_beta":true,"boss_relics":[{"not_picked":["Calling Bell","Fusion Hammer"],"picked":"Pandora\u0027s Box"}],"items_purged_floors":[14],"is_endless":false,"potions_floor_spawned":[5,11,13,18,30],"killed_by":"Automaton","ascension_level":13}