{"gold_per_floor":[111,111,121,121,46,109,129,163,163,177,177,177,210,260,260,333,333,316,327,341,353,21,21,21,46,46,46,56,56,81,92,92,193,193,232,245,260,280,28,28,28,44,126,0,0,0,0,0,0,0],"floor_reached":50,"playtime":2926,"items_purged":["Pain"],"score":944,"play_id":"8a2b6287-426b-4db8-826c-5a047aca4dea","local_time":"20181111162236","is_ascension_mode":true,"campfire_choices":[{"data":"White Noise","floor":11.0,"key":"SMITH"},{"floor":15.0,"key":"REST"},{"floor":23.0,"key":"REST"},{"data":"Fission","floor":29.0,"key":"SMITH"},{"data":"Redo","floor":32.0,"key":"SMITH"},{"floor":40.0,"key":"REST"},{"floor":45.0,"key":"REST"},{"floor":47.0,"key":"REST"},{"data":"Thinking Ahead","floor":49.0,"key":"SMITH"}],"neow_cost":"NONE","seed_source_timestamp":1022569283586557,"circlet_count":0,"master_deck":["AscendersBane","Strike_B","Strike_B","Strike_B","Defend_B","Defend_B","Defend_B","Zap","Dualcast","White Noise+1","Self Repair","Chaos","Electrodynamics","Force Field","Electrodynamics","Fission+1","Compile Driver+1","Self Repair","Blizzard+1","Ball Lightning+1","Magnetism","Heatsinks+1","Hologram","Amplify","Redo+1","Echo Form","Sunder+1","Turbo+1","Compile Driver+1","Compile Driver+1","Chaos","Ball Lightning+1","Redo+1","Loop","Core Surge+1","Redo","Madness","Thinking Ahead+1","Trip"],"special_seed":0,"relics":["FrozenCore","NeowsBlessing","WarpedTongs","Tiny Chest","Mummified Hand","Cables","StoneCalendar","Molten Egg 2","Bronze Scales","Incense Burner","Gremlin Horn","Turnip","Dodecahedron","Astrolabe","Matryoshka","Red Mask","PreservedInsect","Smiling Mask"],"potions_floor_usage":[50,50],"damage_taken":[{"damage":0.0,"enemies":"Small Slimes","floor":1.0,"turns":1.0},{"damage":0.0,"enemies":"Jaw Worm","floor":3.0,"turns":1.0},{"damage":0.0,"enemies":"3 Sentries","floor":6.0,"turns":1.0},{"damage":0.0,"enemies":"Cultist","floor":7.0,"turns":4.0},{"damage":18.0,"enemies":"Gremlin Nob","floor":8.0,"turns":3.0},{"damage":0.0,"enemies":"Exordium Wildlife","floor":10.0,"turns":3.0},{"damage":25.0,"enemies":"Lagavulin","floor":13.0,"turns":5.0},{"damage":31.0,"enemies":"Hexaghost","floor":16.0,"turns":7.0},{"damage":23.0,"enemies":"2 Thieves","floor":18.0,"turns":4.0},{"damage":10.0,"enemies":"Chosen","floor":19.0,"turns":4.0},{"damage":8.0,"enemies":"3 Cultists","floor":20.0,"turns":5.0},{"damage":12.0,"enemies":"Snecko","floor":21.0,"turns":4.0},{"damage":28.0,"enemies":"Gremlin Leader","floor":25.0,"turns":5.0},{"damage":0.0,"enemies":"Centurion and Healer","floor":28.0,"turns":3.0},{"damage":23.0,"enemies":"Book of Stabbing","floor":30.0,"turns":4.0},{"damage":0.0,"enemies":"Shelled Parasite and Fungi","floor":31.0,"turns":2.0},{"damage":28.0,"enemies":"Champ","floor":33.0,"turns":9.0},{"damage":23.0,"enemies":"Orb Walker","floor":35.0,"turns":4.0},{"damage":0.0,"enemies":"3 Shapes","floor":36.0,"turns":2.0},{"damage":29.0,"enemies":"Maw","floor":37.0,"turns":6.0},{"damage":4.0,"enemies":"Sphere and 2 Shapes","floor":38.0,"turns":2.0},{"damage":38.0,"enemies":"Transient","floor":42.0,"turns":5.0},{"damage":86,"enemies":"Donu and Deca","floor":50,"turns":4}],"seed_played":"8539584898009884589","potions_obtained":[{"floor":3.0,"key":"Poison Potion"},{"floor":7.0,"key":"SteroidPotion"},{"floor":8.0,"key":"SteroidPotion"},{"floor":10.0,"key":"EntropicBrew"},{"floor":13.0,"key":"FocusPotion"},{"floor":19.0,"key":"SteroidPotion"},{"floor":21.0,"key":"SteroidPotion"},{"floor":25.0,"key":"PowerPotion"},{"floor":33.0,"key":"Poison Potion"},{"floor":42.0,"key":"Energy Potion"}],"is_trial":false,"path_per_floor":["M","?","M","?","$","E","M","E","T","M","R","T","E","?","R","B",null,"M","M","M","M","$","R","?","E","T","?","M","R","E","M","R","B",null,"M","M","M","M","$","R","?","M","T","?","R","?","R","T","R","B"],"character_chosen":"DEFECT","items_purchased":["Magnetism","Bronze Scales","Loop","Core Surge+1","SkillPotion"],"campfire_rested":5,"item_purchase_floors":[22,22,39,39,39],"current_hp_per_floor":[64,64,64,64,64,64,71,60,60,70,70,70,52,52,71,47,65,49,49,55,57,57,71,71,57,57,57,71,71,68,71,71,57,68,66,71,63,59,59,71,71,47,47,47,68,58,71,71,71,0],"gold":0,"neow_bonus":"THREE_ENEMY_KILL","is_prod":false,"is_daily":false,"chose_seed":false,"campfire_upgraded":4,"win_rate":0,"timestamp":1541946156,"path_taken":["M","?","M","?","$","E","?","E","T","M","R","?","E","?","R","BOSS","M","M","?","M","$","R","?","E","T","?","M","R","E","M","R","BOSS","M","M","?","M","$","R","?","?","T","?","R","?","R","?","R","BOSS"],"build_version":"2018-11-08","purchased_purges":1,"victory":false,"max_hp_per_floor":[71,71,71,71,71,71,71,71,71,71,71,71,71,71,71,71,71,71,71,71,71,71,71,71,71,71,71,71,71,71,71,71,71,71,71,71,71,71,71,71,71,71,71,71,71,71,71,71,71,71],"card_choices":[{"not_picked":["Stack","Leap"],"picked":"Coolheaded","floor":1.0},{"not_picked":["Leap","Cold Snap"],"picked":"White Noise","floor":3.0},{"not_picked":["Compile Driver","Turbo"],"picked":"Self Repair","floor":6.0},{"not_picked":["Rebound","Gash"],"picked":"Chaos","floor":7.0},{"not_picked":["Beam Cell","Melter"],"picked":"Electrodynamics","floor":8.0},{"not_picked":["Gash","Barrage"],"picked":"Force Field","floor":10.0},{"not_picked":["Rebound","Turbo"],"picked":"Electrodynamics","floor":13.0},{"not_picked":["Core Surge+1","Seek"],"picked":"Fission","floor":16.0},{"not_picked":["Beam Cell+1","Rip and Tear+1"],"picked":"Compile Driver+1","floor":18.0},{"not_picked":["Fusion","Compile Driver+1"],"picked":"Self Repair","floor":19.0},{"not_picked":["Leap","Gash+1"],"picked":"Blizzard+1","floor":20.0},{"not_picked":["Redo","Glacier"],"picked":"Ball Lightning+1","floor":21.0},{"not_picked":["Tempest","Scrape+1"],"picked":"Heatsinks+1","floor":25.0},{"not_picked":["Beam Cell+1","Stack"],"picked":"Hologram","floor":28.0},{"not_picked":["Leap+1","Cold Snap+1"],"picked":"Amplify","floor":30.0},{"not_picked":["Undo","Rip and Tear+1"],"picked":"Redo","floor":31.0},{"not_picked":["Meteor Strike+1","Seek"],"picked":"Echo Form","floor":33.0},{"not_picked":["Conserve Battery","Redo"],"picked":"Compile Driver+1","floor":35.0},{"not_picked":["Leap","Steam"],"picked":"Chaos","floor":36.0},{"not_picked":["Stack","Turbo"],"picked":"Ball Lightning+1","floor":37.0},{"not_picked":["Go for the Eyes+1","Stack+1"],"picked":"Redo+1","floor":38.0},{"not_picked":["Gash+1","Chaos"],"picked":"Redo","floor":42.0},{"not_picked":["Dramatic Entrance+1","Bandage Up"],"picked":"Madness","floor":46.0},{"not_picked":["Blind","Dramatic Entrance+1"],"picked":"Thinking Ahead","floor":46.0},{"not_picked":["PanicButton","Mind Blast+1"],"picked":"Trip","floor":46.0}],"player_experience":763698,"relics_obtained":[{"floor":6.0,"key":"Tiny Chest"},{"floor":8.0,"key":"Mummified Hand"},{"floor":9.0,"key":"Cables"},{"floor":12.0,"key":"StoneCalendar"},{"floor":13.0,"key":"Molten Egg 2"},{"floor":25.0,"key":"Incense Burner"},{"floor":26.0,"key":"Gremlin Horn"},{"floor":27.0,"key":"Turnip"},{"floor":30.0,"key":"Dodecahedron"},{"floor":43.0,"key":"Matryoshka"},{"floor":48.0,"key":"PreservedInsect"},{"floor":48.0,"key":"Smiling Mask"}],"event_choices":[{"damage_healed":0.0,"max_hp_gain":0.0,"max_hp_loss":0.0,"gold_gain":0.0,"event_name":"Golden Wing","player_choice":"Ignored","floor":2.0,"gold_loss":0.0,"damage_taken":0.0},{"damage_healed":0.0,"max_hp_gain":0.0,"max_hp_loss":0.0,"gold_gain":0.0,"event_name":"Accursed Blacksmith","player_choice":"Rummage","floor":4.0,"gold_loss":0.0,"damage_taken":0.0,"relics_obtained":["WarpedTongs"],"cards_obtained":["Pain"]},{"damage_healed":0.0,"max_hp_gain":0.0,"max_hp_loss":0.0,"gold_gain":50.0,"event_name":"Golden Shrine","player_choice":"Pray","floor":14.0,"gold_loss":0.0,"damage_taken":0.0},{"damage_healed":0.0,"max_hp_gain":0.0,"max_hp_loss":0.0,"gold_gain":0.0,"event_name":"The Mausoleum","player_choice":"Ignored","floor":24.0,"gold_loss":0.0,"damage_taken":0.0},{"damage_healed":0.0,"max_hp_gain":0.0,"max_hp_loss":0.0,"gold_gain":0.0,"event_name":"Wheel of Change","player_choice":"Relic","floor":27.0,"gold_loss":0.0,"damage_taken":0.0},{"damage_healed":0.0,"max_hp_gain":0.0,"max_hp_loss":0.0,"gold_gain":0.0,"event_name":"Lab","player_choice":"Got Potions","floor":41.0,"gold_loss":0.0,"damage_taken":0.0},{"damage_healed":0.0,"max_hp_gain":0.0,"max_hp_loss":0.0,"gold_gain":0.0,"event_name":"Tomb of Lord Red Mask","player_choice":"Paid","floor":44.0,"gold_loss":126.0,"damage_taken":0.0,"relics_obtained":["Red Mask"]},{"damage_healed":0.0,"max_hp_gain":0.0,"max_hp_loss":0.0,"gold_gain":0.0,"event_name":"SensoryStone","player_choice":"Memory 3","floor":46.0,"gold_loss":0.0,"damage_taken":10.0}],"is_beta":false,"boss_relics":[{"not_picked":["Snecko Eye","Runic Dome"],"picked":"FrozenCore"},{"not_picked":["Cursed Key","Velvet Choker"],"picked":"Astrolabe"}],"items_purged_floors":[5],"is_endless":false,"potions_floor_spawned":[3,7,8,10,13,19,21,25,33,42],"killed_by":"Donu and Deca","ascension_level":15}