{"path_per_floor":["M","M","?","M","$","R","E","R","T","R","E","?","M","E","R","B",null,"M","$","?","M","?","R","E","$","T","R","T","R","?","M","R","B",null,"M","M","?","$","?","R","E","?","T"],"character_chosen":"IRONCLAD","items_purchased":["Vajra","Rupture","Offering","Strength Potion","Apotheosis"],"gold_per_floor":[214,233,408,420,7,7,40,40,66,66,129,129,146,176,176,280,280,296,91,91,105,105,105,133,58,84,84,84,84,84,94,94,194,224,244,262,0,0,0,0,26,26,79,79],"floor_reached":44,"campfire_rested":2,"playtime":2375,"current_hp_per_floor":[72,69,69,68,68,68,70,70,70,70,64,64,62,57,83,73,84,56,56,85,78,78,78,70,70,70,100,100,100,100,74,74,9,83,69,38,38,38,93,93,82,77,77,0],"items_purged":["Doubt"],"gold":79,"score":666,"play_id":"74a0f6bf-dc5e-46e0-a52e-07d7e6008617","local_time":"20180426205434","is_prod":false,"is_daily":false,"chose_seed":false,"is_ascension_mode":true,"campfire_upgraded":7,"timestamp":1524765274,"path_taken":["M","M","?","?","$","R","E","R","T","R","E","?","M","E","R","BOSS","M","$","?","?","?","R","E","$","T","R","?","R","?","M","R","BOSS","M","M","?","$","?","R","E","?","T","E"],"build_version":"2018-04-19","seed_source_timestamp":358037158283835,"purchased_purges":1,"victory":false,"master_deck":["Strike_R","Strike_R","Strike_R","Strike_R","Defend_R","Defend_R","Defend_R","Defend_R","Bash","Spot Weakness+1","Iron Wave","Rupture+1","Offering+1","Cleave+1","Infernal Blade+1","Corruption","Inflame","Demon Form+1","Infernal Blade","Apotheosis+1","Dual Wield+1","Hemokinesis","Offering+1","Cleave+1","Heavy Blade+1","Blind","Dark Shackles"],"max_hp_per_floor":[80,80,80,80,80,80,80,80,80,80,80,80,80,87,87,87,87,87,87,87,87,87,87,101,101,101,101,101,101,101,101,101,101,106,106,106,106,106,93,93,93,93,93,93],"relics":["Burning Blood","Vajra","Bag of Preparation","Orichalcum","Tiny Chest","Strawberry","Black Star","Mango","Torii","Juzu Bracelet","Pantograph","Smiling Mask","Tiny House","Red Mask","Dodecahedron","Gremlin Horn","Prayer Wheel"],"card_choices":[{"not_picked":["Shockwave","Shrug It Off"],"picked":"Spot Weakness","floor":1},{"not_picked":["Clothesline","Headbutt"],"picked":"Iron Wave","floor":4},{"not_picked":["Sentinel","Pummel"],"picked":"Cleave","floor":7},{"not_picked":["True Grit","Cleave"],"picked":"Infernal Blade","floor":11},{"not_picked":["Disarm","Twin Strike"],"picked":"Inflame","floor":13},{"not_picked":["Immolate","Exhume"],"picked":"Demon Form","floor":16},{"not_picked":["Perfected Strike","Blood for Blood"],"picked":"Infernal Blade","floor":18},{"not_picked":["Pommel Strike","Wild Strike"],"picked":"Dual Wield","floor":24},{"not_picked":["Feel No Pain","Havoc"],"picked":"Hemokinesis","floor":31},{"not_picked":["Feed","Juggernaut"],"picked":"Offering","floor":33},{"not_picked":["Whirlwind","True Grit"],"picked":"Cleave","floor":34},{"not_picked":["Wild Strike","Headbutt"],"picked":"Heavy Blade","floor":41},{"not_picked":["Master of Strategy","Deep Breath"],"picked":"Blind","floor":42},{"not_picked":["Panacea","Bandage Up"],"picked":"Dark Shackles","floor":42}],"player_experience":372350,"potions_floor_usage":[7,7,11,18,21,24,33,35],"damage_taken":[{"damage":6,"enemies":"Cultist","floor":1,"turns":4},{"damage":9,"enemies":"2 Louse","floor":2,"turns":3},{"damage":7,"enemies":"Jaw Worm","floor":4,"turns":3},{"damage":4,"enemies":"Gremlin Nob","floor":7,"turns":2},{"damage":12,"enemies":"3 Sentries","floor":11,"turns":4},{"damage":8,"enemies":"Red Slaver","floor":13,"turns":2},{"damage":18,"enemies":"Lagavulin","floor":14,"turns":4},{"damage":16,"enemies":"Slime Boss","floor":16,"turns":6},{"damage":34,"enemies":"Chosen","floor":18,"turns":5},{"damage":13,"enemies":"Shell Parasite","floor":21,"turns":3},{"damage":28,"enemies":"Gremlin Leader","floor":24,"turns":8},{"damage":32,"enemies":"Snecko","floor":31,"turns":4},{"damage":96,"enemies":"Collector","floor":33,"turns":9},{"damage":20,"enemies":"3 Darklings","floor":35,"turns":3},{"damage":37,"enemies":"Orb Walker","floor":36,"turns":4},{"damage":17,"enemies":"2 Orb Walkers","floor":41,"turns":2},{"damage":102,"enemies":"Giant Head","floor":44,"turns":7}],"event_choices":[{"event_name":"Liars Game","player_choice":"agreed","floor":3,"damage_taken":0},{"event_name":"Transmorgrifier","player_choice":"Transform","floor":12,"damage_taken":0},{"event_name":"The Library","player_choice":"Heal","floor":20,"damage_taken":0},{"event_name":"Ghosts","player_choice":"Ignored","floor":22,"damage_taken":0},{"event_name":"The Mausoleum","player_choice":"Yes","floor":30,"damage_taken":0},{"event_name":"Tomb of Lord Red Mask","player_choice":"Paid","floor":37,"damage_taken":0},{"event_name":"The Moai Head","player_choice":"Heal","floor":39,"damage_taken":0},{"event_name":"SensoryStone","player_choice":"Memory 2","floor":42,"damage_taken":0}],"boss_relics":[{"not_picked":["Velvet Choker","Runic Cube"],"picked":"Black Star"},{"not_picked":["Runic Pyramid","White Beast Statue"],"picked":"Tiny House"}],"potions_floor_spawned":[1,4,14,16,18,31,33,36],"seed_played":"5454439028149955897","killed_by":"Giant Head","ascension_level":7,"is_trial":false}