{"gold_per_floor":[115,115,265,33,33,64,64,98,173,173,198,198,237,255,255,255],"floor_reached":16,"playtime":216,"items_purged":["Doubt"],"score":328,"play_id":"b6e8f336-137f-434e-be0f-9e8d16d284d3","local_time":"20190327194500","is_ascension_mode":true,"campfire_choices":[{"data":"Lockon","floor":10,"key":"SMITH"},{"data":"Zap","floor":12,"key":"SMITH"},{"data":"Barrage","floor":15,"key":"SMITH"}],"neow_cost":"NONE","seed_source_timestamp":62361019869300,"circlet_count":0,"master_deck":["AscendersBane","Strike_B","Strike_B","Strike_B","Strike_B","Defend_B","Defend_B","Defend_B","Zap+1","Dualcast","Conserve Battery","Seek","Recycle","Lockon+1","White Noise","Barrage+1"],"relics":["Cracked Core","NeowsBlessing","Juzu Bracelet","Golden Idol","Shuriken","Art of War","Pantograph","PreservedInsect","Bronze Scales"],"potions_floor_usage":[13,16],"damage_taken":[{"damage":0,"enemies":"Small Slimes","floor":1,"turns":1},{"damage":0,"enemies":"Lagavulin","floor":6,"turns":1},{"damage":0,"enemies":"3 Sentries","floor":8,"turns":1},{"damage":10,"enemies":"Gremlin Nob","floor":13,"turns":3},{"damage":5,"enemies":"2 Louse","floor":14,"turns":2},{"damage":24,"enemies":"Slime Boss","floor":16,"turns":6}],"seed_played":"8418708133110424491","potions_obtained":[{"floor":1,"key":"Dexterity Potion"},{"floor":6,"key":"SteroidPotion"}],"is_trial":false,"path_per_floor":["M","?","?","$","?","E","$","E","T","R","T","R","E","M","R","B"],"character_chosen":"DEFECT","items_purchased":["Juzu Bracelet"],"campfire_rested":0,"item_purchase_floors":[4],"current_hp_per_floor":[64,64,64,64,40,40,40,40,40,40,40,40,30,25,25,26],"gold":255,"neow_bonus":"THREE_ENEMY_KILL","is_prod":false,"is_daily":false,"chose_seed":false,"campfire_upgraded":3,"win_rate":0,"timestamp":1553683500,"path_taken":["M","?","?","$","?","E","$","E","T","R","?","R","E","M","R","BOSS"],"build_version":"2019-01-23","purchased_purges":1,"victory":false,"max_hp_per_floor":[71,71,71,71,71,71,71,71,71,71,71,71,71,71,71,71],"card_choices":[{"not_picked":["Reinforced Body","Blizzard"],"picked":"Conserve Battery","floor":1},{"not_picked":["Redo","Beam Cell"],"picked":"Recycle","floor":6},{"not_picked":["Scrape","Redo"],"picked":"Lockon","floor":8},{"not_picked":["Redo","Chaos"],"picked":"White Noise","floor":13},{"not_picked":["Stack","Blizzard"],"picked":"Barrage","floor":14}],"player_experience":2643242,"relics_obtained":[{"floor":6,"key":"Shuriken"},{"floor":8,"key":"Art of War"},{"floor":9,"key":"Pantograph"},{"floor":11,"key":"PreservedInsect"},{"floor":13,"key":"Bronze Scales"}],"event_choices":[{"damage_healed":0,"gold_gain":0,"cards_transformed":["Defend_B"],"player_choice":"Change","damage_taken":0,"max_hp_gain":0,"max_hp_loss":0,"event_name":"Living Wall","floor":2,"gold_loss":0,"cards_obtained":["Seek"]},{"damage_healed":0,"gold_gain":150,"player_choice":"AGREE","damage_taken":0,"max_hp_gain":0,"max_hp_loss":0,"event_name":"Liars Game","floor":3,"gold_loss":0,"cards_obtained":["Doubt"]},{"damage_healed":0,"gold_gain":0,"player_choice":"Take Damage","damage_taken":24,"relics_obtained":["Golden Idol"],"max_hp_gain":0,"max_hp_loss":0,"event_name":"Golden Idol","floor":5,"gold_loss":0}],"is_beta":false,"boss_relics":[],"items_purged_floors":[4],"is_endless":false,"potions_floor_spawned":[1,6],"killed_by":"Slime Boss","ascension_level":20}