{"path_per_floor":["M","M","M","M","M","R","$","R","T","M","R","E","M","?","R"],"character_chosen":"DEFECT","items_purchased":["Singing Bowl"],"gold_per_floor":[115,129,141,154,172,172,29,29,55,70,70,103,113,176,176,176],"floor_reached":16,"campfire_rested":1,"playtime":1025,"current_hp_per_floor":[68,67,60,54,49,49,49,49,56,43,43,11,11,3,28,0],"items_purged":[],"gold":176,"score":135,"play_id":"3159a6d0-570b-42ec-8519-e046aa013813","local_time":"20180514192517","is_prod":false,"is_daily":false,"chose_seed":false,"is_ascension_mode":true,"campfire_upgraded":3,"timestamp":1526297117,"path_taken":["M","M","?","M","?","R","$","R","T","M","R","E","?","?","R","BOSS"],"build_version":"2018-05-12v2","seed_source_timestamp":270043854020962,"purchased_purges":0,"victory":false,"master_deck":["Strike_B","Strike_B","Strike_B","Strike_B","Defend_B","Defend_B","Defend_B","Defend_B","Zap+1","Dualcast","Loop+1","Conserve Battery","Redo+1","Auto Shields","Reboot","Reinforced Body"],"max_hp_per_floor":[75,75,75,75,75,75,75,75,82,84,84,84,84,84,84,84],"relics":["Nuclear Battery","Singing Bowl","Strawberry","Prayer Wheel","Art of War"],"card_choices":[{"not_picked":["Impulse","Cold Snap"],"picked":"Loop","floor":1},{"not_picked":["Undo","Go for the Eyes"],"picked":"Conserve Battery","floor":2},{"not_picked":["Static Discharge","Genetic Algorithm","Barrage"],"picked":"SKIP","floor":3},{"not_picked":["Ball Lightning","Rebound","Blizzard"],"picked":"SKIP","floor":4},{"not_picked":["Melter","Static Discharge"],"picked":"Redo","floor":5},{"not_picked":["Leap","Gash","Hologram"],"picked":"Singing Bowl","floor":10},{"not_picked":["Leap","Steam"],"picked":"Auto Shields","floor":12},{"not_picked":["Double Energy","Stack"],"picked":"Reboot","floor":13},{"not_picked":["Heatsinks","Cold Snap"],"picked":"Reinforced Body","floor":14}],"player_experience":376993,"potions_floor_usage":[4,10,12,14,14,16],"damage_taken":[{"damage":0,"enemies":"Cultist","floor":1,"turns":4},{"damage":1,"enemies":"Jaw Worm","floor":2,"turns":4},{"damage":7,"enemies":"2 Louse","floor":3,"turns":3},{"damage":6,"enemies":"Large Slime","floor":4,"turns":9},{"damage":5,"enemies":"Blue Slaver","floor":5,"turns":4},{"damage":15,"enemies":"Gremlin Gang","floor":10,"turns":5},{"damage":32,"enemies":"3 Sentries","floor":12,"turns":7},{"damage":0,"enemies":"2 Fungi Beasts","floor":13,"turns":4},{"damage":8,"enemies":"Gremlin Nob","floor":14,"turns":4},{"damage":47,"enemies":"Hexaghost","floor":16,"turns":11}],"event_choices":[{"event_name":"Dead Adventurer","player_choice":"Searched \u00272\u0027 times","floor":14,"damage_taken":0}],"boss_relics":[],"potions_floor_spawned":[1,3,4,10,12,14],"seed_played":"6665797669800064584","killed_by":"Hexaghost","ascension_level":6,"is_trial":false}