{"gold_per_floor":[114,130,130,56,56,56,91,110,110,139,139,139,139,157,157,253,253,267,267,286,101,124,124,124,124,149,149,149,162,58,58,58,58],"floor_reached":33,"playtime":993,"items_purged":["Perfected Strike"],"score":527,"play_id":"fba9a2bc-865a-437a-be64-c16ca43fe6fc","local_time":"20190322160147","is_ascension_mode":true,"campfire_choices":[{"data":"Bash","floor":6,"key":"SMITH"},{"floor":12,"key":"REST"},{"data":"Inflame","floor":15,"key":"SMITH"},{"data":"Fiend Fire","floor":23,"key":"SMITH"},{"data":"Fiend Fire","floor":25,"key":"SMITH"},{"floor":27,"key":"REST"},{"data":"Body Slam","floor":32,"key":"SMITH"}],"neow_cost":"NONE","seed_source_timestamp":249271002648100,"circlet_count":0,"master_deck":["AscendersBane","Bash+1","Offering","Shrug It Off","Evolve","Cleave","Corruption","Inflame+1","Fiend Fire+1","Fiend Fire+1","Shrug It Off","Sentinel","Intimidate","Reaper","Uppercut","Shrug It Off","Shrug It Off","Body Slam+1","Second Wind"],"relics":["Burning Blood","Pear","Omamori","Blood Vial","Golden Idol","Pandora\u0027s Box","Juzu Bracelet","Centennial Puzzle"],"potions_floor_usage":[10,16,16,22,33],"damage_taken":[{"damage":7,"enemies":"Cultist","floor":1,"turns":3},{"damage":8,"enemies":"Jaw Worm","floor":2,"turns":3},{"damage":38,"enemies":"Gremlin Nob","floor":7,"turns":4},{"damage":8,"enemies":"2 Louse","floor":8,"turns":3},{"damage":28,"enemies":"3 Sentries","floor":10,"turns":6},{"damage":6,"enemies":"2 Fungi Beasts","floor":14,"turns":3},{"damage":26,"enemies":"Slime Boss","floor":16,"turns":8},{"damage":49,"enemies":"Shell Parasite","floor":18,"turns":6},{"damage":28,"enemies":"2 Thieves","floor":20,"turns":4},{"damage":9,"enemies":"Cultist and Chosen","floor":22,"turns":4},{"damage":16,"enemies":"Snake Plant","floor":29,"turns":3},{"damage":36,"enemies":"Champ","floor":33,"turns":12}],"seed_played":"-5690555444873194985","potions_obtained":[{"floor":2,"key":"Explosive Potion"},{"floor":8,"key":"PowerPotion"},{"floor":14,"key":"SkillPotion"},{"floor":18,"key":"EssenceOfSteel"},{"floor":29,"key":"FearPotion"}],"is_trial":false,"path_per_floor":["M","M","?","$","?","R","E","M","T","E","?","R","?","M","R","B",null,"M","?","M","$","M","R","?","R","T","R","?","M","$","?","R","B"],"character_chosen":"IRONCLAD","items_purchased":["Evolve","PowerPotion","Shrug It Off","Body Slam","Second Wind"],"campfire_rested":2,"item_purchase_floors":[4,21,21,30,30],"current_hp_per_floor":[67,65,58,58,58,58,36,34,34,12,12,35,35,37,37,19,63,29,29,16,16,37,37,37,37,37,60,60,52,52,52,52,18],"gold":58,"neow_bonus":"ONE_RANDOM_RARE_CARD","is_prod":false,"is_daily":false,"chose_seed":false,"campfire_upgraded":5,"win_rate":0,"timestamp":1553238107,"path_taken":["M","M","?","$","?","R","E","M","T","E","?","R","?","?","R","BOSS","M","?","M","$","M","R","?","R","T","R","?","M","?","?","R","BOSS"],"build_version":"2019-01-23","purchased_purges":1,"victory":false,"max_hp_per_floor":[75,75,75,75,75,75,85,85,85,85,77,77,77,77,77,77,77,77,77,77,77,77,77,77,77,77,77,77,77,77,77,77,77],"card_choices":[{"not_picked":["Twin Strike","Blood for Blood","Reckless Charge"],"picked":"SKIP","floor":1},{"not_picked":["Flame Barrier","Blood for Blood"],"picked":"Shrug It Off","floor":2},{"not_picked":["Heavy Blade","Perfected Strike"],"picked":"Cleave","floor":7},{"not_picked":["Wild Strike","Twin Strike"],"picked":"Corruption","floor":8},{"not_picked":["Wild Strike","Metallicize","Fire Breathing"],"picked":"SKIP","floor":10},{"not_picked":["True Grit","Cleave"],"picked":"Inflame","floor":14},{"not_picked":["Berserk","Reaper"],"picked":"Fiend Fire","floor":16},{"not_picked":["Armaments","Pommel Strike","Fire Breathing"],"picked":"SKIP","floor":18},{"not_picked":["Anger","Armaments","Havoc"],"picked":"SKIP","floor":20},{"not_picked":["Sword Boomerang","Thunderclap"],"picked":"Shrug It Off","floor":22},{"not_picked":["Heavy Blade+1","Anger","Clothesline"],"picked":"SKIP","floor":29}],"player_experience":2462886,"relics_obtained":[{"floor":7,"key":"Pear"},{"floor":9,"key":"Omamori"},{"floor":10,"key":"Blood Vial"},{"floor":26,"key":"Centennial Puzzle"}],"event_choices":[{"cards_removed":["Strike_R"],"damage_healed":0,"gold_gain":0,"player_choice":"Card Removal","damage_taken":7,"max_hp_gain":0,"max_hp_loss":0,"event_name":"Golden Wing","floor":3,"gold_loss":0},{"damage_healed":0,"gold_gain":0,"player_choice":"Ignored","damage_taken":0,"max_hp_gain":0,"max_hp_loss":0,"event_name":"Liars Game","floor":5,"gold_loss":0},{"damage_healed":0,"gold_gain":0,"player_choice":"Lose Max HP","damage_taken":0,"relics_obtained":["Golden Idol"],"max_hp_gain":0,"max_hp_loss":8,"event_name":"Golden Idol","floor":11,"gold_loss":0},{"damage_healed":0,"gold_gain":0,"player_choice":"Cursed","damage_taken":0,"max_hp_gain":0,"max_hp_loss":0,"event_name":"Wheel of Change","floor":13,"gold_loss":0,"cards_obtained":["Decay"]},{"damage_healed":0,"gold_gain":0,"player_choice":"Opened","damage_taken":0,"relics_obtained":["Juzu Bracelet"],"max_hp_gain":0,"max_hp_loss":0,"event_name":"The Mausoleum","floor":19,"gold_loss":0,"cards_obtained":["Writhe"]},{"cards_removed":["Heavy Blade"],"damage_healed":0,"gold_gain":0,"player_choice":"Purged","damage_taken":0,"max_hp_gain":0,"max_hp_loss":0,"event_name":"Purifier","floor":24,"gold_loss":0},{"damage_healed":0,"gold_gain":0,"player_choice":"0 cards matched","damage_taken":0,"max_hp_gain":0,"max_hp_loss":0,"event_name":"Match and Keep!","floor":28,"gold_loss":0,"cards_obtained":[]},{"damage_healed":0,"gold_gain":0,"player_choice":"Ignored","damage_taken":0,"max_hp_gain":0,"max_hp_loss":0,"event_name":"Ghosts","floor":31,"gold_loss":0}],"is_beta":false,"boss_relics":[{"not_picked":["Philosopher\u0027s Stone","Velvet Choker"],"picked":"Pandora\u0027s Box"}],"items_purged_floors":[21],"is_endless":false,"potions_floor_spawned":[2,8,14,18,29],"killed_by":"Champ","ascension_level":20}