{"gold_per_floor":[119,194,214,214,232,232,262,275,275,275,275,207,207,224,224,322,322,332,93,104,29,46,107,107],"floor_reached":24,"playtime":991,"items_purged":[],"score":216,"play_id":"044fd587-e595-41e5-bc77-edd508529a1c","local_time":"20190213093232","is_ascension_mode":false,"campfire_choices":[{"data":"Defragment","floor":6,"key":"SMITH"},{"floor":10,"key":"REST"},{"data":"Static Discharge","floor":13,"key":"SMITH"},{"floor":15,"key":"REST"}],"neow_cost":"NONE","seed_source_timestamp":1165879077746663,"circlet_count":0,"master_deck":["Strike_B","Strike_B","Strike_B","Strike_B","Defend_B","Defend_B","Defend_B","Zap","Dualcast","Defragment+1","Ball Lightning","Conserve Battery","Capacitor","Capacitor","Static Discharge+1","Conserve Battery","Buffer","Barrage+1","Heatsinks","Defragment+1","Ball Lightning","Conserve Battery+1"],"relics":["Cracked Core","NeowsBlessing","Shuriken","Symbiotic Virus","PreservedInsect","Tiny Chest"],"potions_floor_usage":[7,16,23],"damage_taken":[{"damage":0,"enemies":"Jaw Worm","floor":1,"turns":1},{"damage":0,"enemies":"Cultist","floor":3,"turns":1},{"damage":0,"enemies":"2 Louse","floor":5,"turns":1},{"damage":15,"enemies":"3 Sentries","floor":7,"turns":6},{"damage":11,"enemies":"Lots of Slimes","floor":8,"turns":4},{"damage":10,"enemies":"3 Louse","floor":14,"turns":4},{"damage":30,"enemies":"Hexaghost","floor":16,"turns":6},{"damage":2,"enemies":"Shell Parasite","floor":18,"turns":4},{"damage":10,"enemies":"Chosen","floor":20,"turns":3},{"damage":5,"enemies":"Snecko","floor":22,"turns":6},{"damage":40,"enemies":"Slavers","floor":23,"turns":3},{"damage":21,"enemies":"Snake Plant","floor":24,"turns":1}],"seed_played":"6585281525716301879","potions_obtained":[{"floor":1,"key":"Weak Potion"},{"floor":3,"key":"GamblersBrew"},{"floor":7,"key":"LiquidBronze"},{"floor":14,"key":"SkillPotion"},{"floor":23,"key":"SteroidPotion"}],"is_trial":false,"path_per_floor":["M","?","M","?","M","R","E","M","T","R","?","$","R","M","R","B",null,"M","$","M","$","M","E","M"],"character_chosen":"DEFECT","items_purchased":["Static Discharge","PreservedInsect","PowerPotion","Heatsinks","LiquidBronze"],"campfire_rested":2,"item_purchase_floors":[12,19,19,19,21],"current_hp_per_floor":[75,68,68,68,68,68,53,42,42,64,64,64,64,54,75,45,75,73,73,63,63,58,18,0],"gold":107,"neow_bonus":"THREE_ENEMY_KILL","is_prod":false,"is_daily":false,"chose_seed":false,"campfire_upgraded":2,"win_rate":0,"timestamp":1550043152,"path_taken":["M","?","?","?","?","R","E","?","T","R","?","$","R","M","R","BOSS","M","$","?","$","M","E","M"],"build_version":"2019-01-23","purchased_purges":0,"victory":false,"max_hp_per_floor":[75,75,75,75,75,75,75,75,75,75,75,75,75,75,75,75,75,75,75,75,75,75,75,75],"card_choices":[{"not_picked":["Reprogram","Barrage"],"picked":"Defragment","floor":1},{"not_picked":["Recycle","Tempest"],"picked":"Ball Lightning","floor":3},{"not_picked":["Rebound","Gash"],"picked":"Conserve Battery","floor":5},{"not_picked":["Coolheaded","Leap"],"picked":"Capacitor","floor":7},{"not_picked":["Sweeping Beam","Compile Driver"],"picked":"Capacitor","floor":8},{"not_picked":["Turbo","Sweeping Beam"],"picked":"Conserve Battery","floor":14},{"not_picked":["Biased Cognition","Seek"],"picked":"Buffer","floor":16},{"not_picked":["Leap","BootSequence"],"picked":"Barrage+1","floor":18},{"not_picked":["Capacitor","Redo"],"picked":"Defragment+1","floor":20},{"not_picked":["Compile Driver","Barrage"],"picked":"Ball Lightning","floor":22},{"not_picked":["Go for the Eyes","Skim"],"picked":"Conserve Battery+1","floor":23}],"player_experience":944071,"relics_obtained":[{"floor":7,"key":"Symbiotic Virus"},{"floor":23,"key":"Tiny Chest"}],"event_choices":[{"damage_healed":0,"gold_gain":75,"player_choice":"Touch","damage_taken":7,"max_hp_gain":0,"max_hp_loss":0,"event_name":"FaceTrader","floor":2,"gold_loss":0},{"damage_healed":0,"gold_gain":0,"player_choice":"Gave Potion","damage_taken":0,"relics_obtained":["Shuriken"],"max_hp_gain":0,"max_hp_loss":0,"event_name":"WeMeetAgain","floor":4,"gold_loss":0},{"cards_removed":["Defend_B"],"damage_healed":0,"gold_gain":0,"player_choice":"Offered Basic","damage_taken":0,"max_hp_gain":0,"max_hp_loss":0,"event_name":"Bonfire Elementals","floor":11,"gold_loss":0}],"is_beta":false,"boss_relics":[{"not_picked":["Coffee Dripper","Runic Pyramid","Sozu"]}],"items_purged_floors":[],"is_endless":false,"potions_floor_spawned":[1,3,7,14,23],"killed_by":"Snake Plant","ascension_level":0}