{"gold_per_floor":[369,383,393,404,153,153,184,184,210,36,68,87,87,28,28,101,101,118,136,147,95,113,113,148,148,148,177,177,177,197,197,197,274,274,292,308,319,337,347,347,347],"floor_reached":41,"playtime":3802,"items_purged":["Strike_B","Strike_B"],"score":1040,"play_id":"117da4cc-2745-4013-be31-f2ef1f309266","local_time":"20190408224851","is_ascension_mode":true,"campfire_choices":[{"data":"Defragment","floor":6.0,"key":"SMITH"},{"data":"Darkness","floor":8.0,"key":"SMITH"},{"data":"Zap","floor":13.0,"key":"SMITH"},{"data":"Barrage","floor":15.0,"key":"SMITH"},{"data":"Coolheaded","floor":23.0,"key":"SMITH"},{"floor":25.0,"key":"REST"},{"data":"Loop","floor":29.0,"key":"SMITH"},{"data":"Hologram","floor":32.0,"key":"SMITH"},{"floor":40,"key":"REST"}],"neow_cost":"TEN_PERCENT_HP_LOSS","seed_source_timestamp":3840515782479579,"circlet_count":0,"master_deck":["AscendersBane","Strike_B+1","Strike_B","Defend_B","Defend_B","Defend_B","Defend_B","Zap+1","Dualcast","BootSequence","Cold Snap+1","Barrage+1","Capacitor","Defragment+1","Darkness+1","Hologram","Glacier","Glacier","Hologram+1","Electrodynamics","Leap","Coolheaded+1","Loop+1","Conserve Battery","Defragment+1","Seek","Hologram+1","Redo","Static Discharge+1"],"special_seed":0,"relics":["FrozenCore","Bag of Preparation","Anchor","Bag of Marbles","Centennial Puzzle","Sozu","Unceasing Top","Whetstone"],"potions_floor_usage":[],"damage_taken":[{"damage":2.0,"enemies":"Cultist","floor":1.0,"turns":4.0},{"damage":0.0,"enemies":"Jaw Worm","floor":2.0,"turns":3.0},{"damage":2.0,"enemies":"Small Slimes","floor":3.0,"turns":3.0},{"damage":1.0,"enemies":"Blue Slaver","floor":4.0,"turns":4.0},{"damage":15.0,"enemies":"3 Sentries","floor":7.0,"turns":3.0},{"damage":13.0,"enemies":"Lagavulin","floor":11.0,"turns":5.0},{"damage":7.0,"enemies":"Gremlin Gang","floor":12.0,"turns":4.0},{"damage":1.0,"enemies":"The Guardian","floor":16.0,"turns":9.0},{"damage":8.0,"enemies":"3 Byrds","floor":18.0,"turns":3.0},{"damage":0.0,"enemies":"Spheric Guardian","floor":19.0,"turns":4.0},{"damage":9.0,"enemies":"3 Cultists","floor":20.0,"turns":5.0},{"damage":0.0,"enemies":"Centurion and Healer","floor":22.0,"turns":8.0},{"damage":38.0,"enemies":"Gremlin Leader","floor":24.0,"turns":7.0},{"damage":2.0,"enemies":"Book of Stabbing","floor":27.0,"turns":4.0},{"damage":6.0,"enemies":"Chosen and Byrds","floor":30.0,"turns":5.0},{"damage":0.0,"enemies":"Champ","floor":33.0,"turns":9.0},{"damage":0.0,"enemies":"Orb Walker","floor":35.0,"turns":4.0},{"damage":1.0,"enemies":"3 Darklings","floor":36.0,"turns":3.0},{"damage":11.0,"enemies":"Jaw Worm Horde","floor":37.0,"turns":5.0},{"damage":2,"enemies":"Writhing Mass","floor":38,"turns":10},{"damage":11,"enemies":"Sphere and 2 Shapes","floor":39,"turns":5},{"damage":48,"enemies":"Transient","floor":41,"turns":3}],"seed_played":"1323816728858536998","potions_obtained":[{"floor":1.0,"key":"SteroidPotion"},{"floor":4.0,"key":"SkillPotion"},{"floor":12.0,"key":"Regen Potion"}],"is_trial":false,"path_per_floor":["M","M","M","M","$","R","E","R","T","$","E","M","R","?","R","B",null,"M","M","M","$","M","R","E","R","T","E","?","R","M","?","R","B",null,"M","M","M","M","M","R","M"],"character_chosen":"DEFECT","items_purchased":["Defragment","Darkness","Hologram","Glacier","Leap"],"campfire_rested":2,"item_purchase_floors":[5,5,5,10,21],"current_hp_per_floor":[62,62,60,59,59,59,44,44,44,44,31,24,24,24,24,23,54,46,46,37,37,37,37,14,33,33,31,31,31,25,25,25,25,54,54,53,42,40,29,48,0],"gold":347,"neow_bonus":"TWO_FIFTY_GOLD","is_prod":false,"is_daily":false,"chose_seed":false,"campfire_upgraded":7,"win_rate":0,"timestamp":1554734931,"path_taken":["M","?","M","M","$","R","E","R","T","$","E","M","R","?","R","BOSS","M","M","M","?","M","R","E","R","T","E","?","R","M","?","R","BOSS","M","?","M","M","M","R","M"],"build_version":"2019-04-04","purchased_purges":2,"victory":false,"max_hp_per_floor":[64,64,64,64,64,64,64,64,64,64,64,64,64,64,64,64,64,64,64,64,64,64,64,64,64,64,64,64,64,64,64,64,64,64,64,64,64,64,64,64,64],"card_choices":[{"not_picked":["Turbo","Streamline"],"picked":"BootSequence","floor":1.0},{"not_picked":["Fusion","Tempest"],"picked":"Cold Snap","floor":2.0},{"not_picked":["Rip and Tear","Steam"],"picked":"Barrage","floor":3.0},{"not_picked":["Go for the Eyes","Conserve Battery"],"picked":"Capacitor","floor":4.0},{"not_picked":["Sunder","Reinforced Body"],"picked":"Glacier","floor":7.0},{"not_picked":["Double Energy","Skim"],"picked":"Hologram","floor":11.0},{"not_picked":["Storm","Sweeping Beam","Hologram"],"picked":"SKIP","floor":12.0},{"not_picked":["Storm","Sweeping Beam","Hologram"],"picked":"SKIP","floor":12.0},{"not_picked":["Biased Cognition","Machine Learning"],"picked":"Electrodynamics","floor":16.0},{"not_picked":["Gash","Turbo","Hologram"],"picked":"SKIP","floor":18.0},{"not_picked":["Meteor Strike","Beam Cell","Recycle"],"picked":"SKIP","floor":19.0},{"not_picked":["Barrage","Redo","Cold Snap"],"picked":"SKIP","floor":20.0},{"not_picked":["Beam Cell","Barrage"],"picked":"Coolheaded","floor":22.0},{"not_picked":["Beam Cell","Sunder"],"picked":"Loop","floor":24.0},{"not_picked":["Machine Learning","Glacier"],"picked":"Conserve Battery","floor":27.0},{"not_picked":["Loop","Storm","Doom and Gloom"],"picked":"SKIP","floor":30.0},{"not_picked":["Meteor Strike","Electrodynamics"],"picked":"Seek","floor":33.0},{"not_picked":["Streamline+1","Rebound"],"picked":"Hologram+1","floor":35.0},{"not_picked":["Cold Snap","Barrage"],"picked":"Redo","floor":36.0},{"not_picked":["Conserve Battery","Steam","Darkness"],"picked":"SKIP","floor":37.0},{"not_picked":["Barrage","Cold Snap+1"],"picked":"Static Discharge+1","floor":38},{"not_picked":["Rip and Tear","Loop","Leap"],"picked":"SKIP","floor":39}],"player_experience":763461,"relics_obtained":[{"floor":7.0,"key":"Bag of Preparation"},{"floor":9.0,"key":"Anchor"},{"floor":11.0,"key":"Bag of Marbles"},{"floor":24.0,"key":"Unceasing Top"},{"floor":27.0,"key":"Whetstone"}],"event_choices":[{"damage_healed":0.0,"max_hp_gain":0.0,"max_hp_loss":0.0,"gold_gain":0.0,"event_name":"WeMeetAgain","player_choice":"Paid Gold","floor":14.0,"gold_loss":59.0,"damage_taken":0.0,"relics_obtained":["Centennial Puzzle"]},{"damage_healed":0.0,"max_hp_gain":0.0,"max_hp_loss":0.0,"gold_gain":0.0,"event_name":"Vampires","player_choice":"Ignored","floor":28.0,"gold_loss":0.0,"damage_taken":0.0},{"damage_healed":0.0,"max_hp_gain":0.0,"max_hp_loss":0.0,"gold_gain":0.0,"event_name":"Duplicator","player_choice":"Copied","floor":31.0,"gold_loss":0.0,"damage_taken":0.0,"cards_obtained":["Defragment"]}],"is_beta":true,"boss_relics":[{"not_picked":["Astrolabe","Busted Crown"],"picked":"Sozu"},{"not_picked":["Coffee Dripper","White Beast Statue"],"picked":"FrozenCore"}],"items_purged_floors":[5,10],"is_endless":false,"potions_floor_spawned":[1,4,12,16,19,20,24,27,30,36,39],"killed_by":"Transient","ascension_level":20}