{"gold_per_floor":[117,135,23,92,102,102,102,102,102,102],"floor_reached":10,"playtime":153,"items_purged":["Strike_R"],"score":112,"play_id":"013c90a5-7c5d-465f-9197-cfe902592de0","local_time":"20190425201939","is_ascension_mode":true,"campfire_choices":[{"data":"Bash","floor":6,"key":"SMITH"}],"neow_cost":"NONE","seed_source_timestamp":290140828433600,"circlet_count":0,"master_deck":["AscendersBane","Strike_R","Strike_R","Strike_R","Strike_R","Defend_R","Defend_R","Defend_R","Defend_R","Bash+1","Shrug It Off+1","Corruption+1","Shrug It Off+1"],"relics":["Burning Blood","NeowsBlessing","Question Card","Calipers"],"potions_floor_usage":[10],"damage_taken":[{"damage":0,"enemies":"Cultist","floor":1,"turns":1},{"damage":0,"enemies":"2 Louse","floor":2,"turns":1},{"damage":0,"enemies":"Small Slimes","floor":5,"turns":2},{"damage":54,"enemies":"3 Sentries","floor":10,"turns":11}],"seed_played":"7421837382166854265","potions_obtained":[{"floor":1,"key":"Regen Potion"}],"is_trial":false,"path_per_floor":["M","M","$","T","M","R","?","?","T","E"],"character_chosen":"IRONCLAD","items_purchased":["Corruption"],"campfire_rested":0,"item_purchase_floors":[3],"current_hp_per_floor":[74,75,75,75,75,75,52,52,52,13],"gold":102,"neow_bonus":"THREE_ENEMY_KILL","is_prod":false,"is_daily":false,"chose_seed":false,"campfire_upgraded":1,"win_rate":0,"timestamp":1556191179,"path_taken":["M","M","$","?","M","R","?","?","T","E"],"build_version":"2019-01-23","purchased_purges":1,"victory":false,"max_hp_per_floor":[75,75,75,75,75,75,75,75,75,75],"card_choices":[{"not_picked":["Sword Boomerang","Clash","Clothesline"],"picked":"SKIP","floor":1},{"not_picked":["Wild Strike","Anger"],"picked":"Shrug It Off","floor":2},{"not_picked":["Twin Strike","Heavy Blade","Wild Strike"],"picked":"Shrug It Off","floor":5}],"player_experience":3377299,"relics_obtained":[{"floor":4,"key":"Question Card"},{"floor":9,"key":"Calipers"}],"event_choices":[{"damage_healed":0,"gold_gain":0,"player_choice":"Entered Light","damage_taken":23,"max_hp_gain":0,"max_hp_loss":0,"event_name":"Shining Light","floor":7,"gold_loss":0,"cards_upgraded":["Shrug It Off","Shrug It Off"]},{"damage_healed":0,"gold_gain":0,"player_choice":"Upgraded","damage_taken":0,"max_hp_gain":0,"max_hp_loss":0,"event_name":"Upgrade Shrine","floor":8,"gold_loss":0,"cards_upgraded":["Corruption"]}],"is_beta":false,"boss_relics":[],"items_purged_floors":[3],"is_endless":false,"potions_floor_spawned":[1],"killed_by":"3 Sentries","ascension_level":20}