{"gold_per_floor":[113,113,25,75,125,155,155,189,257,283,351,401,451,465,465,560,560,574,624,639,175,257,257,269,269,269,280,162,172,172,183,183,286,336,352,2,19,36,86,116,116,166,166,216,266,316,366,384,384,384],"floor_reached":51,"playtime":2023,"items_purged":["Defend_R","Defend_R"],"score":891,"play_id":"aa281b8c-a3de-464b-90d1-5834d41cb894","local_time":"20180815110814","is_ascension_mode":false,"campfire_choices":[{"data":"Flash of Steel","floor":7,"key":"SMITH"},{"data":"Strike_R","floor":15,"key":"SMITH"},{"floor":23,"key":"REST"},{"floor":25,"key":"REST"},{"data":"Rage","floor":30,"key":"SMITH"},{"data":"Bash","floor":32,"key":"SMITH"},{"data":"Strike_R","floor":41,"key":"SMITH"},{"floor":49,"key":"REST"}],"neow_cost":"NONE","seed_source_timestamp":2042879098542699,"circlet_count":0,"master_deck":["Strike_R","Strike_R","Strike_R","Strike_R+1","Strike_R+1","Bash+1","Flash of Steel+1","Necronomicurse","Rage+1","Bludgeon+1","Iron Wave+1","Immolate+1","Iron Wave+1","Clash+1","Madness","Madness"],"relics":["Burning Blood","NeowsBlessing","SsserpentHead","Matryoshka","StoneCalendar","Singing Bowl","Pen Nib","Darkstone Periapt","Ornamental Fan","Juzu Bracelet","The Courier","White Beast Statue","Necronomicon","Kunai","Molten Egg 2","Red Mask","Lantern","Anchor","Tiny House","Bronze Scales","Potion Belt","Mercury Hourglass","Meat on the Bone","Smiling Mask","Nunchaku"],"potions_floor_usage":[18,20,20,22,29,35,40,46,46,50,50,50,50,50],"damage_taken":[{"damage":0,"enemies":"Jaw Worm","floor":1,"turns":1},{"damage":0,"enemies":"Lagavulin","floor":6,"turns":1},{"damage":0,"enemies":"3 Sentries","floor":8,"turns":1},{"damage":27,"enemies":"Gremlin Nob","floor":10,"turns":4},{"damage":1,"enemies":"Cultist","floor":11,"turns":3},{"damage":0,"enemies":"Small Slimes","floor":14,"turns":3},{"damage":36,"enemies":"Slime Boss","floor":16,"turns":7},{"damage":37,"enemies":"2 Thieves","floor":18,"turns":4},{"damage":6,"enemies":"Chosen","floor":20,"turns":3},{"damage":32,"floor":22,"turns":5},{"damage":11,"enemies":"Centurion and Healer","floor":24,"turns":5},{"damage":10,"enemies":"Cultist and Chosen","floor":27,"turns":5},{"damage":11,"enemies":"Snake Plant","floor":29,"turns":5},{"damage":0,"enemies":"Centurion and Healer","floor":31,"turns":4},{"damage":39,"enemies":"Champ","floor":33,"turns":7},{"damage":0,"enemies":"Flame Bruiser 1 Orb","floor":35,"turns":2},{"damage":2,"enemies":"3 Shapes","floor":37,"turns":3},{"damage":0,"enemies":"3 Darklings","floor":38,"turns":1},{"damage":9,"enemies":"2 Orb Walkers","floor":40,"turns":5},{"damage":33,"floor":46,"turns":2},{"damage":2,"enemies":"4 Shapes","floor":48,"turns":1},{"damage":44,"enemies":"Donu and Deca","floor":50,"turns":7}],"seed_played":"3156068620050595734","potions_obtained":[{"floor":1,"key":"Explosive Potion"},{"floor":11,"key":"BloodPotion"},{"floor":14,"key":"Dexterity Potion"},{"floor":18,"key":"Fruit Juice"},{"floor":20,"key":"Swift Potion"},{"floor":22,"key":"Swift Potion"},{"floor":24,"key":"LiquidBronze"},{"floor":27,"key":"Fruit Juice"},{"floor":29,"key":"GamblersBrew"},{"floor":33,"key":"Poison Potion"},{"floor":35,"key":"Ancient Potion"},{"floor":37,"key":"SpeedPotion"},{"floor":38,"key":"Fire Potion"},{"floor":40,"key":"LiquidBronze"},{"floor":46,"key":"Swift Potion"},{"floor":48,"key":"SteroidPotion"}],"is_trial":false,"path_per_floor":["M","?","$","?","?","E","R","E","T","E","M","T","?","M","R","B",null,"M","?","M","$","?","R","M","R","T","M","$","M","R","M","R","B",null,"M","$","M","M","?","E","R","?","T","?","T","?","?","M","R","B"],"character_chosen":"IRONCLAD","items_purchased":["Flash of Steel","Kunai","Molten Egg 2","Anchor","Bronze Scales","Potion Belt"],"campfire_rested":3,"item_purchase_floors":[3,21,21,28,36,36],"current_hp_per_floor":[80,80,80,80,77,80,80,82,82,63,70,70,86,88,88,60,90,61,51,66,66,42,73,70,102,102,100,100,100,100,106,106,73,119,121,121,123,123,123,122,122,122,122,122,122,97,81,87,125,87],"gold":384,"neow_bonus":"THREE_ENEMY_KILL","is_prod":false,"is_daily":false,"chose_seed":false,"campfire_upgraded":5,"win_rate":0,"timestamp":1534320494,"path_taken":["M","?","$","?","?","E","R","E","T","E","?","?","?","M","R","BOSS","M","?","M","$","?","R","M","R","T","M","$","M","R","M","R","BOSS","M","$","M","M","?","E","R","?","T","?","?","?","?","M","R","BOSS"],"build_version":"2018-08-09","purchased_purges":2,"victory":true,"max_hp_per_floor":[80,80,80,80,80,80,80,82,82,84,86,86,86,88,88,90,90,92,98,103,103,105,105,107,107,107,109,109,114,114,114,114,114,119,121,121,123,123,123,125,125,125,125,125,125,127,127,129,129,129],"card_choices":[{"not_picked":["Second Wind","Clothesline","Metallicize"],"picked":"SKIP","floor":1},{"not_picked":["Metallicize","Perfected Strike","Pommel Strike"],"picked":"SKIP","floor":6},{"not_picked":["Corruption","Second Wind","Iron Wave"],"picked":"Singing Bowl","floor":8},{"not_picked":["Spot Weakness","Flex","Flame Barrier"],"picked":"Singing Bowl","floor":10},{"not_picked":["Limit Break","Clothesline","Shrug It Off"],"picked":"Singing Bowl","floor":11},{"not_picked":["True Grit","Disarm","Body Slam"],"picked":"Singing Bowl","floor":14},{"not_picked":["Demon Form","Juggernaut","Bludgeon"],"picked":"Singing Bowl","floor":16},{"not_picked":["Armaments+1","Body Slam","Twin Strike"],"picked":"Singing Bowl","floor":18},{"not_picked":["Blood for Blood+1","Entrench"],"picked":"Rage","floor":20},{"not_picked":["Havoc","Wild Strike+1","Thunderclap+1"],"picked":"Singing Bowl","floor":22},{"not_picked":["Carnage+1","Thunderclap+1","Rage"],"picked":"Singing Bowl","floor":24},{"not_picked":["Flex","Metallicize","Shrug It Off"],"picked":"Singing Bowl","floor":27},{"not_picked":["Havoc","True Grit"],"picked":"Bludgeon+1","floor":29},{"not_picked":["Dual Wield","Wild Strike+1"],"picked":"Iron Wave+1","floor":31},{"not_picked":["Offering","Bludgeon+1"],"picked":"Immolate+1","floor":33},{"not_picked":["Sword Boomerang+1","Wild Strike+1"],"picked":"Iron Wave+1","floor":34},{"not_picked":["True Grit+1","Anger+1","Pommel Strike+1"],"picked":"Singing Bowl","floor":35},{"not_picked":["Warcry+1","Dual Wield+1","Perfected Strike+1"],"picked":"Singing Bowl","floor":37},{"not_picked":["Thunderclap+1","Cleave+1"],"picked":"Clash+1","floor":38},{"not_picked":["Clothesline+1","Uppercut+1","Twin Strike+1"],"picked":"Singing Bowl","floor":40},{"not_picked":["Uppercut+1","Wild Strike+1","Thunderclap+1"],"picked":"Singing Bowl","floor":46},{"not_picked":["Body Slam+1","Dual Wield","Barricade"],"picked":"Singing Bowl","floor":48}],"player_experience":650957,"relics_obtained":[{"floor":6,"key":"StoneCalendar"},{"floor":8,"key":"Singing Bowl"},{"floor":9,"key":"Pen Nib"},{"floor":9,"key":"Darkstone Periapt"},{"floor":10,"key":"Ornamental Fan"},{"floor":12,"key":"Juzu Bracelet"},{"floor":12,"key":"The Courier"},{"floor":19,"key":"Necronomicon"},{"floor":22,"key":"Red Mask"},{"floor":26,"key":"Lantern"},{"floor":40,"key":"Mercury Hourglass"},{"floor":43,"key":"Meat on the Bone"},{"floor":45,"key":"Smiling Mask"},{"floor":46,"key":"Nunchaku"}],"event_choices":[{"event_name":"FaceTrader","player_choice":"Trade","floor":2,"damage_taken":0},{"event_name":"Transmorgrifier","player_choice":"Transform","floor":4,"damage_taken":0},{"event_name":"Scrap Ooze","player_choice":"success","floor":5,"damage_taken":3},{"event_name":"Bonfire Elementals","player_choice":"UNCOMMON","floor":13,"damage_taken":0},{"event_name":"Cursed Tome","player_choice":"Obtained Book","floor":19,"damage_taken":0},{"event_name":"Masked Bandits","player_choice":"Fought Bandits","floor":22,"damage_taken":0},{"event_name":"Tomb of Lord Red Mask","player_choice":"Ignored","floor":39,"damage_taken":0},{"event_name":"Falling","player_choice":"Removed Skill","floor":42,"damage_taken":0},{"event_name":"SecretPortal","player_choice":"Rejected Portal.","floor":44,"damage_taken":0},{"event_name":"MindBloom","player_choice":"Fight","floor":46,"damage_taken":0},{"event_name":"Winding Halls","player_choice":"Embrace Madness","floor":47,"damage_taken":0}],"is_beta":false,"boss_relics":[{"not_picked":["Calling Bell","Velvet Choker"],"picked":"White Beast Statue"},{"not_picked":["Black Blood","Orrery"],"picked":"Tiny House"}],"items_purged_floors":[21,36],"is_endless":false,"potions_floor_spawned":[1,11,14,16,18,20,22,24,27,29,31,33,35,37,38,40,46,48],"ascension_level":0}