{"gold_per_floor":[113,140,33,50,65,98,98,109,133,153,166,166],"floor_reached":12,"playtime":399,"items_purged":[],"score":82,"play_id":"b2d0fa86-0e47-413e-b3b0-1436614bd940","local_time":"20181126192209","is_ascension_mode":false,"campfire_choices":[{"data":"Darkness","floor":7,"key":"SMITH"}],"neow_cost":"NONE","seed_source_timestamp":846767494432613,"circlet_count":0,"master_deck":["Strike_B","Strike_B","Strike_B","Strike_B","Defend_B","Defend_B","Defend_B","Defend_B","Zap","Dualcast","Hologram","Redo","Self Repair","Ball Lightning","Conserve Battery","Darkness+1","Beam Cell","Stack"],"relics":["Cracked Core","Pen Nib","Boot","WingedGreaves","Regal Pillow"],"potions_floor_usage":[6,12],"damage_taken":[{"damage":9,"enemies":"Cultist","floor":1,"turns":4},{"damage":14,"enemies":"Small Slimes","floor":4,"turns":3},{"damage":10,"enemies":"2 Louse","floor":5,"turns":3},{"damage":22,"enemies":"Lagavulin","floor":6,"turns":7},{"damage":6,"enemies":"2 Fungi Beasts","floor":8,"turns":3},{"damage":6,"enemies":"3 Louse","floor":10,"turns":4},{"damage":0,"enemies":"Exordium Wildlife","floor":11,"turns":4},{"damage":54,"enemies":"The Mushroom Lair","floor":12,"turns":5}],"seed_played":"-4767689079420074735","potions_obtained":[{"floor":4,"key":"Weak Potion"},{"floor":6,"key":"Weak Potion"},{"floor":8,"key":"Regen Potion"}],"is_trial":false,"path_per_floor":["M","T","$","M","M","E","R","M","T","M","M","?"],"character_chosen":"DEFECT","items_purchased":["Redo","Self Repair"],"campfire_rested":0,"item_purchase_floors":[3,3],"current_hp_per_floor":[66,66,66,59,56,41,41,42,42,43,50,0],"gold":166,"neow_bonus":"RANDOM_COMMON_RELIC","is_prod":false,"is_daily":false,"chose_seed":false,"campfire_upgraded":1,"win_rate":0.0,"timestamp":1543281729,"path_taken":["M","?","$","M","M","E","R","M","T","M","M","?"],"build_version":"2018-11-15","purchased_purges":0,"victory":false,"max_hp_per_floor":[75,75,75,75,75,75,75,75,75,75,75,75],"card_choices":[{"not_picked":["Cold Snap","Rip and Tear"],"picked":"Hologram","floor":1},{"not_picked":["Go for the Eyes","Barrage"],"picked":"Ball Lightning","floor":4},{"not_picked":["Static Discharge","Turbo"],"picked":"Conserve Battery","floor":5},{"not_picked":["Fusion","Barrage"],"picked":"Darkness","floor":6},{"not_picked":["Gash","Hello World"],"picked":"Beam Cell","floor":8},{"not_picked":["Storm","Conserve Battery"],"picked":"Stack","floor":10},{"not_picked":["Electrodynamics","Cold Snap","White Noise"],"picked":"SKIP","floor":11}],"player_experience":52865,"relics_obtained":[{"floor":2,"key":"Boot"},{"floor":6,"key":"WingedGreaves"},{"floor":9,"key":"Regal Pillow"}],"event_choices":[{"damage_healed":0,"gold_gain":0,"player_choice":"Fought Mushrooms","damage_taken":0,"max_hp_gain":0,"max_hp_loss":0,"event_name":"Mushrooms","floor":12,"gold_loss":0}],"is_beta":false,"boss_relics":[],"items_purged_floors":[],"is_endless":false,"potions_floor_spawned":[4,6,8],"killed_by":"The Mushroom Lair","ascension_level":0}