{"gold_per_floor":[118,148,148,158,212,212,225,242,265,299,299,333,333,343,343,416,416,356,356,108,108,108,108,108,108],"floor_reached":25,"playtime":2204,"items_purged":[],"score":388,"play_id":"2fc8b054-0520-48c0-86ba-c41a3fc571d4","local_time":"20181012105551","is_ascension_mode":true,"campfire_choices":[{"data":"Dash","floor":6.0,"key":"SMITH"},{"data":"Neutralize","floor":11.0,"key":"SMITH"},{"data":"Reflex","floor":15.0,"key":"SMITH"}],"neow_cost":"NONE","seed_source_timestamp":0,"circlet_count":0,"master_deck":["Defend_G","Defend_G","Defend_G","Defend_G","Defend_G+1","Strike_G","Strike_G","Strike_G","Strike_G","Strike_G","Survivor+1","Neutralize+1","AscendersBane","Dash+1","Well Laid Plans","Calculated Gamble","Acrobatics","Reflex+1","Envenom","Terror","Infinite Blades","Heel Hook","Masterful Stab+1","Backflip"],"special_seed":0,"relics":["Ring of the Snake","Lantern","Tiny Chest","War Paint","PreservedInsect","Shuriken","Dream Catcher","Ectoplasm","Unceasing Top"],"potions_floor_usage":[21,21,24,24],"damage_taken":[{"damage":4.0,"enemies":"2 Louse","floor":1.0,"turns":3.0},{"damage":0.0,"enemies":"Jaw Worm","floor":4.0,"turns":5.0},{"damage":0.0,"enemies":"Small Slimes","floor":7.0,"turns":4.0},{"damage":0.0,"enemies":"2 Fungi Beasts","floor":8.0,"turns":4.0},{"damage":16.0,"enemies":"3 Sentries","floor":10.0,"turns":12.0},{"damage":4.0,"enemies":"Lagavulin","floor":12.0,"turns":6.0},{"damage":3.0,"enemies":"Blue Slaver","floor":14.0,"turns":4.0},{"damage":14.0,"enemies":"Hexaghost","floor":16.0,"turns":14.0},{"damage":1.0,"enemies":"2 Thieves","floor":18.0,"turns":4.0},{"damage":12.0,"enemies":"Shell Parasite","floor":19.0,"turns":8.0},{"damage":5,"enemies":"Cultist and Chosen","floor":21,"turns":6},{"damage":19,"enemies":"3 Cultists","floor":22,"turns":5},{"damage":7,"enemies":"Chosen and Byrds","floor":23,"turns":6},{"damage":19,"enemies":"Book of Stabbing","floor":24,"turns":4},{"damage":15,"enemies":"Cultist and Chosen","floor":25,"turns":5}],"seed_played":"-5484027804528641956","potions_obtained":[{"floor":1.0,"key":"Fire Potion"},{"floor":4.0,"key":"Block Potion"},{"floor":19.0,"key":"SkillPotion"},{"floor":21,"key":"SpeedPotion"},{"floor":23,"key":"LiquidBronze"},{"floor":24,"key":"Dexterity Potion"}],"is_trial":false,"path_per_floor":["M","?","?","M","?","R","M","M","T","E","R","E","T","M","R","B",null,"M","M","$","M","M","M","E"],"character_chosen":"THE_SILENT","items_purchased":["Infinite Blades","Fruit Juice","Heel Hook"],"campfire_rested":0,"item_purchase_floors":[20,20,20],"current_hp_per_floor":[59,52,57,57,57,57,57,57,57,41,41,37,37,34,34,20,61,60,48,48,48,29,22,3,0],"gold":108,"neow_bonus":"RANDOM_COMMON_RELIC","is_prod":false,"is_daily":false,"chose_seed":false,"campfire_upgraded":3,"win_rate":0,"timestamp":1539312951,"path_taken":["M","?","?","?","?","R","M","M","T","E","R","E","?","M","R","BOSS","M","M","$","M","M","M","E","M"],"build_version":"2018-10-10","purchased_purges":0,"victory":false,"max_hp_per_floor":[70,70,75,75,75,75,75,75,75,75,75,75,75,75,75,75,75,75,75,75,80,80,80,80,80],"card_choices":[{"not_picked":["Dagger Throw","Endless Agony"],"picked":"Dash","floor":1.0},{"not_picked":["Sucker Punch","Underhanded Strike"],"picked":"Well Laid Plans","floor":4.0},{"not_picked":["Deflect","Poisoned Stab"],"picked":"Calculated Gamble","floor":7.0},{"not_picked":["Outmaneuver","Flechettes","Eviscerate"],"picked":"SKIP","floor":8.0},{"not_picked":["Prepared","Choke"],"picked":"Acrobatics","floor":10.0},{"not_picked":["Bane","Skewer"],"picked":"Reflex","floor":12.0},{"not_picked":["Phantasmal Killer","Deadly Poison","Masterful Stab"],"picked":"SKIP","floor":14.0},{"not_picked":["Grand Finale","Phantasmal Killer"],"picked":"Envenom","floor":16.0},{"not_picked":["Deflect","Concentrate","Dash"],"picked":"SKIP","floor":18.0},{"not_picked":["Predator","Well Laid Plans"],"picked":"Terror","floor":19.0},{"not_picked":["Heel Hook","Prepared"],"picked":"Masterful Stab+1","floor":21},{"not_picked":["Bane","Dodge and Roll","Quick Slash"],"picked":"SKIP","floor":22},{"not_picked":["Quick Slash","Acrobatics+1","Expertise"],"picked":"SKIP","floor":23},{"not_picked":["Poisoned Stab","Flechettes"],"picked":"Backflip","floor":24}],"player_experience":487559,"relics_obtained":[{"floor":9.0,"key":"War Paint"},{"floor":10.0,"key":"PreservedInsect"},{"floor":12.0,"key":"Shuriken"},{"floor":13.0,"key":"Dream Catcher"},{"floor":24,"key":"Unceasing Top"}],"event_choices":[{"event_name":"Scrap Ooze","player_choice":"success","floor":2.0,"damage_taken":7.0},{"event_name":"Big Fish","player_choice":"Donut","floor":3.0,"damage_taken":0.0},{"event_name":"Golden Wing","player_choice":"Gained Gold","floor":5.0,"damage_taken":0.0}],"is_beta":true,"boss_relics":[{"not_picked":["Coffee Dripper","Black Star"],"picked":"Ectoplasm"}],"items_purged_floors":[],"is_endless":false,"potions_floor_spawned":[1,4,12,19,21,23,24],"killed_by":"Cultist and Chosen","ascension_level":13}