{"gold_per_floor":[359,379,379,11,22,50,50,83,109,109,34,51,51,70,70,70],"floor_reached":16,"playtime":411,"items_purged":["Strike_B"],"score":220,"play_id":"d915d65e-32fd-40c7-a3b3-e0be42f28af1","local_time":"20190327210208","is_ascension_mode":true,"campfire_choices":[{"floor":7,"key":"REST"},{"data":"Defragment","floor":13,"key":"SMITH"},{"data":"Self Repair","floor":15,"key":"SMITH"}],"neow_cost":"TEN_PERCENT_HP_LOSS","seed_source_timestamp":66794117467499,"circlet_count":0,"master_deck":["AscendersBane","Strike_B+1","Strike_B","Strike_B","Defend_B+1","Defend_B","Defend_B","Defend_B","Zap+1","Dualcast","Cold Snap","Cold Snap+1","Defragment+1","Consume+1","Reinforced Body+1","Amplify+1","Cold Snap","Self Repair+1"],"relics":["Cracked Core","Toxic Egg 2","Ancient Tea Set","War Paint","Orichalcum","PreservedInsect"],"potions_floor_usage":[16],"damage_taken":[{"damage":7,"enemies":"Cultist","floor":1,"turns":4},{"damage":2,"enemies":"Small Slimes","floor":2,"turns":4},{"damage":5,"enemies":"Jaw Worm","floor":5,"turns":3},{"damage":14,"enemies":"Lagavulin","floor":6,"turns":7},{"damage":20,"enemies":"Gremlin Nob","floor":8,"turns":4},{"damage":0,"enemies":"Looter","floor":12,"turns":3},{"damage":5,"enemies":"Exordium Thugs","floor":14,"turns":5},{"damage":14,"enemies":"Hexaghost","floor":16,"turns":9}],"seed_played":"8427888247930002080","potions_obtained":[{"floor":6,"key":"LiquidBronze"},{"floor":8,"key":"Fire Potion"}],"is_trial":false,"path_per_floor":["M","M","?","$","M","E","R","E","T","?","$","M","R","M","R","B"],"character_chosen":"DEFECT","items_purchased":["Toxic Egg 2","Defragment"],"campfire_rested":1,"item_purchase_floors":[4,4],"current_hp_per_floor":[57,55,36,36,31,17,36,16,16,16,16,16,16,11,11,0],"gold":70,"neow_bonus":"TWO_FIFTY_GOLD","is_prod":false,"is_daily":false,"chose_seed":false,"campfire_upgraded":2,"win_rate":0,"timestamp":1553688128,"path_taken":["M","M","?","$","M","E","R","E","T","?","$","?","R","M","R","BOSS"],"build_version":"2019-01-23","purchased_purges":1,"victory":false,"max_hp_per_floor":[64,64,64,64,64,64,64,64,64,64,64,64,64,64,64,64],"card_choices":[{"not_picked":["Conserve Battery","Sweeping Beam"],"picked":"Cold Snap","floor":1},{"not_picked":["Leap","Lockon"],"picked":"Cold Snap","floor":2},{"not_picked":["Stack+1","Go for the Eyes"],"picked":"Consume+1","floor":5},{"not_picked":["Compile Driver","Hologram+1"],"picked":"Reinforced Body+1","floor":6},{"not_picked":["Auto Shields+1","Turbo+1"],"picked":"Amplify+1","floor":8},{"not_picked":["Hologram+1","Gash"],"picked":"Cold Snap","floor":12},{"not_picked":["Conserve Battery+1","Recycle+1"],"picked":"Self Repair","floor":14}],"player_experience":2647543,"relics_obtained":[{"floor":6,"key":"Ancient Tea Set"},{"floor":8,"key":"War Paint"},{"floor":9,"key":"Orichalcum"}],"event_choices":[{"damage_healed":0,"gold_gain":0,"player_choice":"Entered Light","damage_taken":19,"max_hp_gain":0,"max_hp_loss":0,"event_name":"Shining Light","floor":3,"gold_loss":0,"cards_upgraded":["Cold Snap","Strike_B"]},{"damage_healed":0,"gold_gain":0,"player_choice":"Gave Potion","damage_taken":0,"relics_obtained":["PreservedInsect"],"max_hp_gain":0,"max_hp_loss":0,"event_name":"WeMeetAgain","floor":10,"gold_loss":0}],"is_beta":false,"boss_relics":[],"items_purged_floors":[11],"is_endless":false,"potions_floor_spawned":[6,8],"killed_by":"Hexaghost","ascension_level":20}