{"gold_per_floor":[118,133,283,208,43,77,77,106,106,106,106,126,152,169,169,169],"floor_reached":16,"playtime":419,"items_purged":[],"score":286,"play_id":"5da96a69-5909-41c3-bfe9-a86f5ae860c2","local_time":"20190212202417","is_ascension_mode":true,"campfire_choices":[{"data":"Defragment","floor":7,"key":"SMITH"},{"data":"Loop","floor":10,"key":"SMITH"},{"data":"Buffer","floor":15,"key":"SMITH"}],"neow_cost":"NONE","seed_source_timestamp":36117957877200,"circlet_count":0,"master_deck":["AscendersBane","Strike_B","Strike_B","Strike_B","Strike_B","Defend_B","Defend_B","Defend_B","Defend_B","Zap","Dualcast","Blizzard","Coolheaded+1","Capacitor","Defragment+1","Loop+1","Buffer+1"],"relics":["Cracked Core","NeowsBlessing","Ornamental Fan","Omamori","Sundial","Turnip"],"potions_floor_usage":[8,13,14],"damage_taken":[{"damage":0,"enemies":"Cultist","floor":1,"turns":1},{"damage":0,"enemies":"Jaw Worm","floor":2,"turns":1},{"damage":0,"enemies":"Lagavulin","floor":6,"turns":1},{"damage":20,"enemies":"Gremlin Nob","floor":8,"turns":4},{"damage":2,"enemies":"2 Louse","floor":12,"turns":3},{"damage":32,"enemies":"3 Sentries","floor":13,"turns":7},{"damage":9,"enemies":"Exordium Wildlife","floor":14,"turns":6},{"damage":0,"enemies":"Slime Boss","floor":16,"turns":9}],"seed_played":"4180613368482863484","potions_obtained":[{"floor":1,"key":"SkillPotion"},{"floor":2,"key":"LiquidBronze"},{"floor":13,"key":"Fire Potion"}],"is_trial":false,"path_per_floor":["M","M","?","?","$","E","R","E","T","R","?","M","E","M","R","B"],"character_chosen":"DEFECT","items_purchased":["Coolheaded","Capacitor","Fire Potion"],"campfire_rested":0,"item_purchase_floors":[5,5,5],"current_hp_per_floor":[64,64,64,64,64,64,64,44,44,44,44,42,10,1,1,1],"gold":169,"neow_bonus":"THREE_ENEMY_KILL","is_prod":false,"is_daily":false,"chose_seed":false,"campfire_upgraded":3,"win_rate":0,"timestamp":1549970657,"path_taken":["M","?","?","?","?","E","R","E","T","R","?","M","E","M","R","BOSS"],"build_version":"2019-01-23","purchased_purges":0,"victory":false,"max_hp_per_floor":[71,71,71,71,71,71,71,71,71,71,71,71,71,71,71,71],"card_choices":[{"not_picked":["Static Discharge","Barrage","Scrape"],"picked":"SKIP","floor":1},{"not_picked":["Hologram","Leap"],"picked":"Blizzard","floor":2},{"not_picked":["Leap","Streamline"],"picked":"Defragment","floor":6},{"not_picked":["Cold Snap","Aggregate"],"picked":"Loop","floor":8},{"not_picked":["Rebound","Storm","Fusion"],"picked":"SKIP","floor":12},{"not_picked":["Rebound","Storm","Fusion"],"picked":"SKIP","floor":12},{"not_picked":["Steam","Static Discharge"],"picked":"Buffer","floor":13},{"not_picked":["Hello World","Skim","Rip and Tear"],"picked":"SKIP","floor":14}],"player_experience":1536471,"relics_obtained":[{"floor":6,"key":"Ornamental Fan"},{"floor":8,"key":"Omamori"},{"floor":9,"key":"Sundial"},{"floor":13,"key":"Turnip"}],"event_choices":[{"damage_healed":0,"gold_gain":150,"player_choice":"AGREE","damage_taken":0,"max_hp_gain":0,"max_hp_loss":0,"event_name":"Liars Game","floor":3,"gold_loss":0,"cards_obtained":["Doubt"]},{"cards_removed":["Doubt"],"damage_healed":0,"gold_gain":0,"player_choice":"Card Removal","damage_taken":0,"max_hp_gain":0,"max_hp_loss":0,"event_name":"The Cleric","floor":4,"gold_loss":75},{"damage_healed":0,"gold_gain":0,"player_choice":"Upgraded","damage_taken":0,"max_hp_gain":0,"max_hp_loss":0,"event_name":"Upgrade Shrine","floor":11,"gold_loss":0,"cards_upgraded":["Coolheaded"]}],"is_beta":false,"boss_relics":[],"items_purged_floors":[],"is_endless":false,"potions_floor_spawned":[1,2,13],"killed_by":"Slime Boss","ascension_level":20}