{"gold_per_floor":[117,136,211,222,238,238,20,32,59,59,59,85,97,97,97,175,175,190,240,240,253,99,99,99],"floor_reached":24,"playtime":751,"items_purged":["Strike_R"],"score":442,"play_id":"e995b01f-dd06-4833-aa89-5fa1134efab5","local_time":"20190329170713","is_ascension_mode":true,"campfire_choices":[{"floor":6.0,"key":"REST"},{"floor":11.0,"key":"REST"},{"data":"Armaments","floor":15.0,"key":"SMITH"},{"data":"Feel No Pain","floor":23.0,"key":"SMITH"}],"neow_cost":"PERCENT_DAMAGE","seed_source_timestamp":20824072400100,"circlet_count":0,"master_deck":["AscendersBane","Strike_R","Defend_R+1","Defend_R","Defend_R","Defend_R+1","Bash","Entrench","Inflame","Feel No Pain+1","Armaments+1","Dropkick","Limit Break","Barricade","Body Slam","Second Wind"],"special_seed":0,"relics":["Burning Blood","Regal Pillow","War Paint","Ancient Tea Set","Vajra","Snecko Eye"],"potions_floor_usage":[24],"damage_taken":[{"damage":2.0,"enemies":"Cultist","floor":1.0,"turns":4.0},{"damage":11.0,"enemies":"Small Slimes","floor":2.0,"turns":5.0},{"damage":18.0,"enemies":"Jaw Worm","floor":4.0,"turns":6.0},{"damage":23.0,"enemies":"Exordium Wildlife","floor":5.0,"turns":7.0},{"damage":2.0,"enemies":"3 Louse","floor":8.0,"turns":7.0},{"damage":29.0,"enemies":"Lagavulin","floor":12.0,"turns":7.0},{"damage":5.0,"enemies":"2 Fungi Beasts","floor":13.0,"turns":6.0},{"damage":2.0,"enemies":"The Guardian","floor":16.0,"turns":10.0},{"damage":0.0,"enemies":"Spheric Guardian","floor":18.0,"turns":6.0},{"damage":12.0,"enemies":"2 Thieves","floor":21.0,"turns":3.0},{"damage":55,"enemies":"Slavers","floor":24,"turns":5}],"seed_played":"-3064363597464526326","potions_obtained":[{"floor":4.0,"key":"SteroidPotion"},{"floor":5.0,"key":"EssenceOfSteel"},{"floor":13.0,"key":"SneckoOil"},{"floor":16.0,"key":"Poison Potion"},{"floor":18.0,"key":"PowerPotion"}],"is_trial":false,"path_per_floor":["M","M","?","M","M","R","$","M","T","?","R","E","M","?","R","B",null,"M","?","?","M","$","R","E"],"character_chosen":"IRONCLAD","items_purchased":["Regal Pillow","PowerPotion","Second Wind"],"campfire_rested":2,"item_purchase_floors":[7,7,22],"current_hp_per_floor":[54,49,38,26,9,31,31,35,35,24,61,38,39,44,44,48,72,78,78,78,72,72,72,17],"gold":99,"neow_bonus":"TRANSFORM_TWO_CARDS","is_prod":false,"is_daily":false,"chose_seed":false,"campfire_upgraded":2,"win_rate":0,"timestamp":1553846833,"path_taken":["M","?","?","M","M","R","$","M","T","?","R","E","?","?","R","BOSS","M","?","?","M","$","R","E"],"build_version":"2019-01-23","purchased_purges":1,"victory":false,"max_hp_per_floor":[75,75,75,75,75,75,75,75,75,75,75,75,75,80,80,80,80,80,80,80,80,80,80,80],"card_choices":[{"not_picked":["Twin Strike","Cleave","Clothesline"],"picked":"SKIP","floor":1.0},{"not_picked":["Thunderclap","Clothesline"],"picked":"Feel No Pain","floor":2.0},{"not_picked":["Perfected Strike","Twin Strike","Havoc"],"picked":"SKIP","floor":4.0},{"not_picked":["Warcry","Anger"],"picked":"Armaments","floor":5.0},{"not_picked":["Iron Wave","Fire Breathing"],"picked":"Dropkick","floor":8.0},{"not_picked":["Pummel","Evolve"],"picked":"Limit Break","floor":12.0},{"not_picked":["Heavy Blade","Perfected Strike","Clothesline"],"picked":"SKIP","floor":13.0},{"not_picked":["Limit Break","Dark Embrace"],"picked":"Barricade","floor":16.0},{"not_picked":["Perfected Strike","Pommel Strike","Armaments"],"picked":"SKIP","floor":18.0},{"not_picked":["Combust+1","Sword Boomerang"],"picked":"Body Slam","floor":21.0}],"player_experience":2713841,"relics_obtained":[{"floor":9.0,"key":"War Paint"},{"floor":12.0,"key":"Vajra"}],"event_choices":[{"damage_healed":0.0,"max_hp_gain":0.0,"max_hp_loss":0.0,"gold_gain":75.0,"event_name":"World of Goop","player_choice":"Gather Gold","floor":3.0,"gold_loss":0.0,"damage_taken":11.0},{"damage_healed":0.0,"max_hp_gain":0.0,"max_hp_loss":0.0,"gold_gain":0.0,"event_name":"Scrap Ooze","player_choice":"Success","floor":10.0,"gold_loss":0.0,"damage_taken":11.0,"relics_obtained":["Ancient Tea Set"]},{"damage_healed":0.0,"max_hp_gain":5.0,"max_hp_loss":0.0,"gold_gain":0.0,"event_name":"Big Fish","player_choice":"Donut","floor":14.0,"gold_loss":0.0,"damage_taken":0.0},{"damage_healed":0.0,"max_hp_gain":0.0,"max_hp_loss":0.0,"gold_gain":50.0,"event_name":"Nest","player_choice":"Stole From Cult","floor":19.0,"gold_loss":0.0,"damage_taken":0.0},{"cards_removed":["Strike_R"],"damage_healed":0.0,"max_hp_gain":0.0,"max_hp_loss":0.0,"gold_gain":0.0,"event_name":"Back to Basics","player_choice":"Elegance","floor":20.0,"gold_loss":0.0,"damage_taken":0.0}],"is_beta":false,"boss_relics":[{"not_picked":["Calling Bell","Velvet Choker"],"picked":"Snecko Eye"}],"items_purged_floors":[22],"is_endless":false,"potions_floor_spawned":[4,5,13,16,18],"killed_by":"Slavers","ascension_level":20}