{"gold_per_floor":[113,6,16,16,16,16,191,211,263,302,20,95,95,20,20,144,144,69,69,69,69,69,69,69,69,69,69,69,69,69,69,69,69],"floor_reached":33,"playtime":983,"items_purged":[],"score":313,"play_id":"434556d0-ece5-4e89-b068-f2846db2d076","local_time":"20190424203128","is_ascension_mode":true,"campfire_choices":[{"data":"Static Discharge","floor":6,"key":"SMITH"},{"floor":13,"key":"REST"},{"floor":15,"key":"REST"},{"floor":24,"key":"REST"},{"data":"Biased Cognition","floor":27,"key":"SMITH"},{"data":"Biased Cognition","floor":28,"key":"SMITH"},{"data":"Defragment","floor":30,"key":"SMITH"},{"data":"Self Repair","floor":32,"key":"SMITH"}],"neow_cost":"NONE","seed_source_timestamp":577413461954025,"circlet_count":0,"master_deck":["Strike_B+1","Strike_B+1","Strike_B+1","Strike_B+1","Defend_B+1","Defend_B+1","Defend_B+1","Defend_B+1","Zap+1","Dualcast","Conserve Battery","Static Discharge+1","Chill","Coolheaded","Doubt","Ball Lightning","Capacitor","Redo","Self Repair+1","Biased Cognition+1","Hologram","Steam+1","Chill+1","Biased Cognition+1","Chill","Redo","Defragment+1","Self Repair"],"relics":["Cracked Core","Anchor","Golden Idol","Whetstone","WingedGreaves","Chemical X","Ectoplasm","PreservedInsect","Centennial Puzzle"],"potions_floor_usage":[16,29,33],"damage_taken":[{"damage":0,"enemies":"Small Slimes","floor":1,"turns":3},{"damage":0,"enemies":"Jaw Worm","floor":3,"turns":4},{"damage":0,"enemies":"2 Louse","floor":8,"turns":3},{"damage":18,"enemies":"Lagavulin","floor":10,"turns":5},{"damage":36,"enemies":"Slime Boss","floor":16,"turns":7},{"damage":13,"enemies":"2 Thieves","floor":18,"turns":4},{"damage":10,"enemies":"Shell Parasite","floor":19,"turns":7},{"damage":12,"enemies":"Sentry and Sphere","floor":22,"turns":5},{"damage":39,"enemies":"Book of Stabbing","floor":23,"turns":5},{"damage":0,"enemies":"Centurion and Healer","floor":29,"turns":9},{"damage":16,"enemies":"Shelled Parasite and Fungi","floor":31,"turns":9},{"damage":112,"enemies":"Champ","floor":33,"turns":14}],"seed_played":"-8730119792686147107","potions_obtained":[{"floor":3,"key":"AttackPotion"},{"floor":16,"key":"FairyPotion"},{"floor":22,"key":"Swift Potion"},{"floor":23,"key":"AttackPotion"}],"is_trial":false,"path_per_floor":["M","$","M","?","?","R","?","M","T","E","$","?","R","$","R","B",null,"M","M","?","?","M","E","R","?","T","R","R","M","R","M","R","B"],"character_chosen":"DEFECT","items_purchased":["Static Discharge","Chill","Chemical X","Capacitor","Redo","Self Repair"],"campfire_rested":3,"item_purchase_floors":[2,2,11,11,11,14],"current_hp_per_floor":[75,75,75,75,57,57,57,57,57,39,39,28,50,50,72,43,75,69,66,66,66,61,29,51,51,51,51,51,58,58,49,49,0],"gold":69,"neow_bonus":"RANDOM_COMMON_RELIC","is_prod":false,"is_daily":false,"chose_seed":false,"campfire_upgraded":5,"win_rate":0,"timestamp":1556155888,"path_taken":["M","$","M","?","?","R","?","?","T","E","$","?","R","$","R","BOSS","M","M","?","?","M","E","R","?","T","R","R","M","R","M","R","BOSS"],"build_version":"2019-01-23","purchased_purges":0,"victory":false,"max_hp_per_floor":[75,75,75,75,75,75,75,75,75,75,75,75,75,75,75,75,75,75,75,75,75,75,75,75,75,75,75,75,75,75,75,75,75],"card_choices":[{"not_picked":["Recycle","Sunder"],"picked":"Conserve Battery","floor":1},{"not_picked":["Redo","Barrage"],"picked":"Coolheaded","floor":3},{"not_picked":["Auto Shields","Cold Snap"],"picked":"Ball Lightning","floor":8},{"not_picked":["Compile Driver","Auto Shields","Stack"],"picked":"SKIP","floor":10},{"not_picked":["Rainbow","Seek"],"picked":"Biased Cognition","floor":16},{"not_picked":["Doom and Gloom","Chaos"],"picked":"Hologram","floor":18},{"not_picked":["Turbo","Recycle+1"],"picked":"Steam+1","floor":19},{"not_picked":["White Noise","Turbo"],"picked":"Chill+1","floor":22},{"not_picked":["Hello World","White Noise"],"picked":"Biased Cognition","floor":23},{"not_picked":["Leap","Steam Power"],"picked":"Defragment","floor":29},{"not_picked":["Streamline","Turbo"],"picked":"Self Repair","floor":31}],"player_experience":241870,"relics_obtained":[{"floor":9,"key":"Whetstone"},{"floor":10,"key":"WingedGreaves"},{"floor":23,"key":"PreservedInsect"},{"floor":26,"key":"Centennial Puzzle"}],"event_choices":[{"damage_healed":0,"gold_gain":0,"player_choice":"Grow","damage_taken":0,"max_hp_gain":0,"max_hp_loss":0,"event_name":"Living Wall","floor":4,"gold_loss":0,"cards_upgraded":["Zap"]},{"damage_healed":0,"gold_gain":0,"player_choice":"Take Damage","damage_taken":18,"relics_obtained":["Golden Idol"],"max_hp_gain":0,"max_hp_loss":0,"event_name":"Golden Idol","floor":5,"gold_loss":0},{"damage_healed":0,"gold_gain":175,"player_choice":"AGREE","damage_taken":0,"max_hp_gain":0,"max_hp_loss":0,"event_name":"Liars Game","floor":7,"gold_loss":0,"cards_obtained":["Doubt"]},{"damage_healed":0,"gold_gain":75,"player_choice":"Gather Gold","damage_taken":11,"max_hp_gain":0,"max_hp_loss":0,"event_name":"World of Goop","floor":12,"gold_loss":0},{"damage_healed":0,"gold_gain":0,"player_choice":"Simplicity","damage_taken":0,"max_hp_gain":0,"max_hp_loss":0,"event_name":"Back to Basics","floor":20,"gold_loss":0,"cards_upgraded":["Strike_B","Strike_B","Defend_B","Defend_B","Defend_B","Defend_B"]},{"damage_healed":0,"gold_gain":0,"player_choice":"Ignored","damage_taken":0,"max_hp_gain":0,"max_hp_loss":0,"event_name":"Vampires","floor":21,"gold_loss":0},{"damage_healed":0,"gold_gain":0,"player_choice":"2 cards matched","damage_taken":0,"max_hp_gain":0,"max_hp_loss":0,"event_name":"Match and Keep!","floor":25,"gold_loss":0,"cards_obtained":["Chill","Redo"]}],"is_beta":false,"boss_relics":[{"not_picked":["Eternal Feather","Empty Cage"],"picked":"Ectoplasm"}],"items_purged_floors":[],"is_endless":false,"potions_floor_spawned":[3,16,22,23],"killed_by":"Champ","ascension_level":4}