{"path_per_floor":["M","M","$","M","T","E","R","E","T","M","M","R","$","?","R","B",null,"M","T","M","$","M","R","M","R","T","E","$","M","E","M","R","B",null,"M","M","$","?","?","E","M","E","T","E","M","$","M","M","R"],"character_chosen":"IRONCLAD","items_purchased":["Armaments","Feel No Pain","Uppercut","Flame Barrier","Regen Potion"],"gold_per_floor":[113,131,10,27,54,84,84,113,113,129,145,145,77,77,77,178,178,195,195,207,31,49,49,66,66,66,99,99,112,137,148,148,252,252,264,274,67,67,67,93,110,138,138,172,187,137,150,162,162,162],"floor_reached":50,"campfire_rested":1,"playtime":5199,"current_hp_per_floor":[72,75,75,79,79,58,58,37,37,25,31,31,31,31,31,21,65,75,89,94,94,91,91,93,93,93,84,84,84,94,89,89,81,91,84,66,66,66,66,72,69,53,53,15,28,28,34,36,64,0],"items_purged":["Defend_R","Bash","Strike_R"],"gold":162,"score":956,"play_id":"eab50563-aa15-4cc3-bfd1-9d99df3efc4b","local_time":"20180407013227","is_prod":false,"is_daily":false,"is_ascension_mode":true,"campfire_upgraded":6,"timestamp":1523035947,"path_taken":["M","M","?","?","?","E","R","E","T","?","M","R","?","?","R","BOSS","M","?","M","$","M","R","?","R","T","E","$","M","E","M","R","BOSS","M","M","$","?","?","E","M","E","T","E","M","$","M","?","R","BOSS"],"build_version":"2018-04-05","purchased_purges":3,"victory":false,"master_deck":["Strike_R","Strike_R+1","Defend_R","Defend_R","Defend_R","Immolate","Shrug It Off","Armaments+1","Pommel Strike","Disarm","Barricade+1","Whirlwind","Feel No Pain+1","Burning Pact","Impervious","Entrench+1","Uppercut+1","Body Slam+1","Body Slam+1","Ghostly Armor","Offering","Body Slam+1","Flame Barrier","Flash of Steel","Headbutt"],"max_hp_per_floor":[80,80,80,80,80,80,80,80,80,80,80,80,80,80,80,80,80,80,94,94,94,94,94,94,94,94,94,94,94,94,94,94,94,94,94,94,94,94,94,94,94,94,94,94,94,94,94,94,94,94],"relics":["Burning Blood","Dream Catcher","Bird Faced Urn","Bronze Scales","Torii","Velvet Choker","Mango","Red Skull","Unceasing Top","Vajra","Lizard Tail","Blue Candle","Shuriken","Whetstone","Lantern"],"card_choices":[{"not_picked":["Havoc","Iron Wave"],"picked":"Shrug It Off","floor":2},{"not_picked":["Flex","Clothesline"],"picked":"Pommel Strike","floor":4},{"not_picked":["Entrench","Warcry"],"picked":"Disarm","floor":6},{"not_picked":["Shrug It Off","Anger"],"picked":"Barricade","floor":8},{"not_picked":["Cleave","Havoc"],"picked":"Whirlwind","floor":10},{"not_picked":["Barricade","Limit Break"],"picked":"Impervious","floor":16},{"not_picked":["Thunderclap","True Grit"],"picked":"Entrench","floor":18},{"not_picked":["Cleave","Bloodletting"],"picked":"Body Slam","floor":22},{"not_picked":["Clothesline","Shrug It Off"],"picked":"Body Slam","floor":24},{"not_picked":["Twin Strike","Flex"],"picked":"Ghostly Armor","floor":31},{"not_picked":["Impervious","Bludgeon"],"picked":"Offering","floor":33},{"not_picked":["Armaments","Anger"],"picked":"Body Slam","floor":35},{"not_picked":["Blind","Purity"],"picked":"Flash of Steel","floor":38},{"not_picked":["Heavy Blade","Spot Weakness"],"picked":"Headbutt","floor":42}],"player_experience":234210,"potions_floor_usage":[6,16,30,31,42,42,45,50,50],"damage_taken":[{"damage":6,"enemies":"Cultist","floor":1,"turns":3},{"damage":3,"enemies":"Jaw Worm","floor":2,"turns":5},{"damage":2,"enemies":"2 Louse","floor":4,"turns":3},{"damage":27,"enemies":"Gremlin Nob","floor":6,"turns":5},{"damage":27,"enemies":"Lagavulin","floor":8,"turns":9},{"damage":18,"enemies":"Looter","floor":10,"turns":3},{"damage":0,"enemies":"Lots of Slimes","floor":11,"turns":1},{"damage":35,"enemies":"The Guardian","floor":16,"turns":15},{"damage":0,"enemies":"Chosen","floor":18,"turns":7},{"damage":0,"enemies":"3 Byrds","floor":20,"turns":4},{"damage":13,"enemies":"Snake Plant","floor":22,"turns":6},{"damage":8,"enemies":"Chosen and Byrds","floor":24,"turns":7},{"damage":16,"enemies":"Book of Stabbing","floor":27,"turns":6},{"damage":10,"enemies":"Centurion and Healer","floor":29,"turns":6},{"damage":0,"enemies":"Gremlin Leader","floor":30,"turns":5},{"damage":11,"enemies":"Snecko","floor":31,"turns":5},{"damage":18,"enemies":"Automaton","floor":33,"turns":10},{"damage":17,"enemies":"Orb Walker","floor":35,"turns":4},{"damage":28,"enemies":"3 Shapes","floor":36,"turns":4},{"damage":4,"enemies":"Nemesis","floor":40,"turns":9},{"damage":13,"enemies":"Maw","floor":41,"turns":8},{"damage":38,"enemies":"2 Orb Walkers","floor":42,"turns":5},{"damage":103,"enemies":"Giant Head","floor":44,"turns":10},{"damage":4,"enemies":"3 Darklings","floor":45,"turns":4},{"damage":4,"enemies":"Flame Bruiser 2 Orb","floor":47,"turns":6},{"damage":6,"enemies":"Sphere and 2 Shapes","floor":48,"turns":4},{"damage":86,"enemies":"Awakened One","floor":50,"turns":5}],"event_choices":[{"event_name":"Living Wall","player_choice":"Change","floor":14,"damage_taken":0},{"event_name":"SensoryStone","player_choice":"Memory 1","floor":38,"damage_taken":0},{"event_name":"Purifier","player_choice":"One Purge","floor":39,"damage_taken":0}],"boss_relics":[{"not_picked":["Black Blood","Black Star"],"picked":"Velvet Choker"},{"not_picked":["Calling Bell","Tiny House"],"picked":"Lizard Tail"}],"potions_floor_spawned":[1,4,6,16,18,24,29,30,31,40,42,45],"seed_played":"7933107719920128452","killed_by":"Awakened One","ascension_level":9,"is_trial":false}