{"gold_per_floor":[116,133,133,13,88,88,114,114,140,153,153,171,96,110,110,184,184,204,218,218,139,139,167,180,180,205,205,223,223,242,62,62,137,137,154,165,124,124,124,142,173,173,173,173,173,188,188,188,188,188,188,188,188,27,53,53],"floor_reached":57,"playtime":2414,"items_purged":["Strike_R"],"score":2621,"play_id":"0fce837e-4122-4572-80d0-45c2053e18b1","local_time":"20190402190529","is_ascension_mode":true,"campfire_choices":[{"data":"Carnage","floor":6.0,"key":"SMITH"},{"data":"True Grit","floor":8.0,"key":"SMITH"},{"data":"Whirlwind","floor":15.0,"key":"SMITH"},{"data":"Feel No Pain","floor":25.0,"key":"SMITH"},{"floor":27.0,"key":"REST"},{"data":"Barricade","floor":32.0,"key":"SMITH"},{"data":"Feel No Pain","floor":45,"key":"SMITH"},{"floor":49,"key":"RECALL"},{"data":"Sentinel","floor":53,"key":"SMITH"}],"neow_cost":"TEN_PERCENT_HP_LOSS","seed_source_timestamp":372162864661700,"circlet_count":0,"master_deck":["AscendersBane","Bash","Reaper","Second Wind+1","Carnage+1","Evolve","True Grit+1","Whirlwind+1","Shrug It Off","Double Tap","Bloodletting","Second Wind","Body Slam","Searing Blow","Twin Strike","Iron Wave","Flame Barrier","Intimidate","Feel No Pain+1","Barricade+1","Fiend Fire","Warcry","Sentinel+1","Feel No Pain+1","Bandage Up","Discovery","Madness","Madness"],"special_seed":0,"relics":["Burning Blood","Dead Branch","Omamori","Pandora\u0027s Box","Centennial Puzzle","Ancient Tea Set","Self Forming Clay","Runic Dome","Blood Vial","Oddly Smooth Stone","Bag of Preparation","Blue Candle"],"potions_floor_usage":[33,33,56],"damage_taken":[{"damage":6.0,"enemies":"Cultist","floor":1.0,"turns":3.0},{"damage":4.0,"enemies":"2 Louse","floor":2.0,"turns":5.0},{"damage":8.0,"enemies":"Gremlin Nob","floor":7.0,"turns":3.0},{"damage":3.0,"enemies":"Jaw Worm","floor":10.0,"turns":3.0},{"damage":15.0,"enemies":"2 Fungi Beasts","floor":12.0,"turns":5.0},{"damage":2.0,"enemies":"Looter","floor":14.0,"turns":3.0},{"damage":20.0,"enemies":"The Guardian","floor":16.0,"turns":12.0},{"damage":33.0,"enemies":"Spheric Guardian","floor":18.0,"turns":8.0},{"damage":12.0,"enemies":"3 Byrds","floor":19.0,"turns":5.0},{"damage":26.0,"enemies":"Gremlin Leader","floor":23.0,"turns":9.0},{"damage":24.0,"enemies":"Snecko","floor":24.0,"turns":5.0},{"damage":3.0,"enemies":"3 Cultists","floor":28.0,"turns":1.0},{"damage":3.0,"enemies":"Sentry and Sphere","floor":30.0,"turns":5.0},{"damage":52,"enemies":"Collector","floor":33,"turns":12},{"damage":6,"enemies":"3 Darklings","floor":35,"turns":9},{"damage":9,"enemies":"Orb Walker","floor":36,"turns":4},{"damage":6,"enemies":"4 Shapes","floor":40,"turns":2},{"damage":13,"enemies":"Reptomancer","floor":41,"turns":7},{"damage":10,"enemies":"Jaw Worm Horde","floor":46,"turns":5},{"damage":12,"enemies":"Time Eater","floor":50,"turns":10},{"damage":67,"enemies":"Awakened One","floor":51,"turns":8},{"damage":14,"enemies":"Shield and Spear","floor":55,"turns":11},{"damage":10,"enemies":"The Heart","floor":56,"turns":12}],"seed_played":"5959887802446904811","potions_obtained":[{"floor":1.0,"key":"SteroidPotion"},{"floor":2.0,"key":"Strength Potion"},{"floor":12.0,"key":"Weak Potion"},{"floor":14.0,"key":"LiquidBronze"},{"floor":19.0,"key":"Explosive Potion"},{"floor":24.0,"key":"Strength Potion"},{"floor":30.0,"key":"PowerPotion"},{"floor":40,"key":"FearPotion"},{"floor":41,"key":"Dexterity Potion"}],"is_trial":false,"path_per_floor":["M","M","?","$","?","R","E","R","T","M","?","M","$","M","R","B",null,"M","M","?","$","?","E","M","R","T","R","M","?","M","$","R","B",null,"M","M","$","?","?","M","E","$","T","$","R","M","?","?","R","B","B",null,"R","$","E","B",null],"character_chosen":"IRONCLAD","items_purchased":["Carnage","Evolve","Feel No Pain","Barricade","Feel No Pain","Bag of Preparation"],"campfire_rested":1,"item_purchase_floors":[4,4,21,31,37,54],"current_hp_per_floor":[68,68,48,48,37,37,39,39,39,48,41,40,40,48,48,38,61,36,39,39,39,39,39,24,24,24,44,47,47,50,50,50,8,53,61,58,58,48,48,52,49,49,49,49,49,51,39,68,68,62,32,59,59,59,62,68],"gold":53,"neow_bonus":"THREE_RARE_CARDS","is_prod":false,"is_daily":false,"chose_seed":false,"campfire_upgraded":7,"win_rate":0,"timestamp":1554199529,"path_taken":["M","?","?","$","?","R","E","R","T","M","?","M","?","M","R","BOSS","M","M","?","$","?","E","M","R","T","R","M","?","?","?","R","BOSS","M","?","$","?","?","M","E","$","T","$","R","M","?","?","R","BOSS","BOSS","R","$","E","BOSS"],"build_version":"2019-01-23","purchased_purges":1,"victory":true,"max_hp_per_floor":[68,68,68,68,68,68,68,68,68,68,68,68,68,68,68,68,68,68,68,68,68,68,68,68,68,68,68,68,68,68,68,68,68,68,68,68,68,68,68,68,68,68,68,68,68,68,68,68,68,68,68,68,68,68,68,68],"card_choices":[{"not_picked":["Brutality","Berserk"],"picked":"Reaper","floor":0.0},{"not_picked":["Rupture","Clothesline","Perfected Strike"],"picked":"SKIP","floor":1.0},{"not_picked":["Sword Boomerang","Rampage"],"picked":"Second Wind","floor":2.0},{"not_picked":["Perfected Strike","Double Tap"],"picked":"True Grit","floor":7.0},{"not_picked":["Armaments","Second Wind","Blood for Blood"],"picked":"SKIP","floor":10.0},{"not_picked":["Power Through","Cleave"],"picked":"Whirlwind","floor":12.0},{"not_picked":["Perfected Strike","Rampage"],"picked":"Shrug It Off","floor":14.0},{"not_picked":["Immolate","Juggernaut"],"picked":"Double Tap","floor":16.0},{"not_picked":["Pommel Strike","Headbutt"],"picked":"Flame Barrier","floor":18.0},{"not_picked":["Cleave","Clothesline+1"],"picked":"Intimidate","floor":19.0},{"not_picked":["Perfected Strike","Clothesline","Headbutt"],"picked":"SKIP","floor":23.0},{"not_picked":["Pommel Strike+1","Double Tap","True Grit"],"picked":"SKIP","floor":24.0},{"not_picked":["Wild Strike","Pummel","Anger+1"],"picked":"SKIP","floor":28.0},{"not_picked":["Armaments","Pommel Strike","True Grit"],"picked":"SKIP","floor":30.0},{"not_picked":["Immolate","Demon Form"],"picked":"Fiend Fire","floor":33},{"not_picked":["Sword Boomerang","Pommel Strike"],"picked":"Warcry","floor":35},{"not_picked":["Uppercut","Ghostly Armor"],"picked":"Sentinel","floor":36},{"not_picked":["Swift Strike","Mind Blast"],"picked":"Bandage Up","floor":38},{"not_picked":["Dark Shackles","Mind Blast"],"picked":"Discovery","floor":38},{"not_picked":["Anger","True Grit","Burning Pact"],"picked":"SKIP","floor":40},{"not_picked":["Heavy Blade","Sword Boomerang","Cleave"],"picked":"SKIP","floor":41},{"not_picked":["Iron Wave+1","Uppercut","Flex+1"],"picked":"SKIP","floor":46},{"not_picked":["Shrug It Off","Barricade","Heavy Blade+1"],"picked":"SKIP","floor":55}],"player_experience":2815524,"relics_obtained":[{"floor":7.0,"key":"Dead Branch"},{"floor":9.0,"key":"Omamori"},{"floor":23.0,"key":"Ancient Tea Set"},{"floor":41,"key":"Blood Vial"},{"floor":43,"key":"Oddly Smooth Stone"},{"floor":55,"key":"Blue Candle"}],"event_choices":[{"damage_healed":0.0,"max_hp_gain":0.0,"max_hp_loss":0.0,"gold_gain":0.0,"event_name":"Shining Light","player_choice":"Entered Light","floor":3.0,"gold_loss":0.0,"damage_taken":20.0,"cards_upgraded":["Second Wind","Defend_R"]},{"damage_healed":0.0,"max_hp_gain":0.0,"max_hp_loss":0.0,"gold_gain":75.0,"event_name":"World of Goop","player_choice":"Gather Gold","floor":5.0,"gold_loss":0.0,"damage_taken":11.0},{"cards_removed":["Strike_R"],"damage_healed":0.0,"max_hp_gain":0.0,"max_hp_loss":0.0,"gold_gain":0.0,"event_name":"Golden Wing","player_choice":"Card Removal","floor":11.0,"gold_loss":0.0,"damage_taken":7.0},{"damage_healed":0.0,"max_hp_gain":0.0,"max_hp_loss":0.0,"gold_gain":0.0,"event_name":"Vampires","player_choice":"Ignored","floor":20.0,"gold_loss":0.0,"damage_taken":0.0},{"damage_healed":0.0,"max_hp_gain":0.0,"max_hp_loss":0.0,"gold_gain":0.0,"event_name":"The Mausoleum","player_choice":"Opened","floor":22.0,"gold_loss":0.0,"damage_taken":0.0,"relics_obtained":["Centennial Puzzle"],"cards_obtained":["Writhe"]},{"cards_removed":["Second Wind"],"damage_healed":0.0,"max_hp_gain":0.0,"max_hp_loss":0.0,"gold_gain":0.0,"event_name":"WeMeetAgain","player_choice":"Gave Card","floor":29.0,"gold_loss":0.0,"damage_taken":0.0,"relics_obtained":["Self Forming Clay"]},{"damage_healed":0,"gold_gain":0,"player_choice":"Memory 3","damage_taken":10,"max_hp_gain":0,"max_hp_loss":0,"event_name":"SensoryStone","floor":38,"gold_loss":0},{"damage_healed":0,"gold_gain":0,"player_choice":"Ignored","damage_taken":0,"max_hp_gain":0,"max_hp_loss":0,"event_name":"Mysterious Sphere","floor":39,"gold_loss":0},{"damage_healed":0,"gold_gain":0,"player_choice":"Embrace Madness","damage_taken":12,"max_hp_gain":0,"max_hp_loss":0,"event_name":"Winding Halls","floor":47,"gold_loss":0,"cards_obtained":["Madness","Madness"]},{"damage_healed":29,"gold_gain":0,"player_choice":"Heal","damage_taken":0,"max_hp_gain":0,"max_hp_loss":0,"event_name":"MindBloom","floor":48,"gold_loss":0,"cards_obtained":["Doubt"]}],"is_beta":false,"boss_relics":[{"not_picked":["Lizard Tail","Eternal Feather"],"picked":"Pandora\u0027s Box"},{"not_picked":["Black Star","Calling Bell"],"picked":"Runic Dome"}],"items_purged_floors":[13],"is_endless":false,"potions_floor_spawned":[1,2,12,14,19,24,30,40,41,55],"ascension_level":20}