{"path_per_floor":["M","M","M","?","M","E","R","E","T","M","M","R","?","M","R","B",null,"M","M","$","M","?","R","$","M","T","M","?","M"],"character_chosen":"IRONCLAD","items_purchased":["Feed","Inflame","Orichalcum","Explosive Potion"],"gold_per_floor":[18,33,47,47,58,83,83,110,133,144,154,154,329,345,345,450,450,462,472,41,52,52,52,2,19,43,61,31,42,42],"floor_reached":30,"campfire_rested":2,"playtime":2618,"current_hp_per_floor":[74,80,80,80,80,61,61,45,52,54,56,82,82,82,82,48,77,68,63,63,51,51,77,77,54,54,32,32,24,0],"items_purged":["Doubt"],"gold":42,"score":332,"play_id":"1eead117-ea95-4aa5-9dfa-a73bc5cf7deb","local_time":"20180331221544","is_prod":false,"is_daily":false,"is_ascension_mode":true,"campfire_upgraded":2,"timestamp":1522523744,"path_taken":["M","?","M","?","M","E","R","E","T","M","M","R","?","M","R","BOSS","M","M","$","M","?","R","?","M","T","M","?","M","M"],"build_version":"2018-03-29v2","purchased_purges":1,"victory":false,"master_deck":["Strike_R","Strike_R","Strike_R","Strike_R","Strike_R","Defend_R","Defend_R","Defend_R","Bash","Offering","Uppercut+1","Seeing Red+1","Clash","Inflame","Bloodletting","Flex","Heavy Blade","Anger","Flex","Double Tap","Heavy Blade","Thunderclap","Clash","Clash","Dropkick","Rupture","Feed","Inflame","Clothesline","Armaments","Searing Blow+1","Combust+1"],"max_hp_per_floor":[80,80,80,80,80,80,80,80,87,87,87,87,87,87,87,87,87,87,87,87,87,87,87,87,87,87,87,87,90,90],"relics":["Burning Blood","Pantograph","Toolbox","Strawberry","Orrery","Orichalcum","Bag of Marbles"],"card_choices":[{"not_picked":["Barricade","Brutality"],"picked":"Offering","floor":0},{"not_picked":["Disarm","Power Through"],"picked":"Uppercut","floor":1},{"not_picked":["Perfected Strike","Pommel Strike"],"picked":"Seeing Red","floor":2},{"not_picked":["Clothesline","Entrench"],"picked":"Clash","floor":3},{"not_picked":["Rage","Anger"],"picked":"Inflame","floor":5},{"not_picked":["Blood for Blood","Anger"],"picked":"Bloodletting","floor":6},{"not_picked":["Perfected Strike","Armaments"],"picked":"Flex","floor":8},{"not_picked":["Rupture","Clothesline"],"picked":"Heavy Blade","floor":10},{"not_picked":["Armaments","Fiend Fire"],"picked":"Anger","floor":11},{"not_picked":["Carnage","Headbutt"],"picked":"Flex","floor":14},{"not_picked":["Dark Embrace","Brutality"],"picked":"Double Tap","floor":16},{"not_picked":["Rupture","Headbutt"],"picked":"Heavy Blade","floor":17},{"not_picked":["Armaments","Perfected Strike"],"picked":"Thunderclap","floor":17},{"not_picked":["Clothesline","Heavy Blade"],"picked":"Clash","floor":17},{"not_picked":["Body Slam","Warcry"],"picked":"Clash","floor":17},{"not_picked":["Reckless Charge","Rupture"],"picked":"Dropkick","floor":18},{"not_picked":["Hemokinesis","Pommel Strike"],"picked":"Rupture","floor":19},{"not_picked":["Carnage","Twin Strike"],"picked":"Clothesline","floor":21},{"not_picked":["Feel No Pain","Thunderclap"],"picked":"Armaments","floor":25},{"not_picked":["Shrug It Off","Flex"],"picked":"Searing Blow","floor":27},{"not_picked":["Havoc","Ghostly Armor"],"picked":"Combust","floor":29}],"player_experience":345670,"potions_floor_usage":[5,14,16,18,21,25,25,29,29,30,30],"damage_taken":[{"damage":4,"enemies":"Cultist","floor":1,"turns":2},{"damage":0,"enemies":"Small Slimes","floor":2,"turns":3},{"damage":0,"enemies":"2 Louse","floor":3,"turns":2},{"damage":6,"enemies":"Large Slime","floor":5,"turns":3},{"damage":25,"enemies":"3 Sentries","floor":6,"turns":7},{"damage":22,"enemies":"Lagavulin","floor":8,"turns":3},{"damage":4,"enemies":"2 Fungi Beasts","floor":10,"turns":2},{"damage":4,"enemies":"3 Louse","floor":11,"turns":1},{"damage":6,"enemies":"Red Slaver","floor":14,"turns":2},{"damage":45,"enemies":"The Guardian","floor":16,"turns":6},{"damage":19,"enemies":"3 Byrds","floor":18,"turns":4},{"damage":11,"enemies":"Spheric Guardian","floor":19,"turns":3},{"damage":18,"enemies":"Centurion and Healer","floor":21,"turns":4},{"damage":29,"enemies":"Slaver and Parasite","floor":25,"turns":4},{"damage":28,"enemies":"Snake Plant","floor":27,"turns":3},{"damage":17,"enemies":"Centurion and Healer","floor":29,"turns":2},{"damage":25,"enemies":"Chosen and Byrds","floor":30,"turns":2}],"event_choices":[{"event_name":"Living Wall","player_choice":"Forget","floor":4,"damage_taken":0},{"event_name":"Liars Game","player_choice":"agreed","floor":13,"damage_taken":0},{"event_name":"Beggar","player_choice":"Ignored","floor":22,"damage_taken":0},{"event_name":"The Woman in Blue","player_choice":"Bought 2 Potions","floor":28,"damage_taken":0}],"boss_relics":[{"not_picked":["Calling Bell","Snecko Eye"],"picked":"Orrery"}],"potions_floor_spawned":[1,2,14,16,18,19,27,29],"seed_played":"-1975947054935756899","killed_by":"Chosen and Byrds","ascension_level":7,"is_trial":false}