{"gold_per_floor":[116,116,116,146,159,189,189,202,202,202,228,228,6,16,16,16],"floor_reached":16,"playtime":422,"items_purged":[],"score":266,"play_id":"b0c94d33-49ae-448a-857a-921c62b6f4dc","local_time":"20190330235340","is_ascension_mode":true,"campfire_choices":[{"floor":12,"key":"REST"},{"data":"True Grit","floor":15,"key":"SMITH"}],"neow_cost":"NONE","seed_source_timestamp":132470479797900,"circlet_count":0,"master_deck":["AscendersBane","Strike_R","Strike_R","Strike_R+1","Strike_R","Defend_R","Defend_R","Defend_R","Defend_R+1","Bash","Feed","True Grit+1","Body Slam","Metallicize"],"relics":["Burning Blood","NeowsBlessing","Tiny Chest","Smiling Mask","Sundial","Membership Card"],"potions_floor_usage":[11,11,16,16],"damage_taken":[{"damage":0,"enemies":"Jaw Worm","floor":1,"turns":1},{"damage":0,"enemies":"Small Slimes","floor":5,"turns":1},{"damage":0,"enemies":"3 Sentries","floor":6,"turns":2},{"damage":23,"enemies":"Cultist","floor":8,"turns":7},{"damage":36,"enemies":"Lagavulin","floor":11,"turns":8},{"damage":3,"enemies":"Exordium Wildlife","floor":14,"turns":4},{"damage":40,"enemies":"The Guardian","floor":16,"turns":21}],"seed_played":"-9028154719940841784","potions_obtained":[{"floor":1,"key":"Block Potion"},{"floor":8,"key":"Fire Potion"},{"floor":11,"key":"Dexterity Potion"},{"floor":14,"key":"SpeedPotion"}],"is_trial":false,"path_per_floor":["M","?","?","T","M","E","?","M","T","$","E","R","$","M","R","B"],"character_chosen":"IRONCLAD","items_purchased":["Membership Card"],"campfire_rested":1,"item_purchase_floors":[13],"current_hp_per_floor":[74,74,74,74,75,78,55,41,41,41,11,35,35,41,41,1],"gold":16,"neow_bonus":"THREE_ENEMY_KILL","is_prod":false,"is_daily":false,"chose_seed":false,"campfire_upgraded":1,"win_rate":0,"timestamp":1553957620,"path_taken":["M","?","?","?","M","E","?","M","T","$","E","R","$","M","R","BOSS"],"build_version":"2019-01-23","purchased_purges":0,"victory":false,"max_hp_per_floor":[75,75,75,75,75,78,78,81,81,81,81,81,81,84,84,84],"card_choices":[{"not_picked":["Cleave","Thunderclap","Anger"],"picked":"SKIP","floor":1},{"not_picked":["Pummel","Shrug It Off"],"picked":"Feed","floor":5},{"not_picked":["Inflame","Anger"],"picked":"True Grit","floor":6},{"not_picked":["Heavy Blade","Twin Strike","Uppercut"],"picked":"SKIP","floor":8},{"not_picked":["Spot Weakness","Clothesline"],"picked":"Body Slam","floor":11},{"not_picked":["Twin Strike","Iron Wave"],"picked":"Metallicize","floor":14}],"player_experience":2765793,"relics_obtained":[{"floor":4,"key":"Tiny Chest"},{"floor":6,"key":"Smiling Mask"},{"floor":9,"key":"Sundial"}],"event_choices":[{"cards_removed":["Strike_R"],"damage_healed":0,"gold_gain":0,"player_choice":"Forget","damage_taken":0,"max_hp_gain":0,"max_hp_loss":0,"event_name":"Living Wall","floor":2,"gold_loss":0},{"damage_healed":0,"gold_gain":0,"player_choice":"Ignored","damage_taken":0,"max_hp_gain":0,"max_hp_loss":0,"event_name":"Liars Game","floor":3,"gold_loss":0},{"damage_healed":0,"gold_gain":0,"player_choice":"Entered Light","damage_taken":23,"max_hp_gain":0,"max_hp_loss":0,"event_name":"Shining Light","floor":7,"gold_loss":0,"cards_upgraded":["Strike_R","Defend_R"]}],"is_beta":false,"boss_relics":[],"items_purged_floors":[],"is_endless":false,"potions_floor_spawned":[1,8,11,14],"killed_by":"The Guardian","ascension_level":20}