{"gold_per_floor":[119,129,148,3,60,60,94,106,142,154,182,228,240,315,327,339,456,468,495,507,444,455,470,470,12,12,93,93,117,146,146,146,177,177,274,274,286,298,298,1297,1237,1237,1253,1253,1253,1253,1273,1290,1325,419,431,431,431,431,431,51,85,85],"floor_reached":59,"playtime":3741,"items_purged":["Brutality","Clash+1","Rupture"],"score":1594,"play_id":"53418f57-e427-4dec-93b1-14b082d5c962","local_time":"20190330223620","is_ascension_mode":true,"campfire_choices":[{"data":"Armaments","floor":6,"key":"SMITH"},{"floor":8,"key":"REST"},{"data":"Demon Form","floor":16,"key":"SMITH"},{"data":"Armaments","floor":24,"key":"SMITH"},{"data":"Fiend Fire","floor":26,"key":"SMITH"},{"data":"Uppercut","floor":32,"key":"SMITH"},{"data":"Warcry","floor":34,"key":"SMITH"},{"data":"Purity","floor":42,"key":"SMITH"},{"data":"Battle Trance","floor":44,"key":"SMITH"},{"floor":52,"key":"RECALL"},{"floor":55,"key":"REST"}],"neow_cost":"NONE","seed_source_timestamp":124492049172700,"circlet_count":0,"master_deck":["Warcry+1","Double Tap","True Grit+1","Armaments+1","Entrench+1","Shrug It Off","Body Slam","Disarm","Corruption","Demon Form+1","Pummel","Searing Blow","Rage","Perfected Strike","Perfected Strike","Uppercut+1","Corruption","Searing Blow","Armaments+1","Fiend Fire+1","Pommel Strike","Blood for Blood","Double Tap","Searing Blow+1","Purity+1","Sadistic Nature","Battle Trance+1","Perfected Strike+1","Reckless Charge","Bandage Up","Perfected Strike","Reaper","Shrug It Off","Blood for Blood+1"],"relics":["Black Star","Omamori","Strawberry","MawBank","Art of War","Meat on the Bone","Pocketwatch","Potion Belt","Snecko Eye","Happy Flower","Charon\u0027s Ashes","Bottled Tornado","Pen Nib","Pantograph","Smiling Mask","Magic Flower","Bronze Scales","Velvet Choker","Orichalcum","Bag of Marbles","Ice Cream","Anchor","Chemical X","Bag of Preparation","War Paint"],"potions_floor_usage":[13,14,33,49,58,58,58,58],"damage_taken":[{"damage":0,"enemies":"Cultist","floor":1,"turns":4},{"damage":9,"enemies":"2 Louse","floor":2,"turns":4},{"damage":7,"enemies":"Jaw Worm","floor":3,"turns":3},{"damage":49,"enemies":"Gremlin Nob","floor":7,"turns":5},{"damage":0,"enemies":"2 Fungi Beasts","floor":11,"turns":5},{"damage":0,"enemies":"Lagavulin","floor":12,"turns":5},{"damage":13,"enemies":"Large Slime","floor":13,"turns":2},{"damage":20,"enemies":"Lagavulin Event","floor":14,"turns":4},{"damage":27,"enemies":"Slime Boss","floor":17,"turns":6},{"damage":0,"enemies":"Spheric Guardian","floor":19,"turns":3},{"damage":0,"enemies":"3 Byrds","floor":22,"turns":4},{"damage":12,"enemies":"Cultist and Chosen","floor":23,"turns":4},{"damage":15,"enemies":"Book of Stabbing","floor":30,"turns":4},{"damage":20,"enemies":"Gremlin Leader","floor":33,"turns":2},{"damage":16,"enemies":"Collector","floor":35,"turns":4},{"damage":9,"enemies":"Orb Walker","floor":37,"turns":2},{"damage":12,"enemies":"3 Darklings","floor":38,"turns":3},{"damage":32,"enemies":"Writhing Mass","floor":43,"turns":3},{"damage":18,"enemies":"4 Shapes","floor":47,"turns":4},{"damage":27,"enemies":"3 Darklings","floor":48,"turns":3},{"damage":13,"enemies":"Giant Head","floor":49,"turns":4},{"damage":9,"enemies":"Jaw Worm Horde","floor":51,"turns":3},{"damage":42,"enemies":"Donu and Deca","floor":53,"turns":5},{"damage":28,"enemies":"Shield and Spear","floor":57,"turns":5},{"damage":69,"enemies":"The Heart","floor":58,"turns":6}],"seed_played":"-3179853442948485115","potions_obtained":[{"floor":2,"key":"SmokeBomb"},{"floor":7,"key":"PowerPotion"},{"floor":12,"key":"Swift Potion"},{"floor":17,"key":"Swift Potion"},{"floor":22,"key":"SmokeBomb"},{"floor":23,"key":"Dexterity Potion"},{"floor":38,"key":"FearPotion"},{"floor":47,"key":"GamblersBrew"},{"floor":48,"key":"FearPotion"},{"floor":51,"key":"AttackPotion"}],"is_trial":false,"path_per_floor":["M","M","M","$","?","R","E","R","T","T","M","E","M","?","?","R","B",null,"M","?","$","M","M","R","$","R","T","T","T","E","$","R","E","R","B",null,"M","M","?","?","?","R","M","R","T","T","M","M","E","$","M","R","B",null,"R","$","E","B",null],"character_chosen":"IRONCLAD","items_purchased":["Omamori","Charon\u0027s Ashes","Fiend Fire","Ice Cream","Anchor","Chemical X","SpeedPotion","Block Potion","Bandage Up","Reaper","LiquidBronze","LiquidBronze","Shrug It Off"],"campfire_rested":2,"item_purchase_floors":[4,25,25,50,50,50,50,50,50,56,56,56,56],"current_hp_per_floor":[72,63,56,56,56,56,14,40,40,40,40,40,39,31,31,31,16,69,69,69,69,69,57,57,57,57,57,57,57,54,54,54,46,46,68,82,73,61,51,51,51,51,37,37,37,37,37,28,33,33,48,48,44,76,87,87,74,86],"gold":85,"neow_bonus":"BOSS_RELIC","is_prod":false,"is_daily":false,"chose_seed":false,"campfire_upgraded":8,"win_rate":0,"timestamp":1553952980,"path_taken":["M","?","M","$","?","R","E","R","T","M","E","M","?","?","R","BOSS","M","?","$","?","M","R","$","R","T","?","E","?","R","E","R","BOSS","M","M","?","?","?","R","M","R","T","?","M","E","$","M","R","BOSS","R","$","E","BOSS"],"build_version":"2019-01-23","purchased_purges":3,"victory":true,"max_hp_per_floor":[80,80,80,80,80,80,87,87,87,87,87,87,87,87,87,87,87,87,87,87,87,87,87,87,87,87,87,87,87,87,87,87,87,87,87,87,87,87,87,87,87,87,87,87,87,87,87,87,87,87,87,87,87,87,87,87,87,87],"card_choices":[{"not_picked":["Pommel Strike","Intimidate"],"picked":"Pummel","floor":1},{"not_picked":["Havoc","Bloodletting"],"picked":"Searing Blow","floor":3},{"not_picked":["Iron Wave","Armaments"],"picked":"Rupture","floor":7},{"not_picked":["Warcry","Second Wind"],"picked":"Rage","floor":11},{"not_picked":["Blood for Blood","Havoc"],"picked":"Perfected Strike","floor":12},{"not_picked":["Second Wind","Body Slam"],"picked":"Perfected Strike","floor":14},{"not_picked":["Limit Break","Barricade"],"picked":"Brutality","floor":17},{"not_picked":["Heavy Blade","Clothesline"],"picked":"Corruption","floor":19},{"not_picked":["Anger","Spot Weakness"],"picked":"Searing Blow","floor":22},{"not_picked":["Havoc+1","Sever Soul"],"picked":"Armaments","floor":23},{"not_picked":["Wild Strike+1","Havoc+1"],"picked":"Pommel Strike","floor":30},{"not_picked":["Cleave","Clash"],"picked":"Blood for Blood","floor":33},{"not_picked":["Immolate","Reaper"],"picked":"Double Tap","floor":35},{"not_picked":["Iron Wave","True Grit"],"picked":"Searing Blow+1","floor":37},{"not_picked":["Shockwave","Carnage"],"picked":"Body Slam","floor":38},{"not_picked":["Panacea","Secret Weapon"],"picked":"PanicButton","floor":39},{"not_picked":["Blind","Mind Blast"],"picked":"Purity","floor":39},{"not_picked":["Headbutt+1","Infernal Blade"],"picked":"Rupture","floor":43},{"not_picked":["Twin Strike","Thunderclap+1"],"picked":"Perfected Strike+1","floor":47},{"not_picked":["Disarm","Flex"],"picked":"Clash+1","floor":48},{"not_picked":["Brutality","Dropkick"],"picked":"Reckless Charge","floor":49},{"not_picked":["Pommel Strike+1","Havoc"],"picked":"Perfected Strike","floor":51},{"not_picked":["Shrug It Off","Pommel Strike+1"],"picked":"Blood for Blood+1","floor":57}],"player_experience":2759758,"relics_obtained":[{"floor":7,"key":"Strawberry"},{"floor":7,"key":"MawBank"},{"floor":9,"key":"Art of War"},{"floor":12,"key":"Meat on the Bone"},{"floor":12,"key":"Pocketwatch"},{"floor":14,"key":"Potion Belt"},{"floor":20,"key":"Happy Flower"},{"floor":27,"key":"Bottled Tornado"},{"floor":29,"key":"Pen Nib"},{"floor":30,"key":"Pantograph"},{"floor":30,"key":"Smiling Mask"},{"floor":33,"key":"Magic Flower"},{"floor":33,"key":"Bronze Scales"},{"floor":49,"key":"Orichalcum"},{"floor":49,"key":"Bag of Marbles"},{"floor":57,"key":"Bag of Preparation"},{"floor":57,"key":"War Paint"}],"event_choices":[{"damage_healed":0,"gold_gain":57,"player_choice":"Gained Gold","damage_taken":0,"max_hp_gain":0,"max_hp_loss":0,"event_name":"Golden Wing","floor":5,"gold_loss":0},{"damage_healed":0,"gold_gain":0,"player_choice":"Searched \u00271\u0027 times","damage_taken":0,"max_hp_gain":0,"max_hp_loss":0,"event_name":"Dead Adventurer","floor":14,"gold_loss":0},{"damage_healed":0,"gold_gain":0,"cards_transformed":["Rupture"],"player_choice":"Change","damage_taken":0,"max_hp_gain":0,"max_hp_loss":0,"event_name":"Living Wall","floor":15,"gold_loss":0,"cards_obtained":["Uppercut"]},{"damage_healed":0,"gold_gain":0,"player_choice":"Relic","damage_taken":0,"max_hp_gain":0,"max_hp_loss":0,"event_name":"Wheel of Change","floor":20,"gold_loss":0},{"damage_healed":0,"gold_gain":0,"player_choice":"Memory 3","damage_taken":10,"max_hp_gain":0,"max_hp_loss":0,"event_name":"SensoryStone","floor":39,"gold_loss":0},{"damage_healed":0,"gold_gain":999,"player_choice":"Gold","damage_taken":0,"max_hp_gain":0,"max_hp_loss":0,"event_name":"MindBloom","floor":40,"gold_loss":0,"cards_obtained":["Normality","Normality"]},{"damage_healed":0,"gold_gain":0,"cards_transformed":["PanicButton","Body Slam"],"player_choice":"Transformed Cards","damage_taken":0,"max_hp_gain":0,"max_hp_loss":0,"event_name":"Designer","floor":41,"gold_loss":60,"cards_obtained":["Sadistic Nature","Battle Trance"]}],"is_beta":false,"boss_relics":[{"not_picked":["Runic Pyramid","Eternal Feather"],"picked":"Snecko Eye"},{"not_picked":["Empty Cage","Coffee Dripper"],"picked":"Velvet Choker"}],"items_purged_floors":[21,50,56],"is_endless":false,"potions_floor_spawned":[2,7,12,17,22,23,38,47,48,51],"ascension_level":6}