{"gold_per_floor":[118,138,153,5,19,19,46,46,46,380,23,81,101,111,111,190,190,206,222,222,242,260,260,274,199,199,199,217,217,241,0,0,75,75,90,106,106,119,132,132,165,184,184,184,200,231,231,247,247,247,247,247,247,30,62,62],"floor_reached":57,"playtime":3030,"items_purged":["Strike_R"],"score":2856,"play_id":"6972ab5f-73d3-41ca-aa4e-377548066351","local_time":"20190413151231","is_ascension_mode":true,"campfire_choices":[{"data":"Whirlwind","floor":6,"key":"SMITH"},{"data":"Bash","floor":8,"key":"SMITH"},{"data":"True Grit","floor":15,"key":"SMITH"},{"data":"Body Slam","floor":23,"key":"SMITH"},{"data":"Feel No Pain","floor":27,"key":"SMITH"},{"data":"Shrug It Off","floor":29,"key":"SMITH"},{"data":"Fiend Fire","floor":32,"key":"SMITH"},{"floor":40,"key":"RECALL"},{"floor":44,"key":"REST"},{"floor":49,"key":"REST"},{"data":"Juggernaut","floor":53,"key":"SMITH"}],"neow_cost":"NONE","seed_source_timestamp":96795997475000,"circlet_count":0,"master_deck":["AscendersBane","Strike_R","Defend_R","Defend_R+1","Defend_R","Defend_R+1","Bash+1","Whirlwind+1","Shrug It Off+1","Feel No Pain+1","True Grit+1","Feed","Body Slam+1","Entrench+1","Armaments+1","True Grit+1","Offering+1","Feel No Pain+1","Entrench+1","Sentinel+1","Fiend Fire+1","Second Wind+1","Infernal Blade+1","Feed+1","Ghostly Armor+1","Entrench+1","Exhume+1","Disarm+1","Juggernaut+1","Deep Breath+1","Evolve"],"relics":["Burning Blood","NeowsBlessing","Happy Flower","Mercury Hourglass","Old Coin","Toxic Egg 2","Pocketwatch","Runic Dome","PreservedInsect","Bag of Preparation","Astrolabe","Pear","Smiling Mask","Question Card","OrangePellets","War Paint"],"potions_floor_usage":[7,12,16,22,33,38,41,51,56,56],"damage_taken":[{"damage":0,"enemies":"Cultist","floor":1,"turns":1},{"damage":0,"enemies":"Jaw Worm","floor":2,"turns":1},{"damage":0,"enemies":"2 Louse","floor":3,"turns":1},{"damage":10,"enemies":"Red Slaver","floor":5,"turns":5},{"damage":37,"enemies":"Lagavulin","floor":7,"turns":10},{"damage":12,"enemies":"3 Sentries","floor":10,"turns":5},{"damage":10,"enemies":"3 Sentries","floor":12,"turns":4},{"damage":5,"enemies":"Exordium Thugs","floor":13,"turns":6},{"damage":5,"enemies":"Gremlin Gang","floor":14,"turns":5},{"damage":8,"enemies":"The Guardian","floor":16,"turns":9},{"damage":6,"enemies":"Spheric Guardian","floor":18,"turns":3},{"damage":14,"enemies":"Shell Parasite","floor":19,"turns":7},{"damage":6,"enemies":"Centurion and Healer","floor":21,"turns":7},{"damage":6,"enemies":"Cultist and Chosen","floor":22,"turns":8},{"damage":19,"enemies":"Sentry and Sphere","floor":24,"turns":6},{"damage":7,"enemies":"Centurion and Healer","floor":28,"turns":9},{"damage":24,"enemies":"Champ","floor":33,"turns":7},{"damage":20,"enemies":"3 Darklings","floor":35,"turns":5},{"damage":6,"enemies":"Orb Walker","floor":36,"turns":3},{"damage":11,"enemies":"3 Darklings","floor":38,"turns":5},{"damage":30,"enemies":"Writhing Mass","floor":39,"turns":4},{"damage":45,"enemies":"Reptomancer","floor":41,"turns":6},{"damage":6,"enemies":"Spire Growth","floor":42,"turns":4},{"damage":12,"enemies":"4 Shapes","floor":45,"turns":6},{"damage":6,"enemies":"Nemesis","floor":46,"turns":5},{"damage":12,"enemies":"Maw","floor":48,"turns":6},{"damage":12,"enemies":"Donu and Deca","floor":50,"turns":7},{"damage":31,"enemies":"Awakened One","floor":51,"turns":17},{"damage":67,"enemies":"Shield and Spear","floor":55,"turns":5},{"damage":74,"enemies":"The Heart","floor":56,"turns":11}],"seed_played":"-4631578859839114708","potions_obtained":[{"floor":2,"key":"LiquidBronze"},{"floor":3,"key":"Strength Potion"},{"floor":7,"key":"PowerPotion"},{"floor":13,"key":"PowerPotion"},{"floor":16,"key":"Energy Potion"},{"floor":22,"key":"Poison Potion"},{"floor":36,"key":"Strength Potion"},{"floor":38,"key":"Fruit Juice"},{"floor":41,"key":"Block Potion"},{"floor":46,"key":"Block Potion"},{"floor":55,"key":"SkillPotion"}],"is_trial":false,"path_per_floor":["M","M","M","$","M","R","E","R","T","E","$","?","M","M","R","B",null,"M","M","?","M","M","R","M","$","T","R","M","R","T","$","R","B",null,"M","M","?","M","M","R","E","M","T","R","M","E","?","M","R","B","B",null,"R","$","E","B",null],"character_chosen":"IRONCLAD","items_purchased":["Feel No Pain","True Grit","Fire Potion","Toxic Egg 2","Entrench+1","Bag of Preparation","Fiend Fire","OrangePellets"],"campfire_rested":2,"item_purchase_floors":[4,4,4,11,11,31,31,54],"current_hp_per_floor":[74,75,75,75,71,71,40,40,40,37,37,36,41,46,46,44,78,82,78,78,82,86,86,77,77,77,77,80,80,80,80,80,62,100,90,90,90,94,70,70,41,41,41,81,86,86,76,70,114,108,90,138,138,138,81,13],"gold":62,"neow_bonus":"THREE_ENEMY_KILL","is_prod":false,"is_daily":false,"chose_seed":false,"campfire_upgraded":8,"win_rate":0,"timestamp":1555135951,"path_taken":["M","M","?","$","M","R","E","R","T","E","?","?","?","M","R","BOSS","M","M","?","M","?","R","M","$","T","R","M","R","?","$","R","BOSS","M","?","?","M","M","R","E","M","T","R","M","E","?","M","R","BOSS","BOSS","R","$","E","BOSS"],"build_version":"2019-01-23","purchased_purges":1,"victory":true,"max_hp_per_floor":[75,75,75,75,75,75,75,75,75,78,78,81,85,89,89,89,89,93,97,97,101,105,105,109,109,109,109,113,113,113,113,113,113,113,117,117,117,126,126,126,136,136,136,136,147,147,147,147,147,147,154,154,154,154,158,158],"card_choices":[{"not_picked":["Thunderclap","Perfected Strike","Infernal Blade"],"picked":"SKIP","floor":1},{"not_picked":["Thunderclap","Perfected Strike","Infernal Blade"],"picked":"SKIP","floor":1},{"not_picked":["Clash","Thunderclap"],"picked":"Whirlwind","floor":2},{"not_picked":["Metallicize","Thunderclap"],"picked":"Shrug It Off","floor":3},{"not_picked":["Ghostly Armor","Hemokinesis","Intimidate"],"picked":"SKIP","floor":5},{"not_picked":["Intimidate","Power Through"],"picked":"Feed","floor":7},{"not_picked":["Metallicize","Twin Strike"],"picked":"Body Slam","floor":10},{"not_picked":["Combust","Warcry+1"],"picked":"Armaments+1","floor":12},{"not_picked":["Pommel Strike","Thunderclap","Iron Wave"],"picked":"SKIP","floor":13},{"not_picked":["Iron Wave","Clothesline"],"picked":"True Grit+1","floor":14},{"not_picked":["Exhume+1","Dark Embrace"],"picked":"Offering+1","floor":16},{"not_picked":["Hemokinesis","Wild Strike"],"picked":"Feel No Pain+1","floor":18},{"not_picked":["Power Through+1","Bloodletting+1","Warcry+1"],"picked":"SKIP","floor":19},{"not_picked":["Infernal Blade+1","Armaments+1"],"picked":"Sentinel+1","floor":21},{"not_picked":["Warcry+1","Anger","Intimidate+1"],"picked":"SKIP","floor":22},{"not_picked":["Armaments+1","Wild Strike","Sword Boomerang+1"],"picked":"SKIP","floor":24},{"not_picked":["Dropkick","Inflame","Rampage"],"picked":"SKIP","floor":28},{"not_picked":["Armaments+1","Inflame","Body Slam"],"picked":"SKIP","floor":35},{"not_picked":["Blood for Blood","Flex+1","Searing Blow"],"picked":"SKIP","floor":36},{"not_picked":["Thunderclap+1","Dropkick+1"],"picked":"Ghostly Armor+1","floor":38},{"not_picked":["True Grit+1","Sever Soul"],"picked":"Entrench+1","floor":39},{"not_picked":["Entrench+1","Headbutt","Bloodletting+1"],"picked":"SKIP","floor":41},{"not_picked":["Flex+1","Blood for Blood"],"picked":"Exhume+1","floor":42},{"not_picked":["Infernal Blade+1","Shrug It Off+1"],"picked":"Disarm+1","floor":45},{"not_picked":["Spot Weakness+1","Hemokinesis"],"picked":"Juggernaut","floor":46},{"not_picked":["Panache","Sadistic Nature","Mayhem"],"picked":"Deep Breath+1","floor":47},{"not_picked":["Heavy Blade","Iron Wave+1","Rupture","Headbutt+1"],"picked":"SKIP","floor":48},{"not_picked":["Second Wind+1","Thunderclap+1","Warcry+1"],"picked":"Evolve","floor":55}],"player_experience":3100522,"relics_obtained":[{"floor":7,"key":"Happy Flower"},{"floor":9,"key":"Mercury Hourglass"},{"floor":10,"key":"Old Coin"},{"floor":12,"key":"Pocketwatch"},{"floor":30,"key":"PreservedInsect"},{"floor":41,"key":"Pear"},{"floor":43,"key":"Smiling Mask"},{"floor":46,"key":"Question Card"},{"floor":55,"key":"War Paint"}],"event_choices":[{"damage_healed":0,"gold_gain":0,"player_choice":"Searched \u00271\u0027 times","damage_taken":0,"max_hp_gain":0,"max_hp_loss":0,"event_name":"Dead Adventurer","floor":12,"gold_loss":0},{"damage_healed":0,"gold_gain":0,"player_choice":"Copied","damage_taken":0,"max_hp_gain":0,"max_hp_loss":0,"event_name":"Duplicator","floor":20,"gold_loss":0,"cards_obtained":["Entrench"]},{"damage_healed":0,"gold_gain":0,"player_choice":"Ignored","damage_taken":0,"max_hp_gain":0,"max_hp_loss":0,"event_name":"Mysterious Sphere","floor":37,"gold_loss":0},{"damage_healed":0,"gold_gain":0,"player_choice":"Memory 3","damage_taken":10,"max_hp_gain":0,"max_hp_loss":0,"event_name":"SensoryStone","floor":47,"gold_loss":0}],"is_beta":false,"boss_relics":[{"not_picked":["Black Star","Calling Bell"],"picked":"Runic Dome"},{"not_picked":["Lizard Tail","Fusion Hammer"],"picked":"Astrolabe"}],"items_purged_floors":[25],"is_endless":false,"potions_floor_spawned":[2,3,7,13,16,18,22,24,36,38,41,46,48,55],"ascension_level":20}