{"gold_per_floor":[111,111,111,131,131,157,157,174,226,226,255,290,290,321,321,400,400,359,359,359,359,359,386,386,301,325,360,370,34,34,45,45,119,119,130,130,479,479,243,278,278,295,295,295,315,328,228,263,263,263,263,263,263,29,59,59],"floor_reached":57,"playtime":2310,"items_purged":["Strike_R","Doubt"],"score":3040,"play_id":"c31ed50e-700a-4c1e-bee5-6eaa3ab9547f","local_time":"20190318194021","is_ascension_mode":true,"campfire_choices":[{"data":"Demon Form","floor":7,"key":"SMITH"},{"data":"Bash","floor":10,"key":"SMITH"},{"data":"Entrench","floor":15,"key":"SMITH"},{"data":"Whirlwind","floor":24,"key":"SMITH"},{"data":"Power Through","floor":30,"key":"SMITH"},{"data":"True Grit","floor":32,"key":"SMITH"},{"data":"Discovery","floor":41,"key":"SMITH"},{"data":"Body Slam","floor":44,"key":"SMITH"},{"floor":49,"key":"RECALL"},{"data":"Impervious","floor":53,"key":"SMITH"}],"neow_cost":"NONE","seed_source_timestamp":116258477782400,"circlet_count":0,"master_deck":["AscendersBane","Defend_R","Defend_R","Defend_R","Defend_R","Bash+1","Spot Weakness","Demon Form+1","Entrench+1","Power Through+1","Offering","Thunderclap+1","Fiend Fire+1","Evolve+1","Second Wind","Whirlwind+1","Ghostly","Ghostly","Ghostly","True Grit+1","Impervious+1","Shrug It Off+1","Discovery+1","Reaper+1","Body Slam+1","Battle Trance+1","Warcry+1","Master of Strategy"],"relics":["Burning Blood","NeowsBlessing","Happy Flower","Art of War","PreservedInsect","WingedGreaves","Strawberry","Red Skull","Regal Pillow","Astrolabe","Centennial Puzzle","Bronze Scales","Bag of Preparation","Pen Nib","Lantern","Anchor","Cursed Key","Old Coin","Potion Belt","Whetstone","Mummified Hand"],"potions_floor_usage":[27,33,37,56],"damage_taken":[{"damage":0,"enemies":"Small Slimes","floor":1,"turns":1},{"damage":0,"enemies":"2 Louse","floor":4,"turns":1},{"damage":0,"enemies":"Lagavulin","floor":6,"turns":1},{"damage":1,"enemies":"Cultist","floor":8,"turns":4},{"damage":8,"enemies":"Gremlin Nob","floor":11,"turns":3},{"damage":0,"enemies":"Lagavulin","floor":12,"turns":4},{"damage":32,"enemies":"Gremlin Nob","floor":14,"turns":4},{"damage":23,"enemies":"Hexaghost","floor":16,"turns":8},{"damage":17,"enemies":"2 Thieves","floor":18,"turns":5},{"damage":4,"enemies":"Book of Stabbing","floor":23,"turns":4},{"damage":2,"enemies":"Gremlin Leader","floor":27,"turns":5},{"damage":1,"enemies":"Spheric Guardian","floor":28,"turns":1},{"damage":7,"enemies":"Shelled Parasite and Fungi","floor":31,"turns":4},{"damage":5,"enemies":"Automaton","floor":33,"turns":6},{"damage":6,"enemies":"3 Shapes","floor":35,"turns":6},{"damage":11,"enemies":"2 Orb Walkers","floor":37,"turns":4},{"damage":12,"enemies":"Reptomancer","floor":40,"turns":6},{"damage":11,"enemies":"3 Darklings","floor":42,"turns":6},{"damage":2,"enemies":"Writhing Mass","floor":45,"turns":4},{"damage":2,"enemies":"4 Shapes","floor":46,"turns":3},{"damage":1,"enemies":"Nemesis","floor":48,"turns":1},{"damage":1,"enemies":"Time Eater","floor":50,"turns":8},{"damage":19,"enemies":"Donu and Deca","floor":51,"turns":9},{"damage":16,"enemies":"Shield and Spear","floor":55,"turns":5},{"damage":18,"enemies":"The Heart","floor":56,"turns":8}],"seed_played":"-1147890740906051124","potions_obtained":[{"floor":8,"key":"Energy Potion"},{"floor":11,"key":"EntropicBrew"},{"floor":23,"key":"Regen Potion"},{"floor":28,"key":"Block Potion"},{"floor":35,"key":"Fire Potion"},{"floor":37,"key":"Weak Potion"},{"floor":42,"key":"FearPotion"},{"floor":48,"key":"FearPotion"},{"floor":55,"key":"FairyPotion"}],"is_trial":false,"path_per_floor":["M","?","?","M","?","E","R","M","T","R","E","E","?","E","R","B",null,"M","?","?","?","?","E","R","?","T","E","M","$","R","M","R","B",null,"M","?","?","?","$","E","R","M","T","R","M","M","$","E","R","B","B",null,"R","$","E","B",null],"character_chosen":"IRONCLAD","items_purchased":["Lantern","Anchor","Reaper","PowerPotion","Master of Strategy"],"campfire_rested":0,"item_purchase_floors":[29,29,39,54,54],"current_hp_per_floor":[74,74,67,73,73,75,75,75,75,75,73,82,71,45,45,28,69,58,58,58,34,34,36,36,36,36,43,43,43,43,42,42,43,43,43,33,28,28,28,43,43,43,43,43,43,43,43,43,43,43,43,43,43,43,43,43],"gold":59,"neow_bonus":"THREE_ENEMY_KILL","is_prod":false,"is_daily":false,"chose_seed":false,"campfire_upgraded":9,"win_rate":0,"timestamp":1552905621,"path_taken":["M","?","?","M","?","E","R","?","T","R","E","E","?","E","R","BOSS","M","?","?","?","?","E","R","?","T","E","M","$","R","M","R","BOSS","M","?","?","?","$","E","R","?","T","R","M","M","?","E","R","BOSS","BOSS","R","$","E","BOSS"],"build_version":"2019-01-23","purchased_purges":2,"victory":true,"max_hp_per_floor":[75,75,75,75,75,75,75,75,75,75,75,82,82,82,82,82,82,82,82,82,87,43,43,43,43,43,43,43,43,43,43,43,43,43,43,43,43,43,43,43,43,43,43,43,43,43,43,43,43,43,43,43,43,43,43,43],"card_choices":[{"not_picked":["Armaments","Havoc","Heavy Blade"],"picked":"SKIP","floor":1},{"not_picked":["Uppercut","Corruption"],"picked":"Spot Weakness","floor":4},{"not_picked":["Thunderclap","Havoc"],"picked":"Demon Form","floor":6},{"not_picked":["Iron Wave","Metallicize","Havoc"],"picked":"SKIP","floor":8},{"not_picked":["Hemokinesis","Wild Strike","Cleave"],"picked":"SKIP","floor":11},{"not_picked":["Heavy Blade","Sentinel"],"picked":"Entrench","floor":12},{"not_picked":["Anger","Warcry"],"picked":"Power Through","floor":14},{"not_picked":["Limit Break","Dark Embrace"],"picked":"Offering","floor":16},{"not_picked":["Shrug It Off","Twin Strike"],"picked":"Second Wind","floor":18},{"not_picked":["Armaments","Shockwave","Iron Wave"],"picked":"SKIP","floor":23},{"not_picked":["Flex","Burning Pact"],"picked":"Heavy Blade+1","floor":27},{"not_picked":["Twin Strike","Sword Boomerang","Heavy Blade"],"picked":"SKIP","floor":28},{"not_picked":["Sever Soul+1","Heavy Blade"],"picked":"True Grit","floor":31},{"not_picked":["Limit Break","Berserk"],"picked":"Impervious","floor":33},{"not_picked":["Reckless Charge","Dropkick"],"picked":"Shrug It Off+1","floor":35},{"not_picked":["Mind Blast","Blind"],"picked":"Discovery","floor":36},{"not_picked":["Perfected Strike+1","Rampage+1","Shrug It Off"],"picked":"SKIP","floor":40},{"not_picked":["Disarm","Clash"],"picked":"Body Slam","floor":42},{"not_picked":["Cleave","Inflame"],"picked":"Battle Trance+1","floor":45},{"not_picked":["Uppercut","Sword Boomerang+1"],"picked":"Warcry+1","floor":46},{"not_picked":["Twin Strike","Perfected Strike","Thunderclap"],"picked":"SKIP","floor":48},{"not_picked":["Cleave","Shrug It Off","Heavy Blade"],"picked":"SKIP","floor":55}],"player_experience":2354474,"relics_obtained":[{"floor":6,"key":"Art of War"},{"floor":9,"key":"PreservedInsect"},{"floor":11,"key":"WingedGreaves"},{"floor":12,"key":"Strawberry"},{"floor":14,"key":"Regal Pillow"},{"floor":23,"key":"Centennial Puzzle"},{"floor":26,"key":"Bag of Preparation"},{"floor":27,"key":"Pen Nib"},{"floor":37,"key":"Old Coin"},{"floor":40,"key":"Potion Belt"},{"floor":48,"key":"Whetstone"},{"floor":55,"key":"Mummified Hand"}],"event_choices":[{"damage_healed":0,"gold_gain":0,"player_choice":"Box","damage_taken":0,"relics_obtained":["Happy Flower"],"max_hp_gain":0,"max_hp_loss":0,"event_name":"Big Fish","floor":2,"gold_loss":0,"cards_obtained":["Regret"]},{"cards_removed":["Regret"],"damage_healed":0,"gold_gain":0,"player_choice":"Card Removal","damage_taken":7,"max_hp_gain":0,"max_hp_loss":0,"event_name":"Golden Wing","floor":3,"gold_loss":0},{"cards_removed":["Strike_R"],"damage_healed":0,"gold_gain":0,"player_choice":"Offered Basic","damage_taken":0,"max_hp_gain":0,"max_hp_loss":0,"event_name":"Bonfire Elementals","floor":5,"gold_loss":0},{"damage_healed":0,"gold_gain":0,"player_choice":"Success","damage_taken":11,"relics_obtained":["Red Skull"],"max_hp_gain":0,"max_hp_loss":0,"event_name":"Scrap Ooze","floor":13,"gold_loss":0},{"damage_healed":0,"gold_gain":0,"player_choice":"Read","damage_taken":0,"max_hp_gain":0,"max_hp_loss":0,"event_name":"The Library","floor":19,"gold_loss":0,"cards_obtained":["Whirlwind"]},{"damage_healed":0,"gold_gain":0,"player_choice":"Ignored","damage_taken":0,"max_hp_gain":0,"max_hp_loss":0,"event_name":"The Mausoleum","floor":20,"gold_loss":0},{"damage_healed":0,"gold_gain":0,"player_choice":"Shed Blood","damage_taken":29,"max_hp_gain":5,"max_hp_loss":0,"event_name":"Forgotten Altar","floor":21,"gold_loss":0},{"damage_healed":0,"gold_gain":0,"player_choice":"Became a Ghost","damage_taken":0,"max_hp_gain":0,"max_hp_loss":44,"event_name":"Ghosts","floor":22,"gold_loss":0,"cards_obtained":["Ghostly","Ghostly","Ghostly"]},{"damage_healed":0,"gold_gain":0,"player_choice":"Obtained Relic","damage_taken":0,"relics_obtained":["Bronze Scales"],"max_hp_gain":0,"max_hp_loss":0,"event_name":"Addict","floor":25,"gold_loss":85},{"damage_healed":0,"gold_gain":0,"player_choice":"Memory 3","damage_taken":10,"max_hp_gain":0,"max_hp_loss":0,"event_name":"SensoryStone","floor":36,"gold_loss":0},{"damage_healed":0,"gold_gain":0,"player_choice":"Fight","damage_taken":0,"max_hp_gain":0,"max_hp_loss":0,"event_name":"Mysterious Sphere","floor":37,"gold_loss":0},{"cards_removed":["Heavy Blade"],"damage_healed":0,"gold_gain":0,"player_choice":"Removed Attack","damage_taken":0,"max_hp_gain":0,"max_hp_loss":0,"event_name":"Falling","floor":38,"gold_loss":0}],"is_beta":false,"boss_relics":[{"not_picked":["Mark of Pain","Sozu"],"picked":"Astrolabe"},{"not_picked":["Black Blood","Calling Bell"],"picked":"Cursed Key"}],"items_purged_floors":[39,47],"is_endless":false,"potions_floor_spawned":[8,11,12,14,16,23,28,31,35,37,42,48,55],"ascension_level":20}