{"gold_per_floor":[117,117,137,96,108,108,142,142,142,154,154,166,4,31,31,108,108,128,128,128,52,52,52,66,99,99,113,145,145,159,209,209,283,283,302,133,148,148],"floor_reached":38,"playtime":2322,"items_purged":[],"score":785,"play_id":"16219ed1-8daf-4902-92c3-df987d9cdc2b","local_time":"20181207145545","is_ascension_mode":true,"campfire_choices":[{"data":"Sweeping Beam","floor":6.0,"key":"SMITH"},{"data":"Metamorphosis","floor":8.0,"key":"SMITH"},{"data":"Scrape","floor":11.0,"key":"SMITH"},{"data":"Hologram","floor":15.0,"key":"SMITH"},{"data":"Fission","floor":23.0,"key":"SMITH"},{"floor":29.0,"key":"REST"},{"data":"Core Surge","floor":32.0,"key":"SMITH"}],"neow_cost":"TEN_PERCENT_HP_LOSS","seed_source_timestamp":0,"circlet_count":0,"master_deck":["AscendersBane","Defend_B","Defend_B","Defend_B","Defend_B","Zap+1","Dualcast","Finesse","Metamorphosis+1","Sweeping Beam+1","Core Surge+1","Capacitor","Self Repair","Leap","Scrape+1","Hologram+1","Ball Lightning","Fission+1","Coolheaded","Bite","Bite","Bite","Bite","Bite","Glacier","Sweeping Beam+1","Compile Driver","Core Surge","Conserve Battery","All For One","Gash+1","All For One","Stack+1","Hologram"],"special_seed":0,"relics":["Cracked Core","Nunchaku","Mummified Hand","Torii","Sozu","Enchiridion","Thread and Needle","Bottled Flame","Pantograph","Orrery","Bag of Preparation"],"potions_floor_usage":[],"damage_taken":[{"damage":2.0,"enemies":"Jaw Worm","floor":1.0,"turns":3.0},{"damage":1.0,"enemies":"Cultist","floor":3.0,"turns":3.0},{"damage":2.0,"enemies":"2 Louse","floor":5.0,"turns":2.0},{"damage":40.0,"enemies":"Gremlin Nob","floor":7.0,"turns":4.0},{"damage":3.0,"enemies":"Blue Slaver","floor":10.0,"turns":3.0},{"damage":4.0,"enemies":"3 Louse","floor":12.0,"turns":3.0},{"damage":15.0,"enemies":"3 Sentries","floor":14.0,"turns":3.0},{"damage":18.0,"enemies":"Slime Boss","floor":16.0,"turns":6.0},{"damage":1.0,"enemies":"Chosen","floor":18.0,"turns":4.0},{"damage":10.0,"enemies":"Shell Parasite","floor":24.0,"turns":4.0},{"damage":25.0,"enemies":"Book of Stabbing","floor":25.0,"turns":4.0},{"damage":0.0,"enemies":"Centurion and Healer","floor":27.0,"turns":5.0},{"damage":37.0,"enemies":"Slavers","floor":28.0,"turns":4.0},{"damage":0.0,"enemies":"Sentry and Sphere","floor":30.0,"turns":3.0},{"damage":28.0,"enemies":"Collector","floor":33.0,"turns":10.0},{"damage":8,"enemies":"Orb Walker","floor":35,"turns":3},{"damage":17,"enemies":"3 Darklings","floor":37,"turns":4},{"damage":50,"enemies":"2 Orb Walkers","floor":38,"turns":4}],"seed_played":"58426032560399942","potions_obtained":[{"floor":1.0,"key":"FearPotion"},{"floor":3.0,"key":"SkillPotion"},{"floor":10.0,"key":"SteroidPotion"},{"floor":12.0,"key":"GamblersBrew"},{"floor":14.0,"key":"FearPotion"}],"is_trial":false,"path_per_floor":["M","?","M","$","M","R","E","R","T","M","R","M","$","E","R","B",null,"M","?","?","$","?","R","M","E","T","M","E","R","M","?","R","B",null,"M","$","M","?"],"character_chosen":"DEFECT","items_purchased":["Capacitor","Blood Vial","Glacier","Bag of Preparation"],"campfire_rested":1,"item_purchase_floors":[4,13,21,36],"current_hp_per_floor":[62,62,61,61,59,59,26,26,26,30,30,33,33,27,27,11,51,59,38,38,38,38,38,36,28,28,38,14,33,46,46,46,53,61,56,56,43,0],"gold":148,"neow_bonus":"RANDOM_COLORLESS_2","is_prod":false,"is_daily":false,"chose_seed":false,"campfire_upgraded":6,"win_rate":0,"timestamp":1544165745,"path_taken":["M","?","M","$","?","R","E","R","T","M","R","M","?","E","R","BOSS","M","?","?","$","?","R","M","E","T","M","E","R","M","?","R","BOSS","M","$","M","?"],"build_version":"2018-11-15","purchased_purges":0,"victory":false,"max_hp_per_floor":[64,64,64,64,64,64,64,64,64,64,64,64,64,64,64,64,64,64,64,64,64,64,64,64,64,64,64,64,64,64,64,64,64,64,64,64,64,64],"card_choices":[{"not_picked":["Steam","Streamline"],"picked":"Sweeping Beam","floor":1.0},{"not_picked":["Turbo","Conserve Battery"],"picked":"Core Surge","floor":3.0},{"not_picked":["Rebound","Hello World"],"picked":"Self Repair","floor":5.0},{"not_picked":["Melter","Biased Cognition"],"picked":"Leap","floor":7.0},{"not_picked":["Streamline","BootSequence"],"picked":"Scrape","floor":10.0},{"not_picked":["Sweeping Beam","Skim"],"picked":"Hologram","floor":12.0},{"not_picked":["Barrage","Coolheaded"],"picked":"Ball Lightning","floor":14.0},{"not_picked":["Amplify","Hyperbeam"],"picked":"Fission","floor":16.0},{"not_picked":["Loop","Ball Lightning"],"picked":"Coolheaded","floor":18.0},{"not_picked":["Chaos","FTL"],"picked":"Sweeping Beam+1","floor":24.0},{"not_picked":["Beam Cell","Cold Snap"],"picked":"Compile Driver","floor":25.0},{"not_picked":["Streamline","Gash"],"picked":"Core Surge","floor":27.0},{"not_picked":["Barrage","Turbo"],"picked":"Conserve Battery","floor":28.0},{"not_picked":["Sweeping Beam","Barrage","Steam Power"],"picked":"SKIP","floor":30.0},{"not_picked":["Electrodynamics","Hyperbeam"],"picked":"All For One","floor":33.0},{"not_picked":["Double Energy","Stack"],"picked":"Gash+1","floor":34},{"not_picked":["Hello World","Stack"],"picked":"All For One","floor":34},{"not_picked":["Storm","Sweeping Beam"],"picked":"Stack+1","floor":34},{"not_picked":["Hologram","Barrage","Streamline"],"picked":"SKIP","floor":35},{"not_picked":["Barrage","Streamline"],"picked":"Hologram","floor":35},{"not_picked":["Rebound","Sweeping Beam","Cold Snap"],"picked":"SKIP","floor":37}],"player_experience":605791,"relics_obtained":[{"floor":7.0,"key":"Nunchaku"},{"floor":9.0,"key":"Mummified Hand"},{"floor":14.0,"key":"Torii"},{"floor":19.0,"key":"Enchiridion"},{"floor":25.0,"key":"Thread and Needle"},{"floor":26.0,"key":"Bottled Flame"},{"floor":28.0,"key":"Pantograph"}],"event_choices":[{"damage_healed":0.0,"max_hp_gain":0.0,"max_hp_loss":0.0,"gold_gain":0.0,"event_name":"Upgrade Shrine","player_choice":"Upgraded","floor":2.0,"gold_loss":0.0,"damage_taken":0.0,"cards_upgraded":["Zap"]},{"damage_healed":0.0,"max_hp_gain":0.0,"max_hp_loss":0.0,"gold_gain":0.0,"event_name":"Cursed Tome","player_choice":"Obtained Book","floor":19.0,"gold_loss":0.0,"damage_taken":21.0},{"damage_healed":0.0,"max_hp_gain":0.0,"max_hp_loss":0.0,"gold_gain":0.0,"event_name":"Vampires","player_choice":"Became a vampire (Vial)","floor":20.0,"relics_lost":["Blood Vial"],"gold_loss":0.0,"damage_taken":0.0,"cards_obtained":["Bite","Bite","Bite","Bite","Bite"]},{"damage_healed":0.0,"max_hp_gain":0.0,"max_hp_loss":0.0,"gold_gain":0.0,"event_name":"Beggar","player_choice":"Ignored","floor":22.0,"gold_loss":0.0,"damage_taken":0.0},{"damage_healed":0.0,"max_hp_gain":0.0,"max_hp_loss":0.0,"gold_gain":50.0,"event_name":"Nest","player_choice":"Stole From Cult","floor":31.0,"gold_loss":0.0,"damage_taken":0.0},{"damage_healed":0,"gold_gain":0,"player_choice":"Fight","damage_taken":0,"max_hp_gain":0,"max_hp_loss":0,"event_name":"Mysterious Sphere","floor":38,"gold_loss":0}],"is_beta":true,"boss_relics":[{"not_picked":["Nuclear Battery","Cursed Key"],"picked":"Sozu"},{"not_picked":["Runic Pyramid","Fusion Hammer"],"picked":"Orrery"}],"items_purged_floors":[],"is_endless":false,"potions_floor_spawned":[1,3,10,12,14,24,27,33,37],"killed_by":"2 Orb Walkers","ascension_level":16}