{"gold_per_floor":[117,117,117,131,144,144,171,181,181,18,18,28,28,58,70,159,171,202,249,132,132,142,142],"floor_reached":23,"playtime":496,"items_purged":["Strike_R"],"score":478,"play_id":"a23a2f66-6f11-4675-b072-78c1df2351a4","local_time":"20190306140933","is_ascension_mode":true,"campfire_choices":[{"data":"Carnage","floor":6,"key":"SMITH"},{"data":"Fiend Fire","floor":13,"key":"SMITH"},{"data":"True Grit","floor":15,"key":"SMITH"}],"neow_cost":"NONE","seed_source_timestamp":131619844966700,"circlet_count":0,"master_deck":["AscendersBane","Strike_R","Strike_R","Strike_R","Defend_R","Defend_R","Defend_R","Defend_R","Bash","True Grit+1","Carnage+1","Evolve","Fiend Fire+1","Rampage","Feed","Flame Barrier","Armaments"],"relics":["Burning Blood","NeowsBlessing","Singing Bowl","CultistMask","StoneCalendar","FossilizedHelix","MawBank","Cursed Key","Red Mask"],"potions_floor_usage":[18,23,23],"damage_taken":[{"damage":0,"enemies":"Jaw Worm","floor":1,"turns":1},{"damage":0,"enemies":"Small Slimes","floor":4,"turns":1},{"damage":0,"enemies":"Cultist","floor":5,"turns":1},{"damage":35,"enemies":"Gremlin Nob","floor":7,"turns":4},{"damage":12,"enemies":"Looter","floor":8,"turns":4},{"damage":17,"enemies":"Gremlin Gang","floor":12,"turns":6},{"damage":0,"enemies":"Slime Boss","floor":16,"turns":5},{"damage":24,"enemies":"2 Thieves","floor":18,"turns":5},{"damage":30,"enemies":"Masked Bandits","floor":19,"turns":4},{"damage":9,"enemies":"Chosen","floor":22,"turns":4},{"damage":12,"enemies":"Slavers","floor":23,"turns":2}],"seed_played":"-1638275629101310724","potions_obtained":[{"floor":4,"key":"Poison Potion"},{"floor":12,"key":"Fire Potion"},{"floor":19,"key":"Energy Potion"}],"is_trial":false,"path_per_floor":["M","?","?","M","M","R","E","M","T","$","?","M","R","?","R","B",null,"M","?","$","?","M","E"],"character_chosen":"IRONCLAD","items_purchased":["Fiend Fire","PowerPotion"],"campfire_rested":0,"item_purchase_floors":[10,20],"current_hp_per_floor":[74,74,74,75,77,77,50,44,44,44,44,33,33,33,33,39,69,53,32,32,32,31,19],"gold":142,"neow_bonus":"THREE_ENEMY_KILL","is_prod":false,"is_daily":false,"chose_seed":false,"campfire_upgraded":3,"win_rate":0,"timestamp":1551848973,"path_taken":["M","?","?","M","?","R","E","M","T","$","?","?","R","?","R","BOSS","M","?","$","?","?","E"],"build_version":"2019-01-23","purchased_purges":1,"victory":false,"max_hp_per_floor":[75,75,75,75,77,77,79,79,79,79,79,79,79,79,79,79,79,81,84,84,84,86,86],"card_choices":[{"not_picked":["Iron Wave","Perfected Strike"],"picked":"True Grit","floor":1},{"not_picked":["Corruption","True Grit"],"picked":"Carnage","floor":4},{"not_picked":["Havoc","Rage","Intimidate"],"picked":"Singing Bowl","floor":5},{"not_picked":["Sever Soul","Corruption","Thunderclap"],"picked":"Singing Bowl","floor":7},{"not_picked":["Corruption","Body Slam"],"picked":"Evolve","floor":8},{"not_picked":["Wild Strike","Metallicize"],"picked":"Rampage","floor":12},{"not_picked":["Limit Break","Berserk"],"picked":"Feed","floor":16},{"not_picked":["Wild Strike","Iron Wave","Intimidate"],"picked":"Singing Bowl","floor":18},{"not_picked":["Sword Boomerang","Pommel Strike"],"picked":"Flame Barrier","floor":19},{"not_picked":["Twin Strike+1","Sever Soul+1","Reckless Charge"],"picked":"Singing Bowl","floor":22}],"player_experience":2032324,"relics_obtained":[{"floor":7,"key":"StoneCalendar"},{"floor":9,"key":"FossilizedHelix"},{"floor":19,"key":"Red Mask"}],"event_choices":[{"damage_healed":0,"gold_gain":0,"player_choice":"Box","damage_taken":0,"relics_obtained":["Singing Bowl"],"max_hp_gain":0,"max_hp_loss":0,"event_name":"Big Fish","floor":2,"gold_loss":0,"cards_obtained":["Regret"]},{"damage_healed":0,"gold_gain":0,"player_choice":"Trade","damage_taken":0,"relics_obtained":["CultistMask"],"max_hp_gain":0,"max_hp_loss":0,"event_name":"FaceTrader","floor":3,"gold_loss":0},{"cards_removed":["Regret"],"damage_healed":0,"gold_gain":0,"player_choice":"Purged","damage_taken":0,"max_hp_gain":0,"max_hp_loss":0,"event_name":"Purifier","floor":11,"gold_loss":0},{"damage_healed":0,"gold_gain":30,"player_choice":"Searched \u00273\u0027 times","damage_taken":0,"relics_obtained":["MawBank"],"max_hp_gain":0,"max_hp_loss":0,"event_name":"Dead Adventurer","floor":14,"gold_loss":0},{"damage_healed":0,"gold_gain":0,"player_choice":"Fought Bandits","damage_taken":0,"max_hp_gain":0,"max_hp_loss":0,"event_name":"Masked Bandits","floor":19,"gold_loss":0},{"damage_healed":0,"gold_gain":0,"cards_transformed":["Strike_R"],"player_choice":"Transformed","damage_taken":0,"max_hp_gain":0,"max_hp_loss":0,"event_name":"Transmorgrifier","floor":21,"gold_loss":0,"cards_obtained":["Armaments"]}],"is_beta":false,"boss_relics":[{"not_picked":["Busted Crown","Ectoplasm"],"picked":"Cursed Key"}],"items_purged_floors":[20],"is_endless":false,"potions_floor_spawned":[4,12,19],"killed_by":"Slavers","ascension_level":20}