{"gold_per_floor":[118,128,146,146,111,111,147,147,147,147,147,161,81,105,105,105],"floor_reached":16,"playtime":390,"items_purged":[],"score":200,"play_id":"89b83127-33a5-4927-825e-e6cd44e43f42","local_time":"20190410183505","is_ascension_mode":true,"campfire_choices":[{"data":"Bash","floor":6,"key":"SMITH"},{"data":"Disarm","floor":8,"key":"SMITH"},{"floor":11,"key":"REST"},{"data":"Inflame","floor":15,"key":"SMITH"}],"neow_cost":"NONE","seed_source_timestamp":319044610003700,"circlet_count":0,"master_deck":["AscendersBane","Strike_R","Strike_R","Strike_R","Strike_R","Strike_R","Defend_R","Defend_R+1","Defend_R","Defend_R+1","Bash+1","Feel No Pain","Evolve","Disarm+1","Shrug It Off","Inflame+1","True Grit"],"relics":["Burning Blood","NeowsBlessing","Golden Idol","Dodecahedron"],"potions_floor_usage":[7],"damage_taken":[{"damage":0,"enemies":"Cultist","floor":1,"turns":1},{"damage":0,"enemies":"2 Louse","floor":2,"turns":1},{"damage":0,"enemies":"Jaw Worm","floor":3,"turns":1},{"damage":49,"enemies":"Lagavulin","floor":7,"turns":7},{"damage":8,"enemies":"3 Louse","floor":12,"turns":8},{"damage":12,"enemies":"Blue Slaver","floor":14,"turns":7},{"damage":3,"enemies":"Hexaghost","floor":16,"turns":5}],"seed_played":"827378373305728686","potions_obtained":[{"floor":1,"key":"Fire Potion"},{"floor":14,"key":"Explosive Potion"}],"is_trial":false,"path_per_floor":["M","M","M","?","?","R","E","R","T","?","R","M","$","M","R","B"],"character_chosen":"IRONCLAD","items_purchased":["Inflame"],"campfire_rested":1,"item_purchase_floors":[13],"current_hp_per_floor":[74,75,75,49,67,67,24,24,24,1,23,21,21,15,15,12],"gold":105,"neow_bonus":"THREE_ENEMY_KILL","is_prod":false,"is_daily":false,"chose_seed":false,"campfire_upgraded":3,"win_rate":0,"timestamp":1554888905,"path_taken":["M","M","?","?","?","R","E","R","T","?","R","M","?","M","R","BOSS"],"build_version":"2019-01-23","purchased_purges":0,"victory":false,"max_hp_per_floor":[75,75,75,75,75,75,75,75,75,75,75,75,75,75,75,75],"card_choices":[{"not_picked":["Infernal Blade","Pommel Strike"],"picked":"Feel No Pain","floor":1},{"not_picked":["Reckless Charge","Warcry"],"picked":"Evolve","floor":2},{"not_picked":["Sword Boomerang","Armaments"],"picked":"Disarm","floor":3},{"not_picked":["Dual Wield","Bludgeon","Thunderclap"],"picked":"SKIP","floor":7},{"not_picked":["Dual Wield","Bludgeon","Thunderclap"],"picked":"SKIP","floor":7},{"not_picked":["Rupture","Havoc"],"picked":"Shrug It Off","floor":12},{"not_picked":["Ghostly Armor","Clash"],"picked":"True Grit","floor":14}],"player_experience":3034815,"relics_obtained":[{"floor":9,"key":"Dodecahedron"}],"event_choices":[{"damage_healed":0,"gold_gain":0,"player_choice":"Take Damage","damage_taken":26,"relics_obtained":["Golden Idol"],"max_hp_gain":0,"max_hp_loss":0,"event_name":"Golden Idol","floor":4,"gold_loss":0},{"damage_healed":18,"gold_gain":0,"player_choice":"Healed","damage_taken":0,"max_hp_gain":0,"max_hp_loss":0,"event_name":"The Cleric","floor":5,"gold_loss":35},{"damage_healed":0,"gold_gain":0,"player_choice":"Entered Light","damage_taken":23,"max_hp_gain":0,"max_hp_loss":0,"event_name":"Shining Light","floor":10,"gold_loss":0,"cards_upgraded":["Defend_R","Defend_R"]}],"is_beta":false,"boss_relics":[],"items_purged_floors":[],"is_endless":false,"potions_floor_spawned":[1,14],"killed_by":"Hexaghost","ascension_level":20}