{"gold_per_floor":[112,125,125,125,44,78,97,97,97,126,144,159,159,159,159,238,238,258,23,23,123,140,140,173,188,241,291,291,301,301,312,312,391,391,411,466,485,585,597,626,626,652,652,682,682,699,699,699,699,699,699,699,699,29,60,60],"floor_reached":57,"playtime":2570,"items_purged":["Strike_R","Defend_R"],"score":3136,"play_id":"9541699c-dc3e-4ce5-ac71-2c2fb80a4f0e","local_time":"20190303215800","is_ascension_mode":true,"campfire_choices":[{"data":"1","floor":8.0,"key":"LIFT"},{"data":"2","floor":13.0,"key":"LIFT"},{"data":"3","floor":15.0,"key":"LIFT"},{"data":"Whirlwind","floor":23,"key":"SMITH"},{"data":"Whirlwind","floor":28,"key":"SMITH"},{"data":"Whirlwind","floor":30,"key":"SMITH"},{"data":"Entrench","floor":32,"key":"SMITH"},{"floor":41,"key":"RECALL"},{"data":"Barricade","floor":45,"key":"SMITH"},{"data":"Entrench","floor":47,"key":"SMITH"},{"data":"Offering","floor":49,"key":"SMITH"},{"data":"Impervious","floor":53,"key":"SMITH"}],"neow_cost":"NONE","seed_source_timestamp":162865329099900,"circlet_count":0,"master_deck":["AscendersBane","Defend_R","Defend_R","Feed","Inflame","Whirlwind+1","Battle Trance","Double Tap","Entrench+1","Whirlwind+1","Offering+1","Entrench+1","Barricade+1","Juggernaut+1","Uppercut+1","Armaments+1","Feel No Pain","Impervious+1","Ghostly Armor","True Grit+1","Second Wind","Shrug It Off+1","Impervious"],"special_seed":0,"relics":["Burning Blood","NeowsBlessing","Girya","Shuriken","FossilizedHelix","Meat on the Bone","Runic Dome","Potion Belt","Magic Flower","Kunai","Pen Nib","Smiling Mask","Astrolabe","Incense Burner","Thread and Needle","Strawberry","Darkstone Periapt","Champion Belt","Du-Vu Doll","Lantern"],"potions_floor_usage":[16,16,21,36,42,51,56,56,56,56],"damage_taken":[{"damage":0.0,"enemies":"Cultist","floor":1.0,"turns":1.0},{"damage":0.0,"enemies":"2 Louse","floor":2.0,"turns":1.0},{"damage":0.0,"enemies":"Gremlin Nob","floor":6.0,"turns":1.0},{"damage":17.0,"enemies":"Small Slimes","floor":7.0,"turns":4.0},{"damage":20.0,"enemies":"Lagavulin","floor":10.0,"turns":7.0},{"damage":6.0,"enemies":"Blue Slaver","floor":11.0,"turns":4.0},{"damage":2.0,"enemies":"2 Fungi Beasts","floor":12.0,"turns":4.0},{"damage":38,"enemies":"Hexaghost","floor":16,"turns":9},{"damage":2,"enemies":"3 Byrds","floor":18,"turns":4},{"damage":0,"enemies":"Colosseum Slavers","floor":21,"turns":3},{"damage":0,"enemies":"Colosseum Nobs","floor":21,"turns":3},{"damage":0,"enemies":"Shell Parasite","floor":22,"turns":2},{"damage":21,"enemies":"Slavers","floor":24,"turns":2},{"damage":16,"enemies":"Snake Plant","floor":25,"turns":4},{"damage":0,"enemies":"Snecko","floor":29,"turns":4},{"damage":0,"enemies":"Centurion and Healer","floor":31,"turns":3},{"damage":15,"enemies":"Collector","floor":33,"turns":4},{"damage":0,"enemies":"3 Darklings","floor":35,"turns":2},{"damage":63,"enemies":"2 Orb Walkers","floor":36,"turns":4},{"damage":0,"enemies":"Orb Walker","floor":37,"turns":3},{"damage":2,"enemies":"Mind Bloom Boss Battle","floor":38,"turns":9},{"damage":18,"enemies":"4 Shapes","floor":39,"turns":4},{"damage":6,"enemies":"Reptomancer","floor":40,"turns":7},{"damage":0,"enemies":"Giant Head","floor":42,"turns":12},{"damage":0,"enemies":"Nemesis","floor":44,"turns":11},{"damage":17,"enemies":"Sphere and 2 Shapes","floor":46,"turns":6},{"damage":0,"enemies":"Time Eater","floor":50,"turns":14},{"damage":0,"enemies":"Donu and Deca","floor":51,"turns":17},{"damage":34,"enemies":"Shield and Spear","floor":55,"turns":17},{"damage":47,"enemies":"The Heart","floor":56,"turns":9}],"seed_played":"-1834357796395561197","potions_obtained":[{"floor":6.0,"key":"Ancient Potion"},{"floor":11.0,"key":"SpeedPotion"},{"floor":16,"key":"EssenceOfSteel"},{"floor":18,"key":"SkillPotion"},{"floor":24,"key":"LiquidBronze"},{"floor":29,"key":"AttackPotion"},{"floor":31,"key":"Poison Potion"},{"floor":38,"key":"SteroidPotion"},{"floor":40,"key":"LiquidBronze"},{"floor":46,"key":"AttackPotion"}],"is_trial":false,"path_per_floor":["M","M","?","?","$","E","M","R","T","E","M","M","R","?","R","B",null,"M","$","?","?","M","R","E","M","T","?","R","M","R","M","R","B",null,"M","?","M","?","M","E","R","E","T","E","R","M","R","?","R","B","B",null,"R","$","E","B",null],"character_chosen":"IRONCLAD","items_purchased":["Inflame","Potion Belt","Impervious","Du-Vu Doll","Dexterity Potion","LiquidBronze"],"campfire_rested":0,"item_purchase_floors":[5,19,54,54,54,54],"current_hp_per_floor":[74,75,64,64,64,70,62,62,62,48,51,58,58,58,58,38,73,80,80,80,93,93,93,86,79,79,79,79,88,88,99,99,93,98,99,63,72,84,80,96,96,111,111,120,120,115,115,123,123,123,127,127,127,127,108,88],"gold":60,"neow_bonus":"THREE_ENEMY_KILL","is_prod":false,"is_daily":false,"chose_seed":false,"campfire_upgraded":8,"win_rate":0,"timestamp":1551617880,"path_taken":["M","?","?","?","$","E","?","R","T","E","M","M","R","?","R","BOSS","M","$","?","?","?","R","E","M","T","?","R","M","R","M","R","BOSS","M","?","M","?","M","E","R","E","T","E","R","M","R","?","R","BOSS","BOSS","R","$","E","BOSS"],"build_version":"2019-01-23","purchased_purges":2,"victory":true,"max_hp_per_floor":[75,75,75,75,75,75,78,78,78,78,81,84,84,84,84,84,84,87,87,87,93,93,93,96,96,96,96,96,96,96,99,99,99,99,99,99,99,102,105,116,116,120,120,120,120,123,123,123,123,123,127,127,127,127,131,131],"card_choices":[{"not_picked":["Twin Strike","Uppercut","Havoc"],"picked":"SKIP","floor":1.0},{"not_picked":["Rage","Twin Strike","Perfected Strike"],"picked":"SKIP","floor":2.0},{"not_picked":["Pommel Strike","Bludgeon"],"picked":"Whirlwind","floor":6.0},{"not_picked":["Warcry","Metallicize"],"picked":"Battle Trance","floor":7.0},{"not_picked":["Havoc","Blood for Blood","Brutality"],"picked":"SKIP","floor":10.0},{"not_picked":["Warcry","Cleave","Clash"],"picked":"SKIP","floor":11.0},{"not_picked":["Blood for Blood","Clothesline"],"picked":"Whirlwind","floor":12.0},{"not_picked":["Fiend Fire","Demon Form"],"picked":"Double Tap","floor":16},{"not_picked":["Bloodletting","Headbutt"],"picked":"Entrench","floor":18},{"not_picked":["Cleave","Sever Soul"],"picked":"Whirlwind","floor":21},{"not_picked":["Cleave","Clothesline","Clash"],"picked":"SKIP","floor":22},{"not_picked":["Twin Strike+1","Havoc"],"picked":"Offering","floor":24},{"not_picked":["Armaments","Anger","Twin Strike"],"picked":"SKIP","floor":25},{"not_picked":["Dropkick","Clothesline"],"picked":"Entrench","floor":29},{"not_picked":["Flex","Inflame","Rupture"],"picked":"SKIP","floor":31},{"not_picked":["Limit Break","Juggernaut"],"picked":"Barricade","floor":33},{"not_picked":["Spot Weakness","True Grit"],"picked":"Feel No Pain","floor":35},{"not_picked":["Thunderclap","Perfected Strike"],"picked":"Impervious","floor":37},{"not_picked":["Iron Wave","Warcry"],"picked":"Ghostly Armor","floor":38},{"not_picked":["Anger","Sentinel"],"picked":"True Grit+1","floor":39},{"not_picked":["Headbutt","Reckless Charge"],"picked":"Second Wind","floor":40},{"not_picked":["Sever Soul+1","Reckless Charge"],"picked":"Shrug It Off+1","floor":42},{"not_picked":["Heavy Blade","Bloodletting","Armaments"],"picked":"SKIP","floor":44},{"not_picked":["Metallicize","Pummel","Twin Strike"],"picked":"SKIP","floor":46},{"not_picked":["Shrug It Off","Cleave","Flex"],"picked":"SKIP","floor":55}],"player_experience":1978810,"relics_obtained":[{"floor":6.0,"key":"Shuriken"},{"floor":9.0,"key":"FossilizedHelix"},{"floor":10.0,"key":"Meat on the Bone"},{"floor":21,"key":"Magic Flower"},{"floor":21,"key":"Kunai"},{"floor":24,"key":"Pen Nib"},{"floor":26,"key":"Smiling Mask"},{"floor":36,"key":"Incense Burner"},{"floor":38,"key":"Thread and Needle"},{"floor":40,"key":"Strawberry"},{"floor":42,"key":"Darkstone Periapt"},{"floor":44,"key":"Champion Belt"},{"floor":55,"key":"Lantern"}],"event_choices":[{"damage_healed":0.0,"max_hp_gain":0.0,"max_hp_loss":0.0,"gold_gain":0.0,"event_name":"Scrap Ooze","player_choice":"Success","floor":3.0,"gold_loss":0.0,"damage_taken":11.0,"relics_obtained":["Girya"]},{"damage_healed":0.0,"max_hp_gain":0.0,"max_hp_loss":0.0,"gold_gain":0.0,"cards_transformed":["Strike_R"],"event_name":"Transmorgrifier","player_choice":"Transformed","floor":4.0,"gold_loss":0.0,"damage_taken":0.0,"cards_obtained":["Feed"]},{"cards_removed":["Strike_R"],"damage_healed":0.0,"max_hp_gain":0.0,"max_hp_loss":0.0,"gold_gain":0.0,"event_name":"Living Wall","player_choice":"Forget","floor":14.0,"gold_loss":0.0,"damage_taken":0.0},{"cards_removed":["Strike_R"],"damage_healed":0,"gold_gain":0,"player_choice":"Elegance","damage_taken":0,"max_hp_gain":0,"max_hp_loss":0,"event_name":"Back to Basics","floor":20,"gold_loss":0},{"damage_healed":0,"gold_gain":0,"player_choice":"Fight","damage_taken":0,"max_hp_gain":0,"max_hp_loss":0,"event_name":"Colosseum","floor":21,"gold_loss":0},{"damage_healed":0,"gold_gain":0,"player_choice":"Fought Nobs","damage_taken":0,"max_hp_gain":0,"max_hp_loss":0,"event_name":"Colosseum","floor":21,"gold_loss":0},{"damage_healed":0,"gold_gain":50,"player_choice":"Stole From Cult","damage_taken":0,"max_hp_gain":0,"max_hp_loss":0,"event_name":"Nest","floor":27,"gold_loss":0},{"damage_healed":0,"gold_gain":0,"player_choice":"Fight","damage_taken":0,"max_hp_gain":0,"max_hp_loss":0,"event_name":"Mysterious Sphere","floor":36,"gold_loss":0},{"damage_healed":0,"gold_gain":0,"player_choice":"Fight","damage_taken":0,"max_hp_gain":0,"max_hp_loss":0,"event_name":"MindBloom","floor":38,"gold_loss":0},{"cards_removed":["Whirlwind"],"damage_healed":8,"gold_gain":0,"player_choice":"Offered Uncommon","damage_taken":0,"max_hp_gain":0,"max_hp_loss":0,"event_name":"Bonfire Elementals","floor":48,"gold_loss":0}],"is_beta":false,"boss_relics":[{"not_picked":["Philosopher\u0027s Stone","Velvet Choker"],"picked":"Runic Dome"},{"not_picked":["White Beast Statue","Mark of Pain"],"picked":"Astrolabe"}],"items_purged_floors":[19,54],"is_endless":false,"potions_floor_spawned":[6,11,12,16,18,24,29,31,38,40,46],"ascension_level":20}