{"gold_per_floor":[219,144,144,208,408,423,440,570,570,620,595,595,623,46,46,122,122,137,12,22,72,199,199,249,249,276,336,348,398,414,426,426,502,502,517,530,545,595,645,645],"floor_reached":40,"playtime":1692,"items_purged":["Strike_R","Strike_R","Strike_R"],"score":847,"play_id":"067c69bf-3798-497b-b623-32cefab1f6f4","local_time":"20190315153306","is_ascension_mode":true,"campfire_choices":[{"data":"Armaments","floor":12,"key":"SMITH"},{"floor":15,"key":"REST"},{"floor":23,"key":"REST"},{"floor":25,"key":"REST"},{"data":"Apotheosis","floor":32,"key":"SMITH"}],"neow_cost":"NONE","seed_source_timestamp":102518343884400,"circlet_count":0,"master_deck":["AscendersBane","Strike_R","Strike_R","Defend_R","Defend_R","Defend_R","Defend_R","Bash","Feel No Pain","Evolve","Armaments+1","Entrench","Feel No Pain","Apotheosis+1","True Grit","Metallicize","Impervious","Body Slam+1","Body Slam+1","Impervious","Entrench","Impervious","True Grit+1"],"relics":["Burning Blood","SsserpentHead","Tiny Chest","Molten Egg 2","Art of War","Matryoshka","Orichalcum","Velvet Choker","Omamori","Singing Bowl","Smiling Mask","Nilry\u0027s Codex","Runic Dome"],"potions_floor_usage":[7,16,16,20,40],"damage_taken":[{"damage":4,"enemies":"Small Slimes","floor":1,"turns":4},{"damage":20,"enemies":"Cultist","floor":4,"turns":5},{"damage":14,"enemies":"2 Louse","floor":6,"turns":5},{"damage":6,"enemies":"Exordium Wildlife","floor":7,"turns":4},{"damage":47,"enemies":"Lagavulin","floor":13,"turns":10},{"damage":19,"enemies":"The Guardian","floor":16,"turns":21},{"damage":23,"enemies":"Spheric Guardian","floor":18,"turns":18},{"damage":19,"enemies":"3 Byrds","floor":20,"turns":11},{"damage":0,"enemies":"Centurion and Healer","floor":27,"turns":6},{"damage":0,"enemies":"Snake Plant","floor":28,"turns":7},{"damage":2,"enemies":"Chosen and Byrds","floor":30,"turns":8},{"damage":0,"enemies":"Snecko","floor":31,"turns":7},{"damage":23,"enemies":"Champ","floor":33,"turns":7},{"damage":0,"enemies":"3 Shapes","floor":35,"turns":9},{"damage":12,"enemies":"3 Darklings","floor":36,"turns":11},{"damage":22,"enemies":"Spire Growth","floor":37,"turns":5},{"damage":80,"enemies":"Giant Head","floor":40,"turns":11}],"seed_played":"2936847568947333474","potions_obtained":[{"floor":1,"key":"FearPotion"},{"floor":7,"key":"Explosive Potion"},{"floor":18,"key":"AttackPotion"},{"floor":20,"key":"SteroidPotion"},{"floor":28,"key":"Explosive Potion"},{"floor":36,"key":"SkillPotion"}],"is_trial":false,"path_per_floor":["M","$","?","M","?","M","M","T","T","?","?","R","E","$","R","B",null,"M","$","M","?","T","R","?","R","T","M","M","?","M","M","R","B",null,"M","M","M","?","?","E"],"character_chosen":"IRONCLAD","items_purchased":["Apotheosis","True Grit","AttackPotion","Orichalcum","Metallicize"],"campfire_rested":3,"item_purchase_floors":[14,14,14,14,14],"current_hp_per_floor":[70,70,70,56,56,48,48,48,48,48,48,48,7,7,29,16,60,43,43,30,9,9,33,33,57,57,65,73,52,56,64,64,47,76,84,78,64,64,64,0],"gold":645,"neow_bonus":"HUNDRED_GOLD","is_prod":false,"is_daily":false,"chose_seed":true,"campfire_upgraded":2,"win_rate":0,"timestamp":1552631586,"path_taken":["M","$","?","?","?","M","M","?","T","?","?","R","E","?","R","BOSS","M","$","M","?","?","R","?","R","T","?","M","?","M","M","R","BOSS","M","M","M","?","?","E"],"build_version":"2019-01-23","purchased_purges":3,"victory":false,"max_hp_per_floor":[75,75,75,75,75,75,75,75,75,75,75,75,75,75,75,75,75,75,75,75,80,80,80,80,80,80,82,84,84,84,86,86,86,86,88,88,90,85,85,85],"card_choices":[{"not_picked":["Fire Breathing","Clash"],"picked":"Feel No Pain","floor":1},{"not_picked":["Ghostly Armor","Reckless Charge"],"picked":"Evolve","floor":4},{"not_picked":["Armaments","Pommel Strike","Heavy Blade"],"picked":"SKIP","floor":6},{"not_picked":["Pommel Strike","Heavy Blade"],"picked":"Armaments","floor":6},{"not_picked":["Pommel Strike","Warcry"],"picked":"Entrench","floor":7},{"not_picked":["Sever Soul+1","Rupture"],"picked":"Feel No Pain","floor":13},{"not_picked":["Reaper+1","Berserk"],"picked":"Impervious","floor":16},{"not_picked":["Anger+1","Seeing Red"],"picked":"Body Slam+1","floor":18},{"not_picked":["Armaments","Flex"],"picked":"Body Slam+1","floor":20},{"not_picked":["Headbutt+1","Perfected Strike+1","Flame Barrier"],"picked":"Singing Bowl","floor":27},{"not_picked":["Bludgeon+1","Hemokinesis+1","Heavy Blade+1"],"picked":"Singing Bowl","floor":28},{"not_picked":["Warcry","Thunderclap+1"],"picked":"Entrench","floor":30},{"not_picked":["Cleave+1","Wild Strike+1","Armaments"],"picked":"Singing Bowl","floor":31},{"not_picked":["Fiend Fire+1","Double Tap"],"picked":"Impervious","floor":33},{"not_picked":["Havoc","Pommel Strike+1","Whirlwind+1"],"picked":"Singing Bowl","floor":35},{"not_picked":["Thunderclap+1","Warcry"],"picked":"True Grit+1","floor":36},{"not_picked":["Bloodletting","Limit Break","Sword Boomerang+1"],"picked":"Singing Bowl","floor":37}],"player_experience":2289740,"relics_obtained":[{"floor":8,"key":"Tiny Chest"},{"floor":9,"key":"Molten Egg 2"},{"floor":13,"key":"Matryoshka"},{"floor":22,"key":"Omamori"},{"floor":22,"key":"Singing Bowl"},{"floor":26,"key":"Smiling Mask"},{"floor":29,"key":"Nilry\u0027s Codex"}],"event_choices":[{"damage_healed":0,"gold_gain":0,"player_choice":"Trade","damage_taken":0,"relics_obtained":["SsserpentHead"],"max_hp_gain":0,"max_hp_loss":0,"event_name":"FaceTrader","floor":3,"gold_loss":0},{"damage_healed":0,"gold_gain":150,"player_choice":"AGREE","damage_taken":0,"max_hp_gain":0,"max_hp_loss":0,"event_name":"Liars Game","floor":5,"gold_loss":0,"cards_obtained":["Doubt"]},{"damage_healed":0,"gold_gain":0,"player_choice":"Searched \u00271\u0027 times","damage_taken":0,"relics_obtained":["Art of War"],"max_hp_gain":0,"max_hp_loss":0,"event_name":"Dead Adventurer","floor":10,"gold_loss":0},{"cards_removed":["Doubt"],"damage_healed":0,"gold_gain":0,"player_choice":"Card Removal","damage_taken":0,"max_hp_gain":0,"max_hp_loss":0,"event_name":"The Cleric","floor":11,"gold_loss":75},{"damage_healed":0,"gold_gain":0,"player_choice":"Shed Blood","damage_taken":26,"max_hp_gain":5,"max_hp_loss":0,"event_name":"Forgotten Altar","floor":21,"gold_loss":0},{"damage_healed":0,"gold_gain":0,"player_choice":"Copied","damage_taken":0,"max_hp_gain":0,"max_hp_loss":0,"event_name":"Duplicator","floor":24,"gold_loss":0,"cards_obtained":["Impervious"]},{"damage_healed":0,"gold_gain":0,"player_choice":"Obtained Book","damage_taken":21,"max_hp_gain":0,"max_hp_loss":0,"event_name":"Cursed Tome","floor":29,"gold_loss":0},{"damage_healed":0,"gold_gain":0,"player_choice":"Max HP","damage_taken":0,"max_hp_gain":0,"max_hp_loss":5,"event_name":"Winding Halls","floor":38,"gold_loss":0},{"damage_healed":0,"gold_gain":0,"player_choice":"Ignored","damage_taken":0,"max_hp_gain":0,"max_hp_loss":0,"event_name":"Mysterious Sphere","floor":39,"gold_loss":0}],"is_beta":false,"boss_relics":[{"not_picked":["Orrery","Busted Crown"],"picked":"Velvet Choker"},{"not_picked":["Sozu","Runic Cube"],"picked":"Runic Dome"}],"items_purged_floors":[2,14,19],"is_endless":false,"potions_floor_spawned":[1,7,18,20,28,33,36],"killed_by":"Giant Head","ascension_level":20}