{"path_per_floor":["M","?","M","M","$","R","?","M","T","R","$","T","$","M","R","B",null,"M","?","?","?","M","R","M","$","T","E","M","R","T","$","R","B",null,"M","T","M","?","$","R","$","R","T","E","R","$","M","T","R","B"],"character_chosen":"DEFECT","items_purchased":["Singing Bowl","BootSequence","DataDisk","Capacitor"],"gold_per_floor":[114,189,204,216,68,68,68,86,155,155,105,105,55,66,66,162,162,172,172,172,172,192,192,211,161,161,217,228,228,228,143,143,238,268,282,329,344,344,92,92,42,42,66,91,91,41,61,140,140,140],"floor_reached":51,"campfire_rested":0,"playtime":2669,"current_hp_per_floor":[72,61,50,49,49,49,49,36,36,36,36,36,36,30,30,15,77,67,67,67,67,76,76,73,73,73,64,60,60,60,60,60,22,84,74,74,81,81,81,81,81,81,81,89,89,89,85,85,85,71],"items_purged":["Strike_B","Strike_B","Writhe","Strike_B","Zap","Defend_B","Self Repair"],"gold":140,"score":830,"play_id":"6dc12151-c8c4-4e7a-b943-c39b782be4ba","local_time":"20180508125305","is_prod":false,"is_daily":false,"chose_seed":false,"is_ascension_mode":true,"campfire_upgraded":10,"timestamp":1525755185,"path_taken":["M","?","M","M","$","R","?","?","T","R","?","?","$","M","R","BOSS","M","?","?","?","M","R","M","$","T","E","?","R","?","?","R","BOSS","M","?","M","?","$","R","$","R","T","E","R","$","M","?","R","BOSS"],"build_version":"2018-05-03","seed_source_timestamp":960257399722903,"purchased_purges":7,"victory":true,"master_deck":["Defend_B","Defend_B+1","Dualcast+1","Sweeping Beam+1","Undo+1","Darkness+1","Multi-Cast+1","Reinforced Body+1","Doom and Gloom+1","Leap+1","BootSequence+1","Meteor Strike+1","Leap+1","Capacitor+1","Reinforced Body+1"],"max_hp_per_floor":[75,75,75,75,75,75,75,75,75,75,75,75,75,77,77,77,77,77,77,77,77,79,79,79,79,79,79,79,79,79,79,79,79,84,86,86,88,88,88,88,88,88,88,90,90,90,90,90,90,90],"relics":["Runic Pyramid","Singing Bowl","Smiling Mask","Cables","Nuclear Battery","Pen Nib","Sundial","Tiny Chest","Letter Opener","Tiny House","Art of War","DataDisk","War Paint","Ice Cream","Centennial Puzzle"],"card_choices":[{"not_picked":["Barrage","Rebound"],"picked":"Sweeping Beam","floor":1},{"not_picked":["Sweeping Beam","Hologram"],"picked":"Undo","floor":4},{"not_picked":["Heatsinks","Barrage"],"picked":"Darkness","floor":8},{"not_picked":["Seek","Rainbow"],"picked":"Multi-Cast","floor":16},{"not_picked":["Stack","BootSequence"],"picked":"Self Repair","floor":18},{"not_picked":["Cold Snap","Stack"],"picked":"Reinforced Body","floor":24},{"not_picked":["Go for the Eyes","Sunder"],"picked":"Doom and Gloom","floor":27},{"not_picked":["Scrape","Glacier"],"picked":"Leap","floor":28},{"not_picked":["Prime","Reboot"],"picked":"Meteor Strike","floor":33},{"not_picked":["Rebound","Sweeping Beam"],"picked":"Leap","floor":34},{"not_picked":["Sweeping Beam","Capacitor"],"picked":"Reinforced Body","floor":47}],"player_experience":350972,"potions_floor_usage":[16,18,27,33,33,50,50,50],"damage_taken":[{"damage":3,"enemies":"2 Louse","floor":1,"turns":3},{"damage":11,"enemies":"Small Slimes","floor":3,"turns":4},{"damage":1,"enemies":"Cultist","floor":4,"turns":3},{"damage":36,"enemies":"Exordium Thugs","floor":8,"turns":5},{"damage":8,"enemies":"Red Slaver","floor":14,"turns":4},{"damage":15,"enemies":"Hexaghost","floor":16,"turns":8},{"damage":10,"enemies":"2 Thieves","floor":18,"turns":2},{"damage":21,"enemies":"Chosen","floor":22,"turns":4},{"damage":10,"enemies":"Sentry and Sphere","floor":24,"turns":3},{"damage":51,"enemies":"Gremlin Leader","floor":27,"turns":5},{"damage":11,"enemies":"Centurion and Healer","floor":28,"turns":5},{"damage":45,"enemies":"Collector","floor":33,"turns":14},{"damage":45,"enemies":"3 Darklings","floor":35,"turns":7},{"damage":8,"enemies":"Flame Bruiser 1 Orb","floor":37,"turns":8},{"damage":1,"enemies":"Giant Head","floor":44,"turns":6},{"damage":52,"enemies":"3 Darklings","floor":47,"turns":3},{"damage":69,"enemies":"Awakened One","floor":50,"turns":7}],"event_choices":[{"event_name":"World of Goop","player_choice":"Gather Gold","floor":2,"damage_taken":0},{"event_name":"The Lab","player_choice":"Got Potions","floor":7,"damage_taken":0},{"event_name":"Bonfire Elementals","player_choice":"BASIC","floor":19,"damage_taken":0},{"event_name":"Ghosts","player_choice":"Ignored","floor":20,"damage_taken":0},{"event_name":"The Mausoleum","player_choice":"Yes","floor":21,"damage_taken":0}],"boss_relics":[{"not_picked":["Lizard Tail","Pandora\u0027s Box"],"picked":"Nuclear Battery"},{"not_picked":["White Beast Statue","Cursed Key"],"picked":"Tiny House"}],"potions_floor_spawned":[3,14,22,28,37,44],"seed_played":"3289407659871226758","ascension_level":4,"is_trial":false}