{"gold_per_floor":[365,365,365,388,398,432,432,449,495,526,539,555,555,565,565,642,642,654,684,289,301,226,252,252,282,308,340,351,351,370,158,158,230,230,247,262,280,297,297,297,330,346,370,402,419,430,430,51,51,51,51,51,51,1,31,31],"floor_reached":57,"playtime":3767,"items_purged":["Strike_R","Strike_R","Strike_R","Strike_R+1"],"score":3043,"play_id":"28541a1c-5c16-4ed8-9886-db5e6465ab14","local_time":"20190312130841","is_ascension_mode":true,"campfire_choices":[{"data":"Whirlwind","floor":7,"key":"SMITH"},{"data":"Armaments","floor":13,"key":"SMITH"},{"data":"True Grit","floor":15,"key":"SMITH"},{"floor":29,"key":"REST"},{"floor":32,"key":"RECALL"},{"floor":40,"key":"REST"},{"floor":49,"key":"REST"},{"floor":53,"key":"REST"}],"neow_cost":"TEN_PERCENT_HP_LOSS","seed_source_timestamp":266290755918900,"circlet_count":0,"master_deck":["AscendersBane","Defend_R","Defend_R","Defend_R","Defend_R","Bash+1","Whirlwind+1","Second Wind","Entrench","Flame Barrier","Shrug It Off+1","Armaments+1","True Grit+1","Barricade","Battle Trance","Feel No Pain","Body Slam","Sentinel+1","Headbutt","Feed","Armaments+1","Seeing Red","True Grit","Power Through","Shrug It Off+1","Feel No Pain","Madness","Madness","Impervious"],"relics":["Burning Blood","Orichalcum","Art of War","Red Skull","Mango","Fusion Hammer","Red Mask","Potion Belt","Bottled Tornado","Bronze Scales","Oddly Smooth Stone","War Paint","Runic Pyramid","Pen Nib","Sundial","Smiling Mask","Bag of Preparation","Anchor","Bag of Marbles"],"potions_floor_usage":[6,10,16,19,21,21,23,41,41,44,51,56],"damage_taken":[{"damage":19,"enemies":"Jaw Worm","floor":1,"turns":4},{"damage":0,"enemies":"Small Slimes","floor":5,"turns":2},{"damage":2,"enemies":"Gremlin Nob","floor":6,"turns":3},{"damage":0,"enemies":"Cultist","floor":8,"turns":3},{"damage":24,"enemies":"Lagavulin","floor":10,"turns":5},{"damage":6,"enemies":"Large Slime","floor":11,"turns":5},{"damage":1,"enemies":"Looter","floor":12,"turns":4},{"damage":0,"enemies":"2 Fungi Beasts","floor":14,"turns":3},{"damage":29,"enemies":"The Guardian","floor":16,"turns":15},{"damage":17,"enemies":"Shell Parasite","floor":18,"turns":6},{"damage":18,"enemies":"Masked Bandits","floor":19,"turns":3},{"damage":1,"enemies":"2 Thieves","floor":21,"turns":3},{"damage":30,"enemies":"Slavers","floor":23,"turns":5},{"damage":47,"enemies":"Gremlin Leader","floor":25,"turns":6},{"damage":0,"enemies":"Book of Stabbing","floor":27,"turns":6},{"damage":12,"enemies":"Shelled Parasite and Fungi","floor":28,"turns":5},{"damage":0,"enemies":"3 Cultists","floor":30,"turns":6},{"damage":0,"enemies":"Collector","floor":33,"turns":9},{"damage":9,"enemies":"3 Shapes","floor":35,"turns":9},{"damage":16,"enemies":"3 Darklings","floor":36,"turns":8},{"damage":0,"enemies":"Spire Growth","floor":37,"turns":7},{"damage":0,"enemies":"Maw","floor":38,"turns":11},{"damage":79,"enemies":"Reptomancer","floor":41,"turns":9},{"damage":0,"enemies":"Writhing Mass","floor":42,"turns":5},{"damage":12,"enemies":"Nemesis","floor":44,"turns":11},{"damage":8,"enemies":"Sphere and 2 Shapes","floor":45,"turns":9},{"damage":0,"enemies":"Spire Growth","floor":46,"turns":7},{"damage":0,"enemies":"Donu and Deca","floor":50,"turns":12},{"damage":2,"enemies":"Awakened One","floor":51,"turns":10},{"damage":57,"enemies":"Shield and Spear","floor":55,"turns":14},{"damage":70,"enemies":"The Heart","floor":56,"turns":13}],"seed_played":"-196845355432071984","potions_obtained":[{"floor":5,"key":"SteroidPotion"},{"floor":6,"key":"Poison Potion"},{"floor":10,"key":"SkillPotion"},{"floor":18,"key":"AttackPotion"},{"floor":19,"key":"FearPotion"},{"floor":27,"key":"Weak Potion"},{"floor":30,"key":"Poison Potion"},{"floor":36,"key":"Regen Potion"},{"floor":42,"key":"Regen Potion"},{"floor":45,"key":"SpeedPotion"}],"is_trial":false,"path_per_floor":["M","?","?","T","M","E","R","M","T","E","M","M","R","M","R","B",null,"M","?","$","M","?","E","?","E","T","E","M","R","M","$","R","B",null,"M","M","M","M","?","R","E","M","T","E","M","M","?","$","R","B","B",null,"R","$","E","B",null],"character_chosen":"IRONCLAD","items_purchased":["Potion Belt","Feel No Pain","AttackPotion","Strength Potion","Dexterity Potion","Dexterity Potion","Bag of Preparation","Anchor"],"campfire_rested":4,"item_purchase_floors":[20,20,20,20,31,31,48,48],"current_hp_per_floor":[55,35,57,57,63,67,67,68,68,64,64,69,69,75,75,52,75,64,52,52,57,57,33,82,41,41,47,41,65,71,71,71,77,81,82,76,86,96,96,98,44,53,53,66,68,78,57,57,92,102,106,117,121,121,74,14],"gold":31,"neow_bonus":"TWO_FIFTY_GOLD","is_prod":false,"is_daily":false,"chose_seed":false,"campfire_upgraded":3,"win_rate":0,"timestamp":1552363721,"path_taken":["M","?","?","?","?","E","R","M","T","E","M","M","R","M","R","BOSS","M","?","$","M","?","E","?","E","T","E","M","R","M","$","R","BOSS","M","M","?","M","?","R","E","M","T","E","M","?","?","$","R","BOSS","BOSS","R","$","E","BOSS"],"build_version":"2019-01-23","purchased_purges":4,"victory":true,"max_hp_per_floor":[68,68,68,68,68,68,68,68,68,82,82,82,82,82,82,82,82,82,82,82,82,82,82,82,82,82,82,82,82,82,82,82,82,82,86,90,94,98,98,98,102,105,105,109,113,117,117,117,117,121,121,121,121,121,125,129],"card_choices":[{"not_picked":["Body Slam","Rupture"],"picked":"Whirlwind","floor":1},{"not_picked":["Searing Blow","Sword Boomerang"],"picked":"Second Wind","floor":5},{"not_picked":["Thunderclap","Headbutt"],"picked":"Entrench","floor":6},{"not_picked":["Warcry","Hemokinesis"],"picked":"Inflame","floor":8},{"not_picked":["Warcry","Ghostly Armor"],"picked":"Flame Barrier","floor":10},{"not_picked":["Uppercut","Sever Soul"],"picked":"Shrug It Off","floor":11},{"not_picked":["Twin Strike","Headbutt"],"picked":"Armaments","floor":12},{"not_picked":["Pommel Strike","Perfected Strike"],"picked":"True Grit","floor":14},{"not_picked":["Immolate","Double Tap"],"picked":"Barricade","floor":16},{"not_picked":["Shrug It Off","Cleave","Pommel Strike"],"picked":"SKIP","floor":18},{"not_picked":["Ghostly Armor","Rampage"],"picked":"Battle Trance","floor":19},{"not_picked":["Clash","Dual Wield"],"picked":"Body Slam","floor":21},{"not_picked":["Flame Barrier","Uppercut","Hemokinesis"],"picked":"SKIP","floor":23},{"not_picked":["Bludgeon","Perfected Strike"],"picked":"Sentinel","floor":25},{"not_picked":["Shrug It Off","Sever Soul","True Grit"],"picked":"SKIP","floor":27},{"not_picked":["Anger","Havoc"],"picked":"Headbutt","floor":28},{"not_picked":["True Grit","Armaments","Sword Boomerang"],"picked":"SKIP","floor":30},{"not_picked":["Berserk","Double Tap"],"picked":"Feed","floor":33},{"not_picked":["Thunderclap","Cleave"],"picked":"Armaments+1","floor":35},{"not_picked":["Flex","Warcry"],"picked":"Seeing Red","floor":36},{"not_picked":["Rampage","Armaments+1"],"picked":"True Grit","floor":37},{"not_picked":["Wild Strike+1","Armaments"],"picked":"Power Through","floor":38},{"not_picked":["Hemokinesis","Searing Blow"],"picked":"Shrug It Off+1","floor":41},{"not_picked":["Heavy Blade","Thunderclap+1","Twin Strike+1"],"picked":"SKIP","floor":42},{"not_picked":["Sword Boomerang","Searing Blow+1"],"picked":"Feel No Pain","floor":44},{"not_picked":["Pummel","Sword Boomerang+1","Pommel Strike"],"picked":"SKIP","floor":45},{"not_picked":["Cleave+1","Shrug It Off","Heavy Blade"],"picked":"SKIP","floor":46},{"not_picked":["Sentinel+1","Heavy Blade"],"picked":"Impervious","floor":55}],"player_experience":2201247,"relics_obtained":[{"floor":4,"key":"Orichalcum"},{"floor":6,"key":"Art of War"},{"floor":9,"key":"Red Skull"},{"floor":10,"key":"Mango"},{"floor":19,"key":"Red Mask"},{"floor":23,"key":"Bottled Tornado"},{"floor":25,"key":"Bronze Scales"},{"floor":26,"key":"Oddly Smooth Stone"},{"floor":27,"key":"War Paint"},{"floor":41,"key":"Sundial"},{"floor":44,"key":"Smiling Mask"},{"floor":55,"key":"Bag of Marbles"}],"event_choices":[{"damage_healed":0,"gold_gain":0,"player_choice":"Entered Light","damage_taken":20,"max_hp_gain":0,"max_hp_loss":0,"event_name":"Shining Light","floor":2,"gold_loss":0,"cards_upgraded":["Bash","Strike_R"]},{"damage_healed":22,"gold_gain":0,"player_choice":"Banana","damage_taken":0,"max_hp_gain":0,"max_hp_loss":0,"event_name":"Big Fish","floor":3,"gold_loss":0},{"damage_healed":0,"gold_gain":0,"player_choice":"Fought Bandits","damage_taken":0,"max_hp_gain":0,"max_hp_loss":0,"event_name":"Masked Bandits","floor":19,"gold_loss":0},{"cards_removed":["Strike_R"],"damage_healed":0,"gold_gain":0,"player_choice":"Gave Gold","damage_taken":0,"max_hp_gain":0,"max_hp_loss":0,"event_name":"Beggar","floor":22,"gold_loss":75},{"cards_removed":["Inflame"],"damage_healed":49,"gold_gain":0,"player_choice":"Offered Uncommon","damage_taken":0,"max_hp_gain":0,"max_hp_loss":0,"event_name":"Bonfire Elementals","floor":24,"gold_loss":0},{"damage_healed":0,"gold_gain":0,"player_choice":"Gave Potion","damage_taken":0,"relics_obtained":["Pen Nib"],"max_hp_gain":0,"max_hp_loss":0,"event_name":"WeMeetAgain","floor":39,"gold_loss":0},{"damage_healed":0,"gold_gain":0,"player_choice":"Embrace Madness","damage_taken":21,"max_hp_gain":0,"max_hp_loss":0,"event_name":"Winding Halls","floor":47,"gold_loss":0,"cards_obtained":["Madness","Madness"]}],"is_beta":false,"boss_relics":[{"not_picked":["Mark of Pain","Busted Crown"],"picked":"Fusion Hammer"},{"not_picked":["Philosopher\u0027s Stone","Calling Bell"],"picked":"Runic Pyramid"}],"items_purged_floors":[20,31,48,54],"is_endless":false,"potions_floor_spawned":[5,6,10,18,19,27,30,36,37,42,45],"ascension_level":20}