{"gold_per_floor":[118,193,23,23,38,38,15,15,15,15,30,46,11,54,54,147,147,163,163,88,113,113,113,149,149,149,185,205,220,260,274,274,274],"floor_reached":33,"playtime":1399,"items_purged":["Strike_G"],"score":558,"play_id":"43323c1c-529a-4ec8-993d-99fa62df5cee","local_time":"20181204174055","is_ascension_mode":true,"campfire_choices":[{"data":"Neutralize","floor":6.0,"key":"SMITH"},{"data":"Dagger Spray","floor":8.0,"key":"SMITH"},{"data":"Noxious Fumes","floor":15.0,"key":"SMITH"},{"data":"Masterful Stab","floor":23.0,"key":"SMITH"},{"data":"Die Die Die","floor":25.0,"key":"SMITH"},{"data":"Escape Plan","floor":32.0,"key":"SMITH"}],"neow_cost":"NONE","seed_source_timestamp":789057139902364,"circlet_count":0,"master_deck":["AscendersBane","Defend_G+1","Defend_G+1","Defend_G+1","Defend_G+1","Defend_G+1","Strike_G+1","Strike_G+1","Strike_G+1","Strike_G+1","Survivor+1","Neutralize+1","Masterful Stab+1","Dagger Spray+1","Flying Knee","Noxious Fumes+1","Escape Plan+1","Die Die Die+1","Blur+1","Acrobatics+1","Dash+1"],"special_seed":0,"relics":["Coffee Dripper","Pen Nib","Boot","Golden Idol","Ninja Scroll","White Beast Statue","Anchor","War Paint","Molten Egg 2","Shuriken"],"potions_floor_usage":[33,33],"damage_taken":[{"damage":1.0,"enemies":"2 Louse","floor":1.0,"turns":3.0},{"damage":8.0,"enemies":"Small Slimes","floor":5.0,"turns":3.0},{"damage":4.0,"enemies":"Jaw Worm","floor":11.0,"turns":2.0},{"damage":0.0,"enemies":"Red Slaver","floor":12.0,"turns":3.0},{"damage":2.0,"enemies":"3 Sentries","floor":14.0,"turns":3.0},{"damage":29.0,"enemies":"Slime Boss","floor":16.0,"turns":7.0},{"damage":0.0,"enemies":"2 Thieves","floor":18.0,"turns":2.0},{"damage":14.0,"enemies":"Colosseum Slavers","floor":19.0,"turns":4.0},{"damage":2.0,"enemies":"Chosen","floor":21.0,"turns":3.0},{"damage":6.0,"enemies":"Gremlin Leader","floor":24.0,"turns":4.0},{"damage":0.0,"enemies":"Slavers","floor":27.0,"turns":1.0},{"damage":0.0,"enemies":"3 Cultists","floor":28.0,"turns":3.0},{"damage":0.0,"enemies":"Cultist and Chosen","floor":29.0,"turns":4.0},{"damage":3.0,"enemies":"Gremlin Leader","floor":30.0,"turns":4.0},{"damage":0.0,"enemies":"Centurion and Healer","floor":31.0,"turns":3.0},{"damage":23,"enemies":"Automaton","floor":33,"turns":10}],"seed_played":"7385380636108531651","potions_obtained":[{"floor":1.0,"key":"Strength Potion"},{"floor":12.0,"key":"SteroidPotion"},{"floor":16.0,"key":"Swift Potion"},{"floor":18.0,"key":"EssenceOfSteel"},{"floor":21.0,"key":"AttackPotion"},{"floor":24.0,"key":"SpeedPotion"},{"floor":28.0,"key":"EssenceOfSteel"}],"is_trial":false,"path_per_floor":["M","?","$","?","M","R","$","R","T","?","M","M","?","E","R","B",null,"M","?","$","M","?","R","E","R","T","E","M","M","E","M","R","B"],"character_chosen":"THE_SILENT","items_purchased":["Dagger Spray","Pen Nib","Flying Knee"],"campfire_rested":0,"item_purchase_floors":[3,3,7],"current_hp_per_floor":[58,47,47,34,26,26,26,26,26,26,22,22,37,35,35,6,47,47,33,33,31,31,31,25,25,25,25,25,25,22,22,22,0],"gold":274,"neow_bonus":"BOSS_RELIC","is_prod":false,"is_daily":false,"chose_seed":false,"campfire_upgraded":6,"win_rate":0,"timestamp":1543916455,"path_taken":["M","?","$","?","M","R","$","R","T","?","M","M","?","E","R","BOSS","M","?","$","M","?","R","E","R","T","E","M","M","E","M","R","BOSS"],"build_version":"2018-11-15","purchased_purges":1,"victory":false,"max_hp_per_floor":[66,66,66,66,66,66,66,66,66,61,61,61,61,61,61,61,61,61,61,61,61,61,61,61,61,61,61,61,61,61,61,61,61],"card_choices":[{"not_picked":["Endless Agony","Tactician"],"picked":"Masterful Stab","floor":1.0},{"not_picked":["Setup","Accuracy","Escape Plan"],"picked":"SKIP","floor":5.0},{"not_picked":["Bane","Prepared","Dagger Throw"],"picked":"SKIP","floor":11.0},{"not_picked":["Accuracy","Sucker Punch"],"picked":"Noxious Fumes","floor":12.0},{"not_picked":["Prepared","Slice"],"picked":"Escape Plan","floor":14.0},{"not_picked":["Envenom","Doppelganger"],"picked":"Die Die Die","floor":16.0},{"not_picked":["Dagger Spray","Sucker Punch"],"picked":"Blur","floor":18.0},{"not_picked":["Skewer","Dagger Spray"],"picked":"Acrobatics+1","floor":21.0},{"not_picked":["Underhanded Strike+1","Dagger Spray","Blur"],"picked":"SKIP","floor":24.0},{"not_picked":["Underhanded Strike+1","Dagger Spray","Blur"],"picked":"SKIP","floor":24.0},{"not_picked":["Dodge and Roll","Slice","Flying Knee"],"picked":"SKIP","floor":27.0},{"not_picked":["Cloak And Dagger","Underhanded Strike+1"],"picked":"Dash+1","floor":28.0},{"not_picked":["Cloak And Dagger","Dagger Throw+1","Bane+1"],"picked":"SKIP","floor":29.0},{"not_picked":["Poisoned Stab+1","Dodge and Roll","Concentrate+1"],"picked":"SKIP","floor":30.0},{"not_picked":["Underhanded Strike+1","A Thousand Cuts","Prepared"],"picked":"SKIP","floor":31.0}],"player_experience":581521,"relics_obtained":[{"floor":9.0,"key":"Boot"},{"floor":14.0,"key":"Ninja Scroll"},{"floor":24.0,"key":"Anchor"},{"floor":26.0,"key":"War Paint"},{"floor":27.0,"key":"Molten Egg 2"},{"floor":30.0,"key":"Shuriken"}],"event_choices":[{"damage_healed":0.0,"max_hp_gain":0.0,"max_hp_loss":0.0,"gold_gain":75.0,"event_name":"World of Goop","player_choice":"Gather Gold","floor":2.0,"gold_loss":0.0,"damage_taken":11.0},{"damage_healed":0.0,"max_hp_gain":0.0,"max_hp_loss":0.0,"gold_gain":0.0,"event_name":"Shining Light","player_choice":"Entered Light","floor":4.0,"gold_loss":0.0,"damage_taken":13.0,"cards_upgraded":["Strike_G","Defend_G"]},{"damage_healed":0.0,"max_hp_gain":0.0,"max_hp_loss":5.0,"gold_gain":0.0,"event_name":"Golden Idol","player_choice":"Lose Max HP","floor":10.0,"gold_loss":0.0,"damage_taken":0.0,"relics_obtained":["Golden Idol"]},{"damage_healed":15.0,"max_hp_gain":0.0,"max_hp_loss":0.0,"gold_gain":0.0,"event_name":"The Cleric","player_choice":"Healed","floor":13.0,"gold_loss":35.0,"damage_taken":0.0},{"damage_healed":0.0,"max_hp_gain":0.0,"max_hp_loss":0.0,"gold_gain":0.0,"event_name":"Colosseum","player_choice":"Fight","floor":19.0,"gold_loss":0.0,"damage_taken":0.0},{"damage_healed":0.0,"max_hp_gain":0.0,"max_hp_loss":0.0,"gold_gain":0.0,"event_name":"Colosseum","player_choice":"Fled From Nobs","floor":19.0,"gold_loss":0.0,"damage_taken":0.0},{"damage_healed":0.0,"max_hp_gain":0.0,"max_hp_loss":0.0,"gold_gain":0.0,"event_name":"Back to Basics","player_choice":"Simplicity","floor":22.0,"gold_loss":0.0,"damage_taken":0.0,"cards_upgraded":["Defend_G","Defend_G","Defend_G","Defend_G","Strike_G","Strike_G","Strike_G"]}],"is_beta":true,"boss_relics":[{"not_picked":["Ectoplasm","Busted Crown"],"picked":"White Beast Statue"}],"items_purged_floors":[20],"is_endless":false,"potions_floor_spawned":[1,12,16,18,19,21,24,27,28,29,30,31],"killed_by":"Automaton","ascension_level":14}