{"gold_per_floor":[112,128,128,140,140,140,168,168,168,203,217,217,217,217,217,296,296,312,312,312,39,39,71,71,71,71,101,1,1,19,69,69,140,140,154,502,502,521,621,621,656,683,707,735,749,749,749,778,778,778,778,778,778,162,196,196],"floor_reached":57,"playtime":2547,"items_purged":["Strike_R","Strike_R","Strike_R"],"score":3316,"play_id":"992ba83f-059f-40de-b439-24e494fa650e","local_time":"20190314184354","is_ascension_mode":true,"campfire_choices":[{"data":"Carnage","floor":6.0,"key":"SMITH"},{"data":"Second Wind","floor":8.0,"key":"SMITH"},{"data":"Whirlwind","floor":12.0,"key":"SMITH"},{"data":"Flame Barrier","floor":15.0,"key":"SMITH"},{"floor":24.0,"key":"REST"},{"data":"Barricade","floor":32.0,"key":"SMITH"},{"data":"Body Slam","floor":40.0,"key":"SMITH"},{"floor":46.0,"key":"RECALL"},{"data":"1","floor":49.0,"key":"LIFT"},{"data":"2","floor":53.0,"key":"LIFT"}],"neow_cost":"NONE","seed_source_timestamp":28832699094300,"circlet_count":0,"master_deck":["AscendersBane","Strike_R","Strike_R","Defend_R","Defend_R","Defend_R","Defend_R","Bash","Carnage+1","Second Wind+1","Flame Barrier+1","Warcry+1","Whirlwind+1","Barricade+1","Battle Trance+1","True Grit+1","Body Slam+1","Ghostly+1","Ghostly+1","Ghostly+1","Second Wind+1","Shrug It Off+1","Entrench+1","True Grit+1","Burning Pact+1","Impervious+1","Shrug It Off+1","Evolve"],"special_seed":0,"relics":["Burning Blood","NeowsBlessing","WarpedTongs","WingedGreaves","Toxic Egg 2","Vajra","Velvet Choker","Omamori","Boot","Happy Flower","Red Skull","Sozu","Old Coin","Prayer Wheel","Anchor","Thread and Needle","Potion Belt","Girya","Self Forming Clay","Bottled Tornado","Toy Ornithopter"],"potions_floor_usage":[56],"damage_taken":[{"damage":0.0,"enemies":"Cultist","floor":1.0,"turns":1.0},{"damage":0.0,"enemies":"Small Slimes","floor":2.0,"turns":1.0},{"damage":0.0,"enemies":"2 Louse","floor":4.0,"turns":1.0},{"damage":25.0,"enemies":"Lagavulin","floor":7.0,"turns":5.0},{"damage":20.0,"enemies":"3 Sentries","floor":10.0,"turns":9.0},{"damage":13.0,"enemies":"Looter","floor":11.0,"turns":2.0},{"damage":42.0,"enemies":"The Guardian","floor":16.0,"turns":10.0},{"damage":10.0,"enemies":"3 Byrds","floor":18.0,"turns":4.0},{"damage":39.0,"enemies":"Book of Stabbing","floor":23.0,"turns":5.0},{"damage":14.0,"enemies":"Slavers","floor":27.0,"turns":6.0},{"damage":1.0,"enemies":"Shell Parasite","floor":30.0,"turns":5.0},{"damage":0.0,"enemies":"Automaton","floor":33.0,"turns":7.0},{"damage":4.0,"enemies":"3 Shapes","floor":35.0,"turns":5.0},{"damage":24.0,"enemies":"2 Orb Walkers","floor":36.0,"turns":7.0},{"damage":0.0,"enemies":"Orb Walker","floor":38.0,"turns":3.0},{"damage":0.0,"enemies":"Mind Bloom Boss Battle","floor":39.0,"turns":7.0},{"damage":0.0,"enemies":"Nemesis","floor":41.0,"turns":9.0},{"damage":0.0,"enemies":"Reptomancer","floor":42.0,"turns":6.0},{"damage":0.0,"enemies":"Giant Head","floor":44.0,"turns":5.0},{"damage":0.0,"enemies":"Transient","floor":45.0,"turns":6.0},{"damage":0.0,"enemies":"Nemesis","floor":48.0,"turns":7.0},{"damage":7.0,"enemies":"Donu and Deca","floor":50.0,"turns":15.0},{"damage":0.0,"enemies":"Time Eater","floor":51.0,"turns":12.0},{"damage":0.0,"enemies":"Shield and Spear","floor":55.0,"turns":6.0},{"damage":17,"enemies":"The Heart","floor":56,"turns":10}],"seed_played":"-7788257106652494402","potions_obtained":[{"floor":1.0,"key":"Poison Potion"},{"floor":2.0,"key":"Regen Potion"},{"floor":18.0,"key":"Block Potion"},{"floor":33.0,"key":"PowerPotion"}],"is_trial":false,"path_per_floor":["M","M","$","M","?","R","E","R","T","E","M","R","?","?","R","B",null,"M","?","?","$","?","E","R","?","T","E","$","?","M","?","R","B",null,"M","?","?","M","?","R","E","E","T","E","M","R","?","E","R","B","B",null,"R","$","E","B",null],"character_chosen":"IRONCLAD","items_purchased":["Omamori","Body Slam","Bottled Tornado","Toy Ornithopter"],"campfire_rested":1,"item_purchase_floors":[21,21,54,54],"current_hp_per_floor":[74,75,75,75,75,75,56,56,56,57,50,50,43,48,48,12,63,59,59,59,59,40,7,19,19,19,11,11,11,16,16,16,22,36,38,20,20,26,32,32,38,40,40,40,40,40,40,40,40,39,40,40,40,40,40,29],"gold":196,"neow_bonus":"THREE_ENEMY_KILL","is_prod":false,"is_daily":false,"chose_seed":false,"campfire_upgraded":6,"win_rate":0,"timestamp":1552556634,"path_taken":["M","?","$","M","?","R","E","R","T","E","?","R","?","?","R","BOSS","M","?","?","$","?","E","R","?","T","E","?","?","?","?","R","BOSS","M","?","?","?","?","R","E","E","T","E","M","R","?","E","R","BOSS","BOSS","R","$","E","BOSS"],"build_version":"2019-01-23","purchased_purges":3,"victory":true,"max_hp_per_floor":[75,75,75,75,75,75,75,75,75,75,75,75,75,80,80,80,80,80,80,80,80,40,40,40,40,40,40,40,40,40,40,40,40,40,40,40,40,40,40,40,40,40,40,40,40,40,40,40,40,40,40,40,40,40,40,40],"card_choices":[{"not_picked":["Dual Wield","Intimidate"],"picked":"Carnage","floor":1.0},{"not_picked":["Havoc","Perfected Strike","Flex"],"picked":"SKIP","floor":2.0},{"not_picked":["Body Slam","Iron Wave"],"picked":"Second Wind","floor":4.0},{"not_picked":["Flame Barrier","Heavy Blade","Headbutt"],"picked":"SKIP","floor":7.0},{"not_picked":["Heavy Blade","Headbutt"],"picked":"Flame Barrier","floor":7.0},{"not_picked":["Perfected Strike","Thunderclap"],"picked":"Warcry+1","floor":10.0},{"not_picked":["Blood for Blood","Anger"],"picked":"Whirlwind","floor":11.0},{"not_picked":["Impervious+1","Demon Form"],"picked":"Barricade","floor":16.0},{"not_picked":["Seeing Red+1","Clash"],"picked":"Battle Trance+1","floor":18.0},{"not_picked":["Anger","Spot Weakness+1"],"picked":"Second Wind+1","floor":23.0},{"not_picked":["Uppercut+1","Armaments+1"],"picked":"Shrug It Off+1","floor":27.0},{"not_picked":["Carnage","Anger"],"picked":"Entrench+1","floor":30.0},{"not_picked":["Perfected Strike","Iron Wave","Sentinel+1"],"picked":"SKIP","floor":35.0},{"not_picked":["Wild Strike","Anger"],"picked":"True Grit+1","floor":36.0},{"not_picked":["Clash","Pommel Strike+1","Corruption"],"picked":"SKIP","floor":38.0},{"not_picked":["Berserk","Iron Wave+1"],"picked":"Burning Pact+1","floor":41.0},{"not_picked":["Hemokinesis+1","Clash+1","Fire Breathing"],"picked":"SKIP","floor":42.0},{"not_picked":["Feed","Corruption"],"picked":"Impervious+1","floor":44.0},{"not_picked":["Warcry+1","Clash"],"picked":"Shrug It Off+1","floor":45.0},{"not_picked":["Pommel Strike","Perfected Strike","True Grit+1"],"picked":"SKIP","floor":45.0},{"not_picked":["True Grit+1","Bludgeon","Warcry+1"],"picked":"SKIP","floor":48.0},{"not_picked":["Second Wind+1","Perfected Strike+1"],"picked":"Evolve","floor":55.0}],"player_experience":2268826,"relics_obtained":[{"floor":7.0,"key":"WingedGreaves"},{"floor":9.0,"key":"Toxic Egg 2"},{"floor":10.0,"key":"Vajra"},{"floor":23.0,"key":"Boot"},{"floor":27.0,"key":"Happy Flower"},{"floor":36.0,"key":"Old Coin"},{"floor":39.0,"key":"Prayer Wheel"},{"floor":41.0,"key":"Anchor"},{"floor":42.0,"key":"Thread and Needle"},{"floor":43.0,"key":"Potion Belt"},{"floor":44.0,"key":"Girya"},{"floor":48.0,"key":"Self Forming Clay"}],"event_choices":[{"damage_healed":0.0,"max_hp_gain":0.0,"max_hp_loss":0.0,"gold_gain":0.0,"event_name":"Accursed Blacksmith","player_choice":"Rummage","floor":5.0,"gold_loss":0.0,"damage_taken":0.0,"relics_obtained":["WarpedTongs"],"cards_obtained":["Pain"]},{"cards_removed":["Pain"],"damage_healed":0.0,"max_hp_gain":0.0,"max_hp_loss":0.0,"gold_gain":0.0,"event_name":"Golden Wing","player_choice":"Card Removal","floor":13.0,"gold_loss":0.0,"damage_taken":7.0},{"damage_healed":0.0,"max_hp_gain":5.0,"max_hp_loss":0.0,"gold_gain":0.0,"event_name":"Big Fish","player_choice":"Donut","floor":14.0,"gold_loss":0.0,"damage_taken":0.0},{"damage_healed":0.0,"max_hp_gain":0.0,"max_hp_loss":0.0,"gold_gain":0.0,"event_name":"Vampires","player_choice":"Ignored","floor":19.0,"gold_loss":0.0,"damage_taken":0.0},{"damage_healed":0.0,"max_hp_gain":0.0,"max_hp_loss":0.0,"gold_gain":0.0,"event_name":"The Library","player_choice":"Read","floor":20.0,"gold_loss":0.0,"damage_taken":0.0,"cards_obtained":["True Grit"]},{"damage_healed":0.0,"max_hp_gain":0.0,"max_hp_loss":40.0,"gold_gain":0.0,"event_name":"Ghosts","player_choice":"Became a Ghost","floor":22.0,"gold_loss":0.0,"damage_taken":0.0,"cards_obtained":["Ghostly","Ghostly","Ghostly"]},{"damage_healed":0.0,"max_hp_gain":0.0,"max_hp_loss":0.0,"gold_gain":0.0,"event_name":"Cursed Tome","player_choice":"Ignored","floor":25.0,"gold_loss":0.0,"damage_taken":0.0},{"damage_healed":0.0,"max_hp_gain":0.0,"max_hp_loss":0.0,"gold_gain":0.0,"event_name":"The Mausoleum","player_choice":"Opened","floor":29.0,"gold_loss":0.0,"damage_taken":0.0,"relics_obtained":["Red Skull"],"cards_obtained":["Writhe"]},{"damage_healed":0.0,"max_hp_gain":0.0,"max_hp_loss":0.0,"gold_gain":50.0,"event_name":"Nest","player_choice":"Stole From Cult","floor":31.0,"gold_loss":0.0,"damage_taken":0.0},{"damage_healed":0.0,"max_hp_gain":0.0,"max_hp_loss":0.0,"gold_gain":0.0,"event_name":"Mysterious Sphere","player_choice":"Fight","floor":36.0,"gold_loss":0.0,"damage_taken":0.0},{"damage_healed":0.0,"max_hp_gain":0.0,"max_hp_loss":0.0,"gold_gain":0.0,"event_name":"Tomb of Lord Red Mask","player_choice":"Ignored","floor":37.0,"gold_loss":0.0,"damage_taken":0.0},{"damage_healed":0.0,"max_hp_gain":0.0,"max_hp_loss":0.0,"gold_gain":0.0,"event_name":"MindBloom","player_choice":"Fight","floor":39.0,"gold_loss":0.0,"damage_taken":0.0},{"damage_healed":8.0,"max_hp_gain":0.0,"max_hp_loss":0.0,"gold_gain":0.0,"event_name":"Winding Halls","player_choice":"Writhe","floor":47.0,"gold_loss":0.0,"damage_taken":0.0,"cards_obtained":["Writhe"]}],"is_beta":false,"boss_relics":[{"not_picked":["Cursed Key","Astrolabe"],"picked":"Velvet Choker"},{"not_picked":["Calling Bell","Mark of Pain"],"picked":"Sozu"}],"items_purged_floors":[21,28,54],"is_endless":false,"potions_floor_spawned":[1,2,4,18,33,39,41,45,48,55],"ascension_level":20}