{"path_per_floor":["M","?","M","$","M","E","?","R","T","R","M","M","E","M","R","B",null,"M","M","?","?","?"],"character_chosen":"THE_SILENT","items_purchased":["Blur"],"gold_per_floor":[114,114,134,26,43,75,75,75,102,102,118,135,161,131,131,226,226,243,258,258,258,258],"floor_reached":23,"campfire_rested":0,"playtime":1320,"current_hp_per_floor":[68,61,61,61,56,41,41,41,41,41,14,12,8,10,10,3,53,55,31,31,31,31],"items_purged":["Defend_G"],"gold":258,"score":249,"play_id":"1b7b273f-703c-4a93-b75d-1066f27f3232","local_time":"20180303133401","is_prod":false,"is_daily":false,"is_ascension_mode":true,"campfire_upgraded":3,"timestamp":1520055241,"path_taken":["M","?","M","$","M","E","?","R","T","R","M","M","E","M","R","BOSS","M","M","?","?","?","E"],"build_version":"2018-03-02-BETA2","purchased_purges":1,"victory":false,"master_deck":["Defend_G","Defend_G","Defend_G","Strike_G","Strike_G","Strike_G","Survivor","Neutralize+1","Terror","Finisher+1","Blur","Footwork","Footwork","Calculated Gamble","Noxious Fumes+1","Cloak And Dagger+1","Dodge and Roll","Adrenaline","Infinite Blades+1"],"max_hp_per_floor":[70,70,70,70,70,70,70,70,70,70,70,70,70,70,70,70,70,70,70,70,70,70],"relics":["Runic Pyramid","Mummified Hand","Blood Vial","Orichalcum","Sozu","Dodecahedron"],"card_choices":[{"not_picked":["Escape Plan","Sucker Punch"],"picked":"Terror"},{"not_picked":["Malaise","Riddle With Holes"],"picked":"Finisher"},{"not_picked":["Prepared","Well Laid Plans"],"picked":"Footwork"},{"not_picked":["Distraction","Night Terror"],"picked":"Footwork"},{"not_picked":["Finisher","Prepared"],"picked":"Calculated Gamble"},{"not_picked":["Bouncing Flask","Footwork"],"picked":"Noxious Fumes"},{"not_picked":["Crippling Poison","Predator"],"picked":"Cloak And Dagger"},{"not_picked":["Concentrate","Sucker Punch"],"picked":"Dodge and Roll"},{"not_picked":["Phantasmal Killer","A Thousand Cuts"],"picked":"Adrenaline"},{"not_picked":["Dagger Throw","Deadly Poison"],"picked":"Infinite Blades"}],"player_experience":130757,"potions_floor_usage":[3,5,13,13],"damage_taken":[{"damage":2,"enemies":"Jaw Worm","floor":1,"turns":6},{"damage":0,"enemies":"Cultist","floor":3,"turns":5},{"damage":5,"enemies":"2 Louse","floor":5,"turns":2},{"damage":15,"enemies":"Lagavulin","floor":6,"turns":6},{"damage":29,"enemies":"Lots of Slimes","floor":11,"turns":8},{"damage":4,"enemies":"Blue Slaver","floor":12,"turns":5},{"damage":6,"enemies":"Gremlin Nob","floor":13,"turns":5},{"damage":0,"enemies":"Looter","floor":14,"turns":4},{"damage":9,"enemies":"The Guardian","floor":16,"turns":12},{"damage":0,"enemies":"Shell Parasite","floor":18,"turns":9},{"damage":26,"enemies":"2 Thieves","floor":19,"turns":4},{"damage":34,"enemies":"Slavers","floor":23,"turns":2}],"event_choices":[{"event_name":"Golden Wing","player_choice":"Card Removal","floor":2,"damage_taken":0},{"event_name":"Bonfire Elementals","player_choice":"BASIC","floor":7,"damage_taken":0},{"event_name":"The Mausoleum","player_choice":"Yes","floor":20,"damage_taken":0},{"event_name":"Upgrade Shrine","player_choice":"Upgraded","floor":21,"damage_taken":0},{"event_name":"Back to Basics","player_choice":"Elegance","floor":22,"damage_taken":0}],"boss_relics":[{"not_picked":["Lizard Tail","Velvet Choker"],"picked":"Sozu"}],"potions_floor_spawned":[1,3,11,12],"seed_played":"-7303933655475563328","killed_by":"Slavers","ascension_level":5,"is_trial":false}