{"gold_per_floor":[111,26,36,36,36,36,77,77,101,101,145,170,210,223,223,319,319,337,762,67,117,130,130,75,0,24,24,24,58,91,105,105,199,199,222,246,30,155,178,178,224,236,248,310,365,397,422,473,485,497,509],"floor_reached":52,"playtime":2707,"items_purged":["Strike_B"],"score":2144,"play_id":"a64b04d3-f241-4a29-81bf-728de6b1bfcc","local_time":"20190323123502","is_ascension_mode":true,"campfire_choices":[{"floor":6,"key":"REST"},{"data":"Zap","floor":8,"key":"SMITH"},{"data":"Rip and Tear","floor":10,"key":"SMITH"},{"data":"Defragment","floor":15,"key":"SMITH"},{"data":"Seek","floor":23,"key":"SMITH"},{"floor":27,"key":"DIG"},{"floor":32,"key":"DIG"},{"floor":40,"key":"DIG"},{"floor":42,"key":"DIG"},{"floor":49,"key":"DIG"}],"neow_cost":"NONE","seed_source_timestamp":321543548288600,"circlet_count":0,"master_deck":["AscendersBane","Strike_B+1","Defend_B","Defend_B","Defend_B","Zap+1","Dualcast","Cold Snap","Capacitor+1","Rip and Tear+1","Defragment+1","Hologram","Turbo","Seek+1","Barrage+1","Cold Snap+1","BootSequence+1","FTL","Echo Form","Ghostly","Ghostly","Ghostly","White Noise","Seek","Turbo+1","Double Energy","Conserve Battery","Loop","Conserve Battery+1"],"relics":["Cracked Core","NeowsBlessing","Golden Idol","Boot","DataDisk","Calipers","Odd Mushroom","Oddly Smooth Stone","Astrolabe","Old Coin","Bottled Lightning","Lee\u0027s Waffle","Shovel","Tiny Chest","Anchor","Pantograph","Torii","Red Mask","Pen Nib","Fusion Hammer","Runic Capacitor","Gambling Chip","MawBank","Blood Vial","Smiling Mask","Bag of Preparation","PreservedInsect","Turnip"],"potions_floor_usage":[11,11,19,36],"damage_taken":[{"damage":0,"enemies":"Cultist","floor":1,"turns":1},{"damage":0,"enemies":"2 Louse","floor":3,"turns":1},{"damage":0,"enemies":"Lagavulin","floor":7,"turns":1},{"damage":8,"enemies":"Gremlin Nob","floor":11,"turns":3},{"damage":10,"enemies":"The Mushroom Lair","floor":12,"turns":4},{"damage":19,"enemies":"3 Sentries","floor":13,"turns":8},{"damage":8,"enemies":"Jaw Worm","floor":14,"turns":2},{"damage":3,"enemies":"Hexaghost","floor":16,"turns":9},{"damage":5,"enemies":"Shell Parasite","floor":18,"turns":5},{"damage":10,"enemies":"Colosseum Slavers","floor":19,"turns":4},{"damage":2,"enemies":"Colosseum Nobs","floor":19,"turns":6},{"damage":1,"enemies":"3 Byrds","floor":22,"turns":5},{"damage":9,"enemies":"Slavers","floor":29,"turns":6},{"damage":1,"enemies":"Masked Bandits","floor":30,"turns":5},{"damage":0,"enemies":"3 Cultists","floor":31,"turns":6},{"damage":1,"enemies":"Champ","floor":33,"turns":13},{"damage":1,"enemies":"3 Darklings","floor":35,"turns":7},{"damage":1,"enemies":"Orb Walker","floor":36,"turns":5},{"damage":0,"enemies":"Mind Bloom Boss Battle","floor":38,"turns":7},{"damage":13,"enemies":"Writhing Mass","floor":39,"turns":8},{"damage":0,"enemies":"Nemesis","floor":41,"turns":9},{"damage":0,"enemies":"Giant Head","floor":45,"turns":9},{"damage":0,"enemies":"Spire Growth","floor":46,"turns":7},{"damage":0,"enemies":"Transient","floor":47,"turns":6},{"damage":0,"enemies":"Reptomancer","floor":48,"turns":8},{"damage":12,"enemies":"Awakened One","floor":50,"turns":23},{"damage":18,"enemies":"Time Eater","floor":51,"turns":16}],"seed_played":"6886457028115608127","potions_obtained":[{"floor":3,"key":"GamblersBrew"},{"floor":7,"key":"Explosive Potion"},{"floor":12,"key":"FairyPotion"},{"floor":16,"key":"Weak Potion"},{"floor":29,"key":"Block Potion"},{"floor":30,"key":"GamblersBrew"},{"floor":33,"key":"SteroidPotion"},{"floor":39,"key":"LiquidBronze"},{"floor":45,"key":"AttackPotion"}],"is_trial":false,"path_per_floor":["M","$","M","?","?","R","E","R","T","R","E","?","E","M","R","B",null,"M","?","$","?","M","R","?","$","T","R","?","E","?","M","R","B",null,"M","M","$","?","M","R","E","R","T","?","E","M","M","E","R","B","B",null],"character_chosen":"DEFECT","items_purchased":["Capacitor","Echo Form","Lee\u0027s Waffle","Shovel","Runic Capacitor"],"campfire_rested":1,"item_purchase_floors":[2,20,20,20,37],"current_hp_per_floor":[64,64,64,40,19,40,40,40,40,40,32,22,3,7,7,4,54,49,37,78,78,77,77,77,77,77,77,39,30,29,29,29,38,39,38,37,37,39,26,26,26,26,26,23,25,27,29,31,31,27,21],"gold":521,"neow_bonus":"THREE_ENEMY_KILL","is_prod":false,"is_daily":false,"chose_seed":false,"campfire_upgraded":4,"win_rate":0,"timestamp":1553312102,"path_taken":["M","$","?","?","?","R","E","R","T","R","E","?","E","M","R","BOSS","M","?","$","?","M","R","?","?","T","R","?","E","?","M","R","BOSS","M","M","$","?","M","R","E","R","T","?","E","?","M","E","R","BOSS","BOSS"],"build_version":"2019-01-23","purchased_purges":1,"victory":true,"max_hp_per_floor":[71,71,71,71,71,71,71,71,71,71,71,71,71,71,71,71,71,71,71,78,78,78,78,78,78,78,78,39,39,39,39,39,39,39,39,39,39,39,39,39,39,39,39,39,39,39,39,39,39,39,39],"card_choices":[{"not_picked":["Steam","Streamline"],"picked":"Cold Snap","floor":1},{"not_picked":["Hologram","Steam"],"picked":"Rip and Tear","floor":3},{"not_picked":["Compile Driver","Scrape","Redo"],"picked":"SKIP","floor":7},{"not_picked":["Barrage","All For One"],"picked":"Defragment","floor":11},{"not_picked":["Scrape","Ball Lightning"],"picked":"Hologram","floor":12},{"not_picked":["Machine Learning","Scrape","Steam"],"picked":"SKIP","floor":13},{"not_picked":["Rebound","Compile Driver"],"picked":"Turbo","floor":14},{"not_picked":["Machine Learning","Hyperbeam"],"picked":"Seek","floor":16},{"not_picked":["Gash","Hologram","Redo"],"picked":"SKIP","floor":18},{"not_picked":["Sweeping Beam","Aggregate"],"picked":"FTL","floor":19},{"not_picked":["Streamline+1","Auto Shields","Ball Lightning"],"picked":"SKIP","floor":22},{"not_picked":["Compile Driver+1","Go for the Eyes"],"picked":"White Noise","floor":29},{"not_picked":["Beam Cell","Stack","Steam"],"picked":"SKIP","floor":31},{"not_picked":["Amplify","Multi-Cast"],"picked":"Seek","floor":33},{"not_picked":["Sweeping Beam","Gash","Rebound"],"picked":"SKIP","floor":35},{"not_picked":["Barrage+1","Redo"],"picked":"Turbo+1","floor":36},{"not_picked":["Turbo","Rebound","Stack"],"picked":"SKIP","floor":39},{"not_picked":["Heatsinks","Machine Learning"],"picked":"Double Energy","floor":41},{"not_picked":["Leap","Gash","Steam Power"],"picked":"SKIP","floor":45},{"not_picked":["Go for the Eyes","Storm"],"picked":"Conserve Battery","floor":46},{"not_picked":["Reprogram","Go for the Eyes"],"picked":"Loop","floor":47},{"not_picked":["Ball Lightning","Stack"],"picked":"Conserve Battery+1","floor":48}],"player_experience":2490932,"relics_obtained":[{"floor":7,"key":"Boot"},{"floor":9,"key":"DataDisk"},{"floor":11,"key":"Calipers"},{"floor":12,"key":"Odd Mushroom"},{"floor":13,"key":"Oddly Smooth Stone"},{"floor":19,"key":"Old Coin"},{"floor":19,"key":"Bottled Lightning"},{"floor":26,"key":"Anchor"},{"floor":27,"key":"Pantograph"},{"floor":29,"key":"Torii"},{"floor":30,"key":"Red Mask"},{"floor":32,"key":"Pen Nib"},{"floor":38,"key":"Gambling Chip"},{"floor":40,"key":"MawBank"},{"floor":41,"key":"Blood Vial"},{"floor":42,"key":"Smiling Mask"},{"floor":45,"key":"Bag of Preparation"},{"floor":48,"key":"PreservedInsect"},{"floor":49,"key":"Turnip"}],"event_choices":[{"damage_healed":0,"gold_gain":0,"player_choice":"Take Damage","damage_taken":24,"relics_obtained":["Golden Idol"],"max_hp_gain":0,"max_hp_loss":0,"event_name":"Golden Idol","floor":4,"gold_loss":0},{"damage_healed":0,"gold_gain":0,"player_choice":"Entered Light","damage_taken":21,"max_hp_gain":0,"max_hp_loss":0,"event_name":"Shining Light","floor":5,"gold_loss":0,"cards_upgraded":["Strike_B","Capacitor"]},{"damage_healed":0,"gold_gain":0,"player_choice":"Fought Mushrooms","damage_taken":0,"max_hp_gain":0,"max_hp_loss":0,"event_name":"Mushrooms","floor":12,"gold_loss":0},{"damage_healed":0,"gold_gain":0,"player_choice":"Fight","damage_taken":0,"max_hp_gain":0,"max_hp_loss":0,"event_name":"Colosseum","floor":19,"gold_loss":0},{"damage_healed":0,"gold_gain":0,"player_choice":"Fought Nobs","damage_taken":0,"max_hp_gain":0,"max_hp_loss":0,"event_name":"Colosseum","floor":19,"gold_loss":0},{"damage_healed":0,"gold_gain":50,"player_choice":"Stole From Cult","damage_taken":0,"max_hp_gain":0,"max_hp_loss":0,"event_name":"Nest","floor":21,"gold_loss":0},{"damage_healed":0,"gold_gain":0,"player_choice":"Obtained Relic","damage_taken":0,"relics_obtained":["Tiny Chest"],"max_hp_gain":0,"max_hp_loss":0,"event_name":"Addict","floor":24,"gold_loss":85},{"damage_healed":0,"gold_gain":0,"player_choice":"Became a Ghost","damage_taken":0,"max_hp_gain":0,"max_hp_loss":39,"event_name":"Ghosts","floor":28,"gold_loss":0,"cards_obtained":["Ghostly","Ghostly","Ghostly"]},{"damage_healed":0,"gold_gain":0,"player_choice":"Fought Bandits","damage_taken":0,"max_hp_gain":0,"max_hp_loss":0,"event_name":"Masked Bandits","floor":30,"gold_loss":0},{"damage_healed":0,"gold_gain":0,"player_choice":"Fight","damage_taken":0,"max_hp_gain":0,"max_hp_loss":0,"event_name":"MindBloom","floor":38,"gold_loss":0},{"damage_healed":0,"gold_gain":50,"player_choice":"Touch","damage_taken":3,"max_hp_gain":0,"max_hp_loss":0,"event_name":"FaceTrader","floor":44,"gold_loss":0}],"is_beta":false,"boss_relics":[{"not_picked":["Runic Pyramid","Lizard Tail"],"picked":"Astrolabe"},{"not_picked":["Eternal Feather","Calling Bell"],"picked":"Fusion Hammer"}],"items_purged_floors":[25],"is_endless":false,"potions_floor_spawned":[3,7,12,16,29,30,33,39,45,46,47],"ascension_level":20}