{"gold_per_floor":[111,111,128,147,160,193,193,207,207,207,234,254,429,459,459,558,558,576,588,588,513,525,525,382,398,398,398,415,425,425],"floor_reached":30,"playtime":1751,"items_purged":[],"score":317,"play_id":"790f9f2d-dca8-4927-9d1b-e3147ea848fe","local_time":"20180720220759","is_ascension_mode":true,"campfire_choices":[{"floor":7,"key":"REST"},{"floor":10,"key":"REST"},{"data":"Creative AI","floor":15,"key":"SMITH"},{"floor":23,"key":"REST"},{"floor":27,"key":"REST"}],"neow_cost":"TEN_PERCENT_HP_LOSS","seed_source_timestamp":1300522550197677,"circlet_count":0,"master_deck":["Strike_B","Strike_B","Strike_B","Strike_B","Defend_B","Defend_B","Defend_B","Defend_B","Zap","Dualcast","Ball Lightning","Creative AI+1","Hello World","Defragment","BootSequence","Seek","Ball Lightning","Biased Cognition","Steam","Static Discharge","Glacier"],"relics":["Cracked Core","Incense Burner","Bottled Lightning","Pantograph","Bottled Tornado","Odd Mushroom","Sozu","Kunai"],"potions_floor_usage":[11,11,14,25],"damage_taken":[{"damage":0,"enemies":"2 Louse","floor":1,"turns":3},{"damage":4,"enemies":"Small Slimes","floor":3,"turns":3},{"damage":2,"enemies":"Jaw Worm","floor":4,"turns":3},{"damage":2,"enemies":"Looter","floor":5,"turns":3},{"damage":32,"enemies":"3 Sentries","floor":6,"turns":6},{"damage":0,"enemies":"Large Slime","floor":8,"turns":4},{"damage":1,"enemies":"Lagavulin","floor":11,"turns":5},{"damage":5,"enemies":"Exordium Thugs","floor":12,"turns":5},{"damage":21,"floor":14,"turns":5},{"damage":53,"enemies":"Hexaghost","floor":16,"turns":7},{"damage":7,"enemies":"Chosen","floor":18,"turns":4},{"damage":3,"enemies":"Shell Parasite","floor":19,"turns":5},{"damage":23,"enemies":"Cultist and Chosen","floor":22,"turns":5},{"damage":3,"enemies":"3 Cultists","floor":25,"turns":3},{"damage":26,"enemies":"Centurion and Healer","floor":28,"turns":8},{"damage":16,"enemies":"Snake Plant","floor":29,"turns":4},{"damage":8,"enemies":"Book of Stabbing","floor":30,"turns":3}],"seed_played":"8140202216667622429","potions_obtained":[{"floor":6,"key":"SpeedPotion"},{"floor":8,"key":"Fire Potion"},{"floor":11,"key":"Block Potion"},{"floor":14,"key":"GamblersBrew"}],"is_trial":false,"path_per_floor":["M","?","M","M","M","E","R","M","T","R","E","M","?","?","R","B",null,"M","M","?","?","M","R","$","M","T","R","M","M"],"character_chosen":"DEFECT","items_purchased":["Biased Cognition"],"campfire_rested":4,"item_purchase_floors":[24],"current_hp_per_floor":[68,68,64,62,60,28,48,48,48,68,67,62,62,41,41,13,54,47,44,32,32,9,30,30,27,27,48,22,6,0],"gold":425,"neow_bonus":"ONE_RARE_RELIC","is_prod":false,"is_daily":false,"chose_seed":false,"campfire_upgraded":1,"win_rate":0,"timestamp":1532113679,"path_taken":["M","?","M","M","M","E","R","M","T","R","E","M","?","?","R","BOSS","M","M","?","?","M","R","$","?","T","R","?","M","E"],"build_version":"2018-07-19v2","purchased_purges":0,"victory":false,"max_hp_per_floor":[68,68,68,68,68,68,68,68,68,68,68,68,68,68,68,68,68,68,68,73,73,73,73,73,73,73,73,73,73,73],"card_choices":[{"not_picked":["Leap","Sweeping Beam"],"picked":"Ball Lightning","floor":1},{"not_picked":["Streamline","Steam","Barrage"],"picked":"SKIP","floor":3},{"not_picked":["Coolheaded","Barrage","Gash"],"picked":"SKIP","floor":4},{"not_picked":["Gash","Force Field"],"picked":"Creative AI","floor":5},{"not_picked":["Compile Driver","Reinforced Body"],"picked":"Hello World","floor":6},{"not_picked":["Beam Cell","Turbo"],"picked":"Defragment","floor":8},{"not_picked":["Rebound","Coolheaded","Cold Snap"],"picked":"SKIP","floor":11},{"not_picked":["Compile Driver","Cold Snap","Go for the Eyes"],"picked":"SKIP","floor":12},{"not_picked":["Redo","Double Energy"],"picked":"BootSequence","floor":14},{"not_picked":["Core Surge","Reboot"],"picked":"Seek","floor":16},{"not_picked":["Chaos","Gash"],"picked":"Ball Lightning","floor":18},{"not_picked":["Barrage","Rip and Tear","Compile Driver"],"picked":"SKIP","floor":19},{"not_picked":["Darkness+1","Blizzard","Hologram+1"],"picked":"SKIP","floor":22},{"not_picked":["Consume","Coolheaded"],"picked":"Steam","floor":25},{"not_picked":["Sweeping Beam","Core Surge"],"picked":"Static Discharge","floor":28},{"not_picked":["Sweeping Beam","Ball Lightning+1"],"picked":"Glacier","floor":29}],"player_experience":594691,"relics_obtained":[{"floor":6,"key":"Bottled Lightning"},{"floor":9,"key":"Pantograph"},{"floor":11,"key":"Bottled Tornado"},{"floor":14,"key":"Odd Mushroom"},{"floor":26,"key":"Kunai"}],"event_choices":[{"event_name":"Golden Idol","player_choice":"Ignored","floor":2,"damage_taken":0},{"event_name":"Liars Game","player_choice":"agreed","floor":13,"damage_taken":0},{"event_name":"Mushrooms","player_choice":"Fought Mushrooms","floor":14,"damage_taken":0},{"event_name":"Forgotten Altar","player_choice":"Shed Blood","floor":20,"damage_taken":0},{"event_name":"Beggar","player_choice":"Gave Gold","floor":21,"damage_taken":0}],"is_beta":false,"boss_relics":[{"not_picked":["Pandora\u0027s Box","FrozenCore"],"picked":"Sozu"}],"items_purged_floors":[],"is_endless":false,"potions_floor_spawned":[6,8,11,14,25,28],"killed_by":"Book of Stabbing","ascension_level":6}