{"gold_per_floor":[115,0,0,12,12,37,52,52,52,52,81,99,99,128,128,128],"floor_reached":16,"playtime":437,"items_purged":["Strike_R"],"score":286,"play_id":"fd6a56b0-318d-4033-8486-110b30c50209","local_time":"20190326185828","is_ascension_mode":true,"campfire_choices":[{"data":"1","floor":8,"key":"LIFT"},{"data":"2","floor":13,"key":"LIFT"},{"floor":15,"key":"REST"}],"neow_cost":"NONE","seed_source_timestamp":172863335032900,"circlet_count":0,"master_deck":["AscendersBane","Strike_R","Strike_R","Strike_R","Strike_R","Defend_R","Defend_R","Defend_R","Defend_R","Bash","Evolve","Entrench","Armaments","Carnage","Juggernaut"],"relics":["Burning Blood","NeowsBlessing","Girya","Bag of Preparation","Incense Burner","Smiling Mask","Lantern"],"potions_floor_usage":[],"damage_taken":[{"damage":0,"enemies":"Jaw Worm","floor":1,"turns":1},{"damage":0,"enemies":"Small Slimes","floor":4,"turns":1},{"damage":0,"enemies":"Lagavulin","floor":6,"turns":1},{"damage":6,"enemies":"2 Louse","floor":7,"turns":3},{"damage":34,"enemies":"Gremlin Nob","floor":11,"turns":4},{"damage":9,"enemies":"Exordium Wildlife","floor":12,"turns":5},{"damage":31,"enemies":"3 Sentries","floor":14,"turns":13},{"damage":21,"enemies":"The Guardian","floor":16,"turns":13}],"seed_played":"-2385166421274137700","potions_obtained":[{"floor":1,"key":"Swift Potion"},{"floor":11,"key":"SmokeBomb"}],"is_trial":false,"path_per_floor":["M","$","?","M","?","E","M","R","T","$","E","M","R","E","R","B"],"character_chosen":"IRONCLAD","items_purchased":["Entrench"],"campfire_rested":1,"item_purchase_floors":[2],"current_hp_per_floor":[74,74,74,75,64,70,70,70,70,70,42,39,39,14,36,15],"gold":128,"neow_bonus":"THREE_ENEMY_KILL","is_prod":false,"is_daily":false,"chose_seed":false,"campfire_upgraded":0,"win_rate":0,"timestamp":1553594308,"path_taken":["M","$","?","M","?","E","M","R","T","$","E","M","R","E","R","BOSS"],"build_version":"2019-01-23","purchased_purges":1,"victory":false,"max_hp_per_floor":[75,75,75,75,75,75,75,75,75,75,75,75,75,75,75,75],"card_choices":[{"not_picked":["Perfected Strike","True Grit"],"picked":"Evolve","floor":1},{"not_picked":["Twin Strike","Anger"],"picked":"Armaments","floor":4},{"not_picked":["True Grit","Anger"],"picked":"Carnage","floor":6},{"not_picked":["Clothesline","Fire Breathing","Intimidate"],"picked":"SKIP","floor":7},{"not_picked":["Bloodletting","Burning Pact"],"picked":"Juggernaut","floor":11},{"not_picked":["Inflame","Pommel Strike","Sentinel"],"picked":"SKIP","floor":12},{"not_picked":["Dropkick","Clothesline","Body Slam"],"picked":"SKIP","floor":14}],"player_experience":2608016,"relics_obtained":[{"floor":6,"key":"Bag of Preparation"},{"floor":9,"key":"Incense Burner"},{"floor":11,"key":"Smiling Mask"},{"floor":14,"key":"Lantern"}],"event_choices":[{"damage_healed":0,"gold_gain":0,"player_choice":"Leave","damage_taken":0,"max_hp_gain":0,"max_hp_loss":0,"event_name":"The Cleric","floor":3,"gold_loss":0},{"damage_healed":0,"gold_gain":0,"player_choice":"Success","damage_taken":11,"relics_obtained":["Girya"],"max_hp_gain":0,"max_hp_loss":0,"event_name":"Scrap Ooze","floor":5,"gold_loss":0}],"is_beta":false,"boss_relics":[],"items_purged_floors":[2],"is_endless":false,"potions_floor_spawned":[1,11,12],"killed_by":"The Guardian","ascension_level":20}