{"gold_per_floor":[110,110,110,110,75,110,110,171,171,171,205,223,223,238,238,312,312,325,154,154,170,85,112,112,21,75,0,0,20,46,76,76,76],"floor_reached":33,"playtime":950,"items_purged":["Meteor Strike"],"score":624,"play_id":"a27ae30d-5ec3-404f-abea-54b41b895252","local_time":"20190222210416","is_ascension_mode":true,"campfire_choices":[{"data":"Zap","floor":7,"key":"SMITH"},{"data":"Coolheaded","floor":10,"key":"SMITH"},{"data":"Capacitor","floor":13,"key":"SMITH"},{"data":"Leap","floor":15,"key":"SMITH"},{"data":"Defragment","floor":24,"key":"SMITH"},{"data":"Discovery","floor":28,"key":"SMITH"},{"data":"Discovery","floor":32,"key":"SMITH"}],"neow_cost":"NONE","seed_source_timestamp":205501547808800,"circlet_count":0,"master_deck":["AscendersBane","Zap+1","Dualcast","FTL","Coolheaded+1","Melter+1","Capacitor+1","Leap+1","FTL","Defragment+1","Beam Cell","Sweeping Beam+1","Echo Form","White Noise","Discovery+1","Cold Snap","White Noise","Discovery+1","Cold Snap","Self Repair"],"relics":["Cracked Core","NeowsBlessing","Dream Catcher","Mango","Omamori","Bronze Scales","Pandora\u0027s Box","Bag of Marbles","Gremlin Horn","Pen Nib","Tiny Chest","Centennial Puzzle","Whetstone"],"potions_floor_usage":[11,18,23],"damage_taken":[{"damage":0,"enemies":"Small Slimes","floor":1,"turns":1},{"damage":0,"enemies":"3 Sentries","floor":6,"turns":1},{"damage":0,"enemies":"Lagavulin Event","floor":8,"turns":1},{"damage":8,"enemies":"Gremlin Nob","floor":11,"turns":3},{"damage":10,"enemies":"Jaw Worm","floor":12,"turns":2},{"damage":0,"enemies":"Cultist","floor":14,"turns":3},{"damage":21,"enemies":"The Guardian","floor":16,"turns":11},{"damage":9,"enemies":"Chosen","floor":18,"turns":3},{"damage":0,"enemies":"Spheric Guardian","floor":21,"turns":1},{"damage":25,"enemies":"Slavers","floor":23,"turns":3},{"damage":0,"enemies":"Snecko","floor":29,"turns":5},{"damage":15,"enemies":"Gremlin Leader","floor":31,"turns":6},{"damage":33,"enemies":"Collector","floor":33,"turns":5}],"seed_played":"5075065844456493337","potions_obtained":[{"floor":1,"key":"Fire Potion"},{"floor":6,"key":"LiquidBronze"},{"floor":14,"key":"Ancient Potion"},{"floor":16,"key":"AttackPotion"},{"floor":18,"key":"SkillPotion"}],"is_trial":false,"path_per_floor":["M","?","?","$","?","E","R","?","T","R","E","M","R","M","R","B",null,"M","$","?","M","?","E","R","$","T","?","R","M","T","E","R","B"],"character_chosen":"DEFECT","items_purchased":["Discovery","Discovery"],"campfire_rested":0,"item_purchase_floors":[19,25],"current_hp_per_floor":[64,43,36,36,53,53,53,67,67,67,59,49,49,49,49,28,71,62,62,62,62,62,37,37,37,37,37,37,37,37,22,22,0],"gold":76,"neow_bonus":"THREE_ENEMY_KILL","is_prod":false,"is_daily":false,"chose_seed":false,"campfire_upgraded":7,"win_rate":0,"timestamp":1550837056,"path_taken":["M","?","?","$","?","E","R","?","T","R","E","M","R","?","R","BOSS","M","$","?","M","?","E","R","?","T","?","R","?","?","E","R","BOSS"],"build_version":"2019-01-23","purchased_purges":1,"victory":false,"max_hp_per_floor":[71,71,71,71,71,71,71,85,85,85,85,85,85,85,85,85,85,85,85,85,85,85,85,85,85,85,85,85,85,85,85,85,85],"card_choices":[{"not_picked":["Darkness","Fusion","Redo"],"picked":"SKIP","floor":1},{"not_picked":["Turbo","Hologram"],"picked":"FTL","floor":6},{"not_picked":["Hologram","Compile Driver"],"picked":"Coolheaded","floor":8},{"not_picked":["Meteor Strike","Sweeping Beam"],"picked":"Melter","floor":11},{"not_picked":["Turbo","White Noise"],"picked":"Capacitor","floor":12},{"not_picked":["Chaos","Ball Lightning"],"picked":"Leap","floor":14},{"not_picked":["Skim+1","Steam+1"],"picked":"White Noise","floor":18},{"not_picked":["Ball Lightning","Hologram"],"picked":"Cold Snap","floor":21},{"not_picked":["Sweeping Beam","Reprogram"],"picked":"White Noise","floor":23},{"not_picked":["Streamline","Redo"],"picked":"Cold Snap","floor":29},{"not_picked":["Creative AI","Lockon"],"picked":"Self Repair","floor":31}],"player_experience":1743789,"relics_obtained":[{"floor":6,"key":"Dream Catcher"},{"floor":8,"key":"Mango"},{"floor":9,"key":"Omamori"},{"floor":11,"key":"Bronze Scales"},{"floor":23,"key":"Pen Nib"},{"floor":26,"key":"Tiny Chest"},{"floor":30,"key":"Centennial Puzzle"},{"floor":31,"key":"Whetstone"}],"event_choices":[{"damage_healed":0,"gold_gain":0,"player_choice":"Entered Light","damage_taken":21,"max_hp_gain":0,"max_hp_loss":0,"event_name":"Shining Light","floor":2,"gold_loss":0,"cards_upgraded":["Strike_B","Defend_B"]},{"cards_removed":["Defend_B"],"damage_healed":0,"gold_gain":0,"player_choice":"Card Removal","damage_taken":7,"max_hp_gain":0,"max_hp_loss":0,"event_name":"Golden Wing","floor":3,"gold_loss":0},{"damage_healed":17,"gold_gain":0,"player_choice":"Healed","damage_taken":0,"max_hp_gain":0,"max_hp_loss":0,"event_name":"The Cleric","floor":5,"gold_loss":35},{"damage_healed":0,"gold_gain":0,"player_choice":"Searched \u00271\u0027 times","damage_taken":0,"max_hp_gain":0,"max_hp_loss":0,"event_name":"Dead Adventurer","floor":8,"gold_loss":0},{"damage_healed":0,"gold_gain":0,"player_choice":"Opened","damage_taken":0,"relics_obtained":["Bag of Marbles"],"max_hp_gain":0,"max_hp_loss":0,"event_name":"The Mausoleum","floor":20,"gold_loss":0,"cards_obtained":["Writhe"]},{"damage_healed":0,"gold_gain":0,"player_choice":"Obtained Relic","damage_taken":0,"relics_obtained":["Gremlin Horn"],"max_hp_gain":0,"max_hp_loss":0,"event_name":"Addict","floor":22,"gold_loss":85},{"cards_removed":["Doom and Gloom"],"damage_healed":0,"gold_gain":0,"player_choice":"Gave Gold","damage_taken":0,"max_hp_gain":0,"max_hp_loss":0,"event_name":"Beggar","floor":27,"gold_loss":75}],"is_beta":false,"boss_relics":[{"not_picked":["Astrolabe","White Beast Statue"],"picked":"Pandora\u0027s Box"}],"items_purged_floors":[19],"is_endless":false,"potions_floor_spawned":[1,6,14,16,18,21],"killed_by":"Collector","ascension_level":20}