{"path_per_floor":["M","M","?","M","$","E","?","R","T","R","?","M","R","E","R","B",null,"M","?","M","?","M"],"character_chosen":"IRONCLAD","items_purchased":["PowerPotion"],"gold_per_floor":[113,133,98,113,61,95,270,270,295,295,295,305,305,338,338,438,438,449,449,462,422,442,442],"floor_reached":23,"campfire_rested":4,"playtime":1071,"current_hp_per_floor":[42,47,67,73,73,33,33,57,57,80,85,62,85,68,85,34,72,37,66,38,38,33,0],"items_purged":[],"gold":442,"score":279,"play_id":"5f7a986b-d34d-439a-814b-00e9f4dbf38c","local_time":"20180513111917","is_prod":false,"is_daily":false,"chose_seed":false,"is_ascension_mode":true,"campfire_upgraded":0,"timestamp":1526199557,"path_taken":["M","?","?","M","?","E","?","R","T","R","?","?","R","E","R","BOSS","M","?","?","?","M","E"],"build_version":"2018-05-10","seed_source_timestamp":136394728467662,"purchased_purges":0,"victory":false,"master_deck":["Strike_R","Strike_R","Strike_R","Strike_R","Strike_R","Defend_R","Defend_R","Defend_R","Defend_R","Bash","Anger","Feed","Doubt","Rupture","Bloodletting","Berserk","Pommel Strike+1","Blood for Blood+1","Flex"],"max_hp_per_floor":[80,80,80,80,80,80,80,80,80,80,85,85,85,85,85,85,85,88,88,88,88,91,91],"relics":["Black Blood","Red Skull","Pen Nib","Orichalcum","Molten Egg 2"],"card_choices":[{"not_picked":["Second Wind","Power Through"],"picked":"Anger","floor":2},{"not_picked":["Intimidate","Body Slam"],"picked":"Feed","floor":6},{"not_picked":["Armaments","Anger"],"picked":"Rupture","floor":12},{"not_picked":["Seeing Red","Intimidate"],"picked":"Bloodletting","floor":14},{"not_picked":["Barricade","Demon Form"],"picked":"Berserk","floor":16},{"not_picked":["Twin Strike","Fire Breathing"],"picked":"Pommel Strike","floor":18},{"not_picked":["Shrug It Off","Power Through"],"picked":"Blood for Blood","floor":20},{"not_picked":["Uppercut","Iron Wave"],"picked":"Flex","floor":22}],"player_experience":418914,"potions_floor_usage":[6,12,14,16,20,22,22,22],"damage_taken":[{"damage":0,"enemies":"Cultist","floor":1,"turns":3},{"damage":1,"enemies":"2 Louse","floor":2,"turns":3},{"damage":0,"enemies":"Small Slimes","floor":4,"turns":3},{"damage":46,"enemies":"Lagavulin","floor":6,"turns":6},{"damage":29,"enemies":"Gremlin Gang","floor":12,"turns":4},{"damage":23,"enemies":"3 Sentries","floor":14,"turns":9},{"damage":57,"enemies":"The Guardian","floor":16,"turns":9},{"damage":48,"enemies":"3 Byrds","floor":18,"turns":7},{"damage":38,"enemies":"Shell Parasite","floor":20,"turns":5},{"damage":18,"enemies":"Chosen and Byrds","floor":22,"turns":4},{"damage":38,"enemies":"Gremlin Leader","floor":23,"turns":2}],"event_choices":[{"event_name":"The Cleric","player_choice":"Healed","floor":3,"damage_taken":0},{"event_name":"Liars Game","player_choice":"agreed","floor":7,"damage_taken":0},{"event_name":"Big Fish","player_choice":"Donut","floor":11,"damage_taken":0},{"event_name":"The Library","player_choice":"Heal","floor":19,"damage_taken":0},{"event_name":"The Woman in Blue","player_choice":"Bought 3 Potions","floor":21,"damage_taken":0}],"boss_relics":[{"not_picked":["Velvet Choker","Sozu"],"picked":"Black Blood"}],"potions_floor_spawned":[6,12,14,16],"seed_played":"670202949370259206","killed_by":"Gremlin Leader","ascension_level":8,"is_trial":false}