{"gold_per_floor":[113,130,130,148,39,39,73,73,73,84,84,103,119,138,138,233,233,158,158,158,158,158,158,158,158,158,158,29,29,29,29,29,29,29,29,29,29,29,29],"floor_reached":39,"playtime":1438,"items_purged":["Strike_B"],"score":448,"play_id":"859e9ed6-6a15-4d05-b16b-396a3d362dd3","local_time":"20190414172317","is_ascension_mode":true,"campfire_choices":[{"data":"Zap","floor":6,"key":"SMITH"},{"data":"Defragment","floor":8,"key":"SMITH"},{"data":"Self Repair","floor":11,"key":"SMITH"},{"floor":15,"key":"REST"},{"data":"Loop","floor":24,"key":"SMITH"},{"floor":30,"key":"REST"},{"floor":32,"key":"REST"}],"neow_cost":"NONE","seed_source_timestamp":251605658046243,"circlet_count":0,"master_deck":["Strike_B+1","Defend_B","Defend_B","Defend_B","Defend_B","Zap+1","Dualcast","Loop+1","Hologram","Sunder+1","Ball Lightning","Defragment+1","Glacier","Self Repair+1","Conserve Battery","Sweeping Beam","Streamline+1","Steam","Thunder Strike","Static Discharge+1","Sweeping Beam+1","Conserve Battery","Coolheaded+1","Double Energy","Leap","Capacitor","Amplify","Redo+1","Rebound+1"],"relics":["Cracked Core","Ginger","Pen Nib","Ornamental Fan","Ectoplasm","Whetstone","Art of War","Empty Cage"],"potions_floor_usage":[16,29,33],"damage_taken":[{"damage":1,"enemies":"Cultist","floor":1,"turns":3},{"damage":12,"enemies":"Jaw Worm","floor":2,"turns":3},{"damage":13,"enemies":"Small Slimes","floor":4,"turns":4},{"damage":17,"enemies":"3 Sentries","floor":7,"turns":6},{"damage":11,"enemies":"Red Slaver","floor":10,"turns":3},{"damage":10,"enemies":"3 Louse","floor":12,"turns":3},{"damage":6,"enemies":"Lots of Slimes","floor":13,"turns":4},{"damage":15,"enemies":"Exordium Thugs","floor":14,"turns":4},{"damage":14,"enemies":"The Guardian","floor":16,"turns":9},{"damage":17,"enemies":"2 Thieves","floor":18,"turns":5},{"damage":1,"enemies":"Chosen","floor":19,"turns":4},{"damage":14,"enemies":"Snake Plant","floor":22,"turns":2},{"damage":21,"enemies":"Shelled Parasite and Fungi","floor":23,"turns":5},{"damage":36,"enemies":"Slavers","floor":25,"turns":2},{"damage":18,"enemies":"Centurion and Healer","floor":27,"turns":5},{"damage":5,"enemies":"Snecko","floor":29,"turns":5},{"damage":17,"enemies":"Snake Plant","floor":31,"turns":3},{"damage":42,"enemies":"Automaton","floor":33,"turns":11},{"damage":24,"enemies":"3 Darklings","floor":35,"turns":5},{"damage":19,"enemies":"3 Shapes","floor":37,"turns":2},{"damage":47,"enemies":"Spire Growth","floor":39,"turns":4}],"seed_played":"7001943258337715180","potions_obtained":[{"floor":10,"key":"AttackPotion"},{"floor":13,"key":"LiquidBronze"},{"floor":16,"key":"EntropicBrew"},{"floor":19,"key":"Dexterity Potion"},{"floor":29,"key":"Fire Potion"},{"floor":35,"key":"Energy Potion"}],"is_trial":false,"path_per_floor":["M","M","T","M","$","R","E","R","T","M","R","M","M","M","R","B",null,"M","M","?","?","M","M","R","E","T","M","$","M","R","M","R","B",null,"M","?","M","?","M"],"character_chosen":"DEFECT","items_purchased":["Defragment","Glacier","Leap"],"campfire_rested":3,"item_purchase_floors":[5,5,28],"current_hp_per_floor":[74,62,62,49,49,49,32,32,32,28,28,28,32,27,49,45,75,68,75,75,75,61,50,50,24,24,16,16,21,43,26,48,16,75,61,61,42,42,0],"gold":29,"neow_bonus":"THREE_CARDS","is_prod":false,"is_daily":false,"chose_seed":false,"campfire_upgraded":4,"win_rate":0,"timestamp":1555280597,"path_taken":["M","?","?","?","$","R","E","R","T","M","R","M","M","M","R","BOSS","M","M","?","?","M","M","R","E","T","?","$","M","R","M","R","BOSS","M","?","M","?","M"],"build_version":"2019-01-23","purchased_purges":1,"victory":false,"max_hp_per_floor":[75,75,75,75,75,75,75,75,75,75,75,75,75,75,75,75,75,75,75,75,75,75,75,75,75,75,75,75,75,75,75,75,75,75,75,75,75,75,75],"card_choices":[{"not_picked":["Compile Driver","Stack"],"picked":"Loop","floor":0},{"not_picked":["Leap","Undo"],"picked":"Hologram","floor":1},{"not_picked":["Stack","Auto Shields"],"picked":"Sunder","floor":2},{"not_picked":["Hello World","Chill"],"picked":"Ball Lightning","floor":4},{"not_picked":["Cold Snap","Rip and Tear"],"picked":"Self Repair","floor":7},{"not_picked":["Reinforced Body","Sweeping Beam"],"picked":"Conserve Battery","floor":10},{"not_picked":["Conserve Battery","Fission"],"picked":"Sweeping Beam","floor":12},{"not_picked":["Compile Driver","Sweeping Beam"],"picked":"Streamline","floor":13},{"not_picked":["Streamline","Sweeping Beam"],"picked":"Steam","floor":14},{"not_picked":["All For One","Buffer"],"picked":"Thunder Strike","floor":16},{"not_picked":["Rebound","Recycle+1"],"picked":"Static Discharge+1","floor":18},{"not_picked":["Go for the Eyes","Redo"],"picked":"Sweeping Beam+1","floor":19},{"not_picked":["Turbo","Hello World"],"picked":"Conserve Battery","floor":22},{"not_picked":["Storm+1","White Noise+1"],"picked":"Coolheaded+1","floor":23},{"not_picked":["Conserve Battery","Turbo","All For One"],"picked":"SKIP","floor":25},{"not_picked":["Redo","Barrage+1"],"picked":"Double Energy","floor":27},{"not_picked":["Undo","Gash"],"picked":"Capacitor","floor":29},{"not_picked":["Reprogram","Sweeping Beam+1","Loop"],"picked":"SKIP","floor":31},{"not_picked":["Rainbow","Core Surge"],"picked":"Amplify","floor":33},{"not_picked":["Go for the Eyes","Hello World"],"picked":"Redo+1","floor":35},{"not_picked":["Compile Driver","Rip and Tear+1"],"picked":"Rebound+1","floor":37}],"player_experience":170910,"relics_obtained":[{"floor":3,"key":"Ginger"},{"floor":7,"key":"Pen Nib"},{"floor":9,"key":"Ornamental Fan"},{"floor":25,"key":"Whetstone"},{"floor":26,"key":"Art of War"}],"event_choices":[{"damage_healed":0,"gold_gain":0,"player_choice":"Upgraded","damage_taken":0,"max_hp_gain":0,"max_hp_loss":0,"event_name":"Upgrade Shrine","floor":21,"gold_loss":0,"cards_upgraded":["Sunder"]},{"damage_healed":0,"gold_gain":0,"player_choice":"Ignored","damage_taken":0,"max_hp_gain":0,"max_hp_loss":0,"event_name":"Tomb of Lord Red Mask","floor":36,"gold_loss":0},{"damage_healed":0,"gold_gain":0,"player_choice":"Memory 1","damage_taken":0,"max_hp_gain":0,"max_hp_loss":0,"event_name":"SensoryStone","floor":38,"gold_loss":0}],"is_beta":false,"boss_relics":[{"not_picked":["Fusion Hammer","Lizard Tail"],"picked":"Ectoplasm"},{"not_picked":["Tiny House","Snecko Eye"],"picked":"Empty Cage"}],"items_purged_floors":[28],"is_endless":false,"potions_floor_spawned":[10,13,16,19,22,25,27,29,35],"killed_by":"Spire Growth","ascension_level":2}