{"gold_per_floor":[110,123,198,34,34,59,70,105,105,105],"floor_reached":10,"playtime":258,"items_purged":[],"score":202,"play_id":"5f5eed8c-23fc-4cd2-a2bc-da74419fde8e","local_time":"20190329163543","is_ascension_mode":true,"campfire_choices":[],"neow_cost":"NONE","seed_source_timestamp":19956618788300,"circlet_count":0,"master_deck":["AscendersBane","Strike_R","Strike_R","Strike_R","Strike_R","Strike_R","Defend_R","Defend_R","Defend_R","Defend_R","Bash","Disarm","Shockwave","Demon Form","Shrug It Off","Shrug It Off"],"relics":["Burning Blood","NeowsBlessing","Omamori","Magic Flower"],"potions_floor_usage":[8,10],"damage_taken":[{"damage":0,"enemies":"Cultist","floor":1,"turns":1},{"damage":0,"enemies":"Small Slimes","floor":2,"turns":1},{"damage":0,"enemies":"Lagavulin","floor":6,"turns":1},{"damage":12,"enemies":"2 Louse","floor":7,"turns":2},{"damage":57,"enemies":"3 Sentries","floor":8,"turns":13},{"damage":6,"enemies":"Gremlin Gang","floor":10,"turns":6}],"seed_played":"3139045634346379237","potions_obtained":[{"floor":6,"key":"SkillPotion"},{"floor":7,"key":"SpeedPotion"}],"is_trial":false,"path_per_floor":["M","M","?","$","?","E","M","E","T","M"],"character_chosen":"IRONCLAD","items_purchased":["Demon Form"],"campfire_rested":0,"item_purchase_floors":[4],"current_hp_per_floor":[74,75,64,64,64,70,64,13,13,7],"gold":105,"neow_bonus":"THREE_ENEMY_KILL","is_prod":false,"is_daily":false,"chose_seed":false,"campfire_upgraded":0,"win_rate":0,"timestamp":1553844943,"path_taken":["M","?","?","$","?","E","?","E","T","M"],"build_version":"2019-01-23","purchased_purges":0,"victory":false,"max_hp_per_floor":[75,75,75,75,75,75,75,75,75,75],"card_choices":[{"not_picked":["Perfected Strike","Rage"],"picked":"Disarm","floor":1},{"not_picked":["Perfected Strike","Wild Strike"],"picked":"Shockwave","floor":2},{"not_picked":["Dark Embrace","Flex"],"picked":"Shrug It Off","floor":6},{"not_picked":["Burning Pact","Perfected Strike"],"picked":"Shrug It Off","floor":7},{"not_picked":["Searing Blow","Metallicize","Pommel Strike"],"picked":"SKIP","floor":8}],"player_experience":2713006,"relics_obtained":[{"floor":6,"key":"Omamori"},{"floor":8,"key":"Magic Flower"}],"event_choices":[{"damage_healed":0,"gold_gain":75,"player_choice":"Gather Gold","damage_taken":11,"max_hp_gain":0,"max_hp_loss":0,"event_name":"World of Goop","floor":3,"gold_loss":0},{"damage_healed":0,"gold_gain":0,"player_choice":"Ignored","damage_taken":0,"max_hp_gain":0,"max_hp_loss":0,"event_name":"WeMeetAgain","floor":5,"gold_loss":0}],"is_beta":false,"boss_relics":[],"items_purged_floors":[],"is_endless":false,"potions_floor_spawned":[6,7],"killed_by":"Gremlin Gang","ascension_level":20}