{"gold_per_floor":[119,119,135,155,80,80,94,109,160,195,195,195,27,57,57,129,129,106,106,106,117,31,31,63,63,114,114,130,75,93,124,124,199,199,211,229,241,1240,1258,1258,1272,1290,1317,490,490,515,534,554,554,554,554],"floor_reached":51,"playtime":2544,"items_purged":["Shame","Normality"],"score":1408,"play_id":"a92c4dc1-bced-4371-a5f8-060bfbc8e376","local_time":"20190329141113","is_ascension_mode":true,"campfire_choices":[{"data":"Armaments","floor":6.0,"key":"SMITH"},{"data":"Shockwave","floor":12.0,"key":"SMITH"},{"data":"Body Slam","floor":15.0,"key":"SMITH"},{"data":"Demon Form","floor":23.0,"key":"SMITH"},{"data":"Second Wind","floor":27.0,"key":"SMITH"},{"floor":32.0,"key":"REST"},{"floor":40.0,"key":"RECALL"},{"floor":49.0,"key":"REST"}],"neow_cost":"CURSE","seed_source_timestamp":8344898910000,"circlet_count":0,"master_deck":["AscendersBane","Defend_R","Defend_R","Defend_R","Defend_R","Bash","Armaments+1","Shockwave+1","Second Wind+1","Shrug It Off","Body Slam+1","Demon Form+1","Shrug It Off","Bite","Bite","Bite","Bite","Burning Pact","Power Through","Dropkick","Battle Trance","Offering","Pommel Strike+1","Clothesline","Entrench","Normality","Dual Wield","Dark Embrace"],"special_seed":0,"relics":["Burning Blood","Gambling Chip","Bronze Scales","Blue Candle","Lantern","Potion Belt","Mark of Pain","Pantograph","PreservedInsect","Mercury Hourglass","Incense Burner","Snecko Eye","Thread and Needle","Mango","Red Skull"],"potions_floor_usage":[51],"damage_taken":[{"damage":14.0,"enemies":"Jaw Worm","floor":1.0,"turns":4.0},{"damage":1.0,"enemies":"Cultist","floor":3.0,"turns":3.0},{"damage":10.0,"enemies":"2 Louse","floor":4.0,"turns":4.0},{"damage":0.0,"enemies":"2 Fungi Beasts","floor":7.0,"turns":4.0},{"damage":23.0,"enemies":"Exordium Thugs","floor":8.0,"turns":7.0},{"damage":29.0,"enemies":"Lagavulin","floor":10.0,"turns":7.0},{"damage":25.0,"enemies":"Gremlin Nob","floor":14.0,"turns":4.0},{"damage":17.0,"enemies":"Hexaghost","floor":16.0,"turns":8.0},{"damage":13.0,"enemies":"2 Thieves","floor":18.0,"turns":4.0},{"damage":9.0,"enemies":"3 Byrds","floor":21.0,"turns":4.0},{"damage":58.0,"enemies":"Gremlin Leader","floor":24.0,"turns":9.0},{"damage":28.0,"enemies":"Cultist and Chosen","floor":28.0,"turns":7.0},{"damage":4.0,"enemies":"Centurion and Healer","floor":30.0,"turns":6.0},{"damage":31.0,"enemies":"Slavers","floor":31.0,"turns":4.0},{"damage":31.0,"enemies":"Automaton","floor":33.0,"turns":9.0},{"damage":11.0,"enemies":"3 Shapes","floor":35.0,"turns":4.0},{"damage":11.0,"enemies":"3 Darklings","floor":36.0,"turns":6.0},{"damage":6.0,"enemies":"Writhing Mass","floor":37.0,"turns":5.0},{"damage":9.0,"enemies":"Jaw Worm Horde","floor":39.0,"turns":5.0},{"damage":7.0,"enemies":"4 Shapes","floor":41.0,"turns":4.0},{"damage":40.0,"enemies":"Spire Growth","floor":42.0,"turns":5.0},{"damage":23.0,"enemies":"Giant Head","floor":46.0,"turns":6.0},{"damage":36.0,"enemies":"3 Darklings","floor":47.0,"turns":7.0},{"damage":12.0,"enemies":"Jaw Worm Horde","floor":48.0,"turns":7.0},{"damage":65.0,"enemies":"Donu and Deca","floor":50.0,"turns":11.0},{"damage":44,"enemies":"Time Eater","floor":51,"turns":11}],"seed_played":"8143441578178618847","potions_obtained":[{"floor":2.0,"key":"Weak Potion"},{"floor":2.0,"key":"FearPotion"},{"floor":4.0,"key":"Strength Potion"},{"floor":7.0,"key":"PowerPotion"},{"floor":10.0,"key":"Fire Potion"},{"floor":14.0,"key":"Swift Potion"},{"floor":16.0,"key":"Weak Potion"},{"floor":18.0,"key":"PowerPotion"},{"floor":24.0,"key":"Dexterity Potion"},{"floor":30.0,"key":"SneckoOil"},{"floor":36.0,"key":"GamblersBrew"},{"floor":42.0,"key":"Poison Potion"},{"floor":48.0,"key":"SpeedPotion"}],"is_trial":false,"path_per_floor":["M","?","M","M","$","R","M","M","T","E","?","R","$","E","R","B",null,"M","?","$","M","$","R","E","?","T","R","M","?","M","E","R","B",null,"M","M","M","?","M","R","M","M","T","$","?","E","M","M","R","B","B"],"character_chosen":"IRONCLAD","items_purchased":["Lantern","Power Through","Thread and Needle","Mango","Dexterity Potion"],"campfire_rested":2,"item_purchase_floors":[13,22,44,44,44],"current_hp_per_floor":[60,60,65,61,61,61,67,50,50,27,52,52,52,33,33,22,62,55,52,52,52,52,52,22,22,22,22,16,16,40,25,40,52,52,52,52,52,52,52,52,52,29,29,43,43,36,22,20,39,26,34],"gold":554,"neow_bonus":"ONE_RARE_RELIC","is_prod":false,"is_daily":false,"chose_seed":false,"campfire_upgraded":5,"win_rate":0,"timestamp":1553836273,"path_taken":["M","?","?","M","$","R","M","?","T","E","?","R","$","E","R","BOSS","M","?","$","M","?","R","E","?","T","R","M","?","?","E","R","BOSS","M","M","M","?","M","R","M","M","T","$","?","E","M","M","R","BOSS","BOSS"],"build_version":"2019-01-23","purchased_purges":2,"victory":false,"max_hp_per_floor":[75,75,75,75,75,75,75,75,75,75,75,75,75,75,75,75,75,75,52,52,52,52,52,52,52,52,52,52,52,52,52,52,52,52,52,52,52,52,52,52,52,52,52,66,66,66,66,66,66,66,66],"card_choices":[{"not_picked":["Havoc","Flex","Twin Strike"],"picked":"SKIP","floor":1.0},{"not_picked":["Intimidate","Blood for Blood"],"picked":"Armaments","floor":3.0},{"not_picked":["Warcry","Clothesline"],"picked":"Shockwave","floor":4.0},{"not_picked":["Anger","Combust"],"picked":"Second Wind","floor":7.0},{"not_picked":["Wild Strike","Sword Boomerang"],"picked":"Shrug It Off","floor":8.0},{"not_picked":["Thunderclap","Wild Strike","Heavy Blade"],"picked":"SKIP","floor":10.0},{"not_picked":["Reckless Charge","Sword Boomerang"],"picked":"Body Slam","floor":14.0},{"not_picked":["Dark Embrace","Berserk"],"picked":"Demon Form","floor":16.0},{"not_picked":["Cleave","Flex"],"picked":"Shrug It Off","floor":18.0},{"not_picked":["Iron Wave+1","Dropkick+1"],"picked":"Burning Pact","floor":21.0},{"not_picked":["Carnage","Clothesline+1","Berserk"],"picked":"SKIP","floor":24.0},{"not_picked":["Anger","Perfected Strike","Metallicize"],"picked":"SKIP","floor":28.0},{"not_picked":["Clash+1","Combust"],"picked":"Dropkick","floor":30.0},{"not_picked":["Twin Strike","Rupture+1"],"picked":"Battle Trance","floor":31.0},{"not_picked":["Dark Embrace","Bludgeon"],"picked":"Offering","floor":33.0},{"not_picked":["Sentinel","True Grit"],"picked":"Pommel Strike+1","floor":35.0},{"not_picked":["Intimidate","Spot Weakness+1"],"picked":"Clothesline","floor":36.0},{"not_picked":["Rampage","Shockwave+1"],"picked":"Entrench","floor":37.0},{"not_picked":["Thunderclap","Spot Weakness","True Grit"],"picked":"SKIP","floor":39.0},{"not_picked":["Sentinel","Body Slam"],"picked":"Dual Wield","floor":41.0},{"not_picked":["Heavy Blade+1","Body Slam"],"picked":"Dark Embrace","floor":42.0},{"not_picked":["Havoc","Fire Breathing","Metallicize"],"picked":"SKIP","floor":46.0},{"not_picked":["Pommel Strike","Clothesline","Immolate"],"picked":"SKIP","floor":47.0},{"not_picked":["Rupture","Cleave+1","Metallicize"],"picked":"SKIP","floor":48.0}],"player_experience":2702876,"relics_obtained":[{"floor":9.0,"key":"Bronze Scales"},{"floor":10.0,"key":"Blue Candle"},{"floor":14.0,"key":"Potion Belt"},{"floor":24.0,"key":"Pantograph"},{"floor":26.0,"key":"PreservedInsect"},{"floor":31.0,"key":"Incense Burner"},{"floor":46.0,"key":"Red Skull"}],"event_choices":[{"damage_healed":0.0,"max_hp_gain":0.0,"max_hp_loss":0.0,"gold_gain":0.0,"event_name":"Lab","player_choice":"Got Potions","floor":2.0,"gold_loss":0.0,"damage_taken":0.0},{"damage_healed":25.0,"max_hp_gain":0.0,"max_hp_loss":0.0,"gold_gain":0.0,"event_name":"Big Fish","player_choice":"Banana","floor":11.0,"gold_loss":0.0,"damage_taken":0.0},{"damage_healed":0.0,"max_hp_gain":0.0,"max_hp_loss":23.0,"gold_gain":0.0,"event_name":"Vampires","player_choice":"Became a vampire","floor":19.0,"gold_loss":0.0,"damage_taken":0.0,"cards_obtained":["Bite","Bite","Bite","Bite","Bite"]},{"cards_removed":["Bite"],"damage_healed":0.0,"max_hp_gain":0.0,"max_hp_loss":0.0,"gold_gain":0.0,"event_name":"Back to Basics","player_choice":"Elegance","floor":25.0,"gold_loss":0.0,"damage_taken":0.0},{"damage_healed":0.0,"max_hp_gain":0.0,"max_hp_loss":0.0,"gold_gain":0.0,"event_name":"WeMeetAgain","player_choice":"Paid Gold","floor":29.0,"gold_loss":55.0,"damage_taken":0.0,"relics_obtained":["Mercury Hourglass"]},{"damage_healed":0.0,"max_hp_gain":0.0,"max_hp_loss":0.0,"gold_gain":999.0,"event_name":"MindBloom","player_choice":"Gold","floor":38.0,"gold_loss":0.0,"damage_taken":0.0,"cards_obtained":["Normality","Normality"]},{"damage_healed":0.0,"max_hp_gain":0.0,"max_hp_loss":0.0,"gold_gain":0.0,"event_name":"Mysterious Sphere","player_choice":"Ignored","floor":45.0,"gold_loss":0.0,"damage_taken":0.0}],"is_beta":false,"boss_relics":[{"not_picked":["Busted Crown","Runic Cube"],"picked":"Mark of Pain"},{"not_picked":["Velvet Choker","White Beast Statue"],"picked":"Snecko Eye"}],"items_purged_floors":[5,44],"is_endless":false,"potions_floor_spawned":[4,7,10,14,16,18,24,30,36,37,42,48],"killed_by":"Time Eater","ascension_level":20}