{"gold_per_floor":[14,32,32,46,196,225,4,4,4,30,41,59,59,134,134,134],"floor_reached":16,"playtime":826,"items_purged":[],"score":204,"play_id":"e5cb8885-380c-478a-be6f-b1e545c9a5ab","local_time":"20190310201344","is_ascension_mode":true,"campfire_choices":[{"floor":8,"key":"REST"},{"floor":13,"key":"REST"},{"floor":15,"key":"REST"}],"neow_cost":"NO_GOLD","seed_source_timestamp":442991919784359,"circlet_count":0,"master_deck":["AscendersBane","Strike_B","Strike_B","Strike_B","Strike_B","Defend_B","Defend_B","Defend_B","Defend_B","Zap","Dualcast","Storm","Redo","Heatsinks","Doubt","Chill","Storm","Fission","Barrage","Streamline","Defragment"],"relics":["Cracked Core","Torii","Sundial","Anchor","Omamori"],"potions_floor_usage":[6,10,10,16],"damage_taken":[{"damage":1,"enemies":"Cultist","floor":1,"turns":3},{"damage":0,"enemies":"2 Louse","floor":2,"turns":2},{"damage":2,"enemies":"Jaw Worm","floor":4,"turns":3},{"damage":23,"enemies":"Lagavulin","floor":6,"turns":8},{"damage":15,"enemies":"3 Sentries","floor":10,"turns":8},{"damage":11,"enemies":"Large Slime","floor":11,"turns":4},{"damage":6,"enemies":"Looter","floor":12,"turns":3},{"damage":80,"enemies":"Slime Boss","floor":16,"turns":8}],"seed_played":"-3607531044530845363","potions_obtained":[{"floor":4,"key":"Weak Potion"},{"floor":6,"key":"Regen Potion"},{"floor":12,"key":"Swift Potion"}],"is_trial":false,"path_per_floor":["M","M","$","M","?","E","$","R","T","E","M","M","R","?","R","B"],"character_chosen":"DEFECT","items_purchased":["Storm","Fission","SkillPotion"],"campfire_rested":3,"item_purchase_floors":[7,7,7],"current_hp_per_floor":[63,63,63,61,61,38,38,59,59,59,48,42,63,52,71,0],"gold":134,"neow_bonus":"ONE_RARE_RELIC","is_prod":false,"is_daily":false,"chose_seed":false,"campfire_upgraded":0,"win_rate":0,"timestamp":1552241624,"path_taken":["M","M","$","M","?","E","$","R","T","E","M","M","R","?","R","BOSS"],"build_version":"2019-01-23","purchased_purges":0,"victory":false,"max_hp_per_floor":[71,71,71,71,71,71,71,71,71,71,71,71,71,71,71,71],"card_choices":[{"not_picked":["Gash","Genetic Algorithm"],"picked":"Storm","floor":1},{"not_picked":["Turbo","Hologram"],"picked":"Redo","floor":2},{"not_picked":["Steam Power","Reinforced Body"],"picked":"Heatsinks","floor":4},{"not_picked":["Rebound","Streamline"],"picked":"Chill","floor":6},{"not_picked":["Leap","Go for the Eyes"],"picked":"Barrage","floor":10},{"not_picked":["Tempest","Gash"],"picked":"Streamline","floor":11},{"not_picked":["Rebound","Streamline"],"picked":"Defragment","floor":12}],"player_experience":1075689,"relics_obtained":[{"floor":6,"key":"Sundial"},{"floor":9,"key":"Anchor"},{"floor":10,"key":"Omamori"}],"event_choices":[{"damage_healed":0,"gold_gain":150,"player_choice":"AGREE","damage_taken":0,"max_hp_gain":0,"max_hp_loss":0,"event_name":"Liars Game","floor":5,"gold_loss":0,"cards_obtained":["Doubt"]},{"damage_healed":0,"gold_gain":75,"player_choice":"Gather Gold","damage_taken":11,"max_hp_gain":0,"max_hp_loss":0,"event_name":"World of Goop","floor":14,"gold_loss":0}],"is_beta":false,"boss_relics":[],"items_purged_floors":[],"is_endless":false,"potions_floor_spawned":[4,6,12],"killed_by":"Slime Boss","ascension_level":17}