{"gold_per_floor":[369,444,463,613,613,613,65,99,99,99,130,150,115,90,90,90],"floor_reached":16,"playtime":299,"items_purged":[],"score":212,"play_id":"b11f9d42-ba4e-4a3f-8778-de523afbbc7c","local_time":"20190401132302","is_ascension_mode":true,"campfire_choices":[{"floor":6.0,"key":"REST"},{"floor":10.0,"key":"REST"},{"data":"Creative AI","floor":15.0,"key":"SMITH"}],"neow_cost":"PERCENT_DAMAGE","seed_source_timestamp":267497358475900,"circlet_count":0,"master_deck":["AscendersBane","Strike_B","Strike_B","Strike_B","Strike_B","Defend_B","Defend_B","Defend_B","Defend_B","Zap","Dualcast","Streamline","Conserve Battery","Creative AI+1","Darkness","Turbo"],"special_seed":0,"relics":["Cracked Core","Bag of Preparation","Runic Capacitor","Du-Vu Doll","WingedGreaves"],"potions_floor_usage":[],"damage_taken":[{"damage":2.0,"enemies":"Cultist","floor":1.0,"turns":4.0},{"damage":0.0,"enemies":"Small Slimes","floor":3.0,"turns":3.0},{"damage":32.0,"enemies":"Gremlin Nob","floor":8.0,"turns":4.0},{"damage":5.0,"enemies":"Lagavulin","floor":11.0,"turns":7.0},{"damage":0.0,"enemies":"2 Louse","floor":12.0,"turns":3.0},{"damage":38,"enemies":"Slime Boss","floor":16,"turns":6}],"seed_played":"-696555099907683351","potions_obtained":[{"floor":8.0,"key":"SmokeBomb"}],"is_trial":false,"path_per_floor":["M","?","M","?","?","R","$","E","T","R","E","M","?","$","R","B"],"character_chosen":"DEFECT","items_purchased":["Bag of Preparation","Runic Capacitor","Streamline","Strength Potion","Conserve Battery","Turbo"],"campfire_rested":2,"item_purchase_floors":[7,7,7,7,7,14],"current_hp_per_floor":[44,33,33,33,26,47,47,15,15,36,31,31,48,48,48,10],"gold":90,"neow_bonus":"TWO_FIFTY_GOLD","is_prod":false,"is_daily":false,"chose_seed":false,"campfire_upgraded":1,"win_rate":0,"timestamp":1554092582,"path_taken":["M","?","M","?","?","R","$","E","T","R","E","M","?","?","R","BOSS"],"build_version":"2019-01-23","purchased_purges":0,"victory":false,"max_hp_per_floor":[71,71,71,71,71,71,71,71,71,71,71,71,71,71,71,71],"card_choices":[{"not_picked":["Beam Cell","Conserve Battery","Rebound"],"picked":"SKIP","floor":1.0},{"not_picked":["Reinforced Body","Streamline","Leap"],"picked":"SKIP","floor":3.0},{"not_picked":["Stack","Steam"],"picked":"Creative AI","floor":8.0},{"not_picked":["Sweeping Beam","Steam","Streamline"],"picked":"SKIP","floor":11.0},{"not_picked":["FTL","Conserve Battery"],"picked":"Darkness","floor":12.0}],"player_experience":2798011,"relics_obtained":[{"floor":8.0,"key":"Du-Vu Doll"},{"floor":11.0,"key":"WingedGreaves"}],"event_choices":[{"damage_healed":0.0,"max_hp_gain":0.0,"max_hp_loss":0.0,"gold_gain":75.0,"event_name":"World of Goop","player_choice":"Gather Gold","floor":2.0,"gold_loss":0.0,"damage_taken":11.0},{"damage_healed":0.0,"max_hp_gain":0.0,"max_hp_loss":0.0,"gold_gain":150.0,"event_name":"Liars Game","player_choice":"AGREE","floor":4.0,"gold_loss":0.0,"damage_taken":0.0,"cards_obtained":["Doubt"]},{"cards_removed":["Doubt"],"damage_healed":0.0,"max_hp_gain":0.0,"max_hp_loss":0.0,"gold_gain":0.0,"event_name":"Golden Wing","player_choice":"Card Removal","floor":5.0,"gold_loss":0.0,"damage_taken":7.0},{"damage_healed":17.0,"max_hp_gain":0.0,"max_hp_loss":0.0,"gold_gain":0.0,"event_name":"The Cleric","player_choice":"Healed","floor":13.0,"gold_loss":35.0,"damage_taken":0.0}],"is_beta":false,"boss_relics":[],"items_purged_floors":[],"is_endless":false,"potions_floor_spawned":[8],"killed_by":"Slime Boss","ascension_level":20}