{"gold_per_floor":[116,133,146,146,146,171,171,189,216,226,236,236,252,272,272,272],"floor_reached":16,"playtime":321,"items_purged":[],"score":212,"play_id":"04f01549-69a8-485b-958a-8cafe0eea177","local_time":"20190411135631","is_ascension_mode":true,"campfire_choices":[{"data":"Loop","floor":7,"key":"SMITH"},{"floor":12,"key":"REST"},{"floor":15,"key":"REST"}],"neow_cost":"NONE","seed_source_timestamp":388802727795500,"circlet_count":0,"master_deck":["AscendersBane","Strike_B","Strike_B","Strike_B","Strike_B+1","Defend_B","Defend_B","Defend_B","Defend_B","Zap","Dualcast","Turbo","Chill+1","Barrage","Loop+1","Capacitor","FTL","Electrodynamics","Capacitor"],"relics":["Cracked Core","NeowsBlessing","Ancient Tea Set","PreservedInsect"],"potions_floor_usage":[6],"damage_taken":[{"damage":0,"enemies":"Cultist","floor":1,"turns":1},{"damage":0,"enemies":"Small Slimes","floor":2,"turns":1},{"damage":0,"enemies":"Jaw Worm","floor":3,"turns":1},{"damage":13,"enemies":"3 Sentries","floor":6,"turns":6},{"damage":18,"enemies":"Large Slime","floor":8,"turns":6},{"damage":0,"enemies":"Lots of Slimes","floor":10,"turns":6},{"damage":8,"enemies":"2 Fungi Beasts","floor":11,"turns":3},{"damage":0,"enemies":"3 Louse","floor":13,"turns":3},{"damage":10,"enemies":"Large Slime","floor":14,"turns":4},{"damage":36,"enemies":"Slime Boss","floor":16,"turns":3}],"seed_played":"-2855879453384720622","potions_obtained":[{"floor":1,"key":"AttackPotion"},{"floor":6,"key":"Strength Potion"},{"floor":8,"key":"LiquidBronze"},{"floor":13,"key":"Energy Potion"}],"is_trial":false,"path_per_floor":["M","M","M","?","?","E","R","M","T","M","M","R","M","M","R","B"],"character_chosen":"DEFECT","items_purchased":[],"campfire_rested":2,"item_purchase_floors":[],"current_hp_per_floor":[64,64,64,43,43,30,30,12,12,12,4,25,25,15,36,0],"gold":272,"neow_bonus":"THREE_ENEMY_KILL","is_prod":false,"is_daily":false,"chose_seed":false,"campfire_upgraded":1,"win_rate":0,"timestamp":1554958591,"path_taken":["M","M","?","?","?","E","R","M","T","M","M","R","M","M","R","BOSS"],"build_version":"2019-01-23","purchased_purges":0,"victory":false,"max_hp_per_floor":[71,71,71,71,71,71,71,71,71,71,71,71,71,71,71,71],"card_choices":[{"not_picked":["Gash","Hologram"],"picked":"Turbo","floor":1},{"not_picked":["White Noise","Beam Cell"],"picked":"Chill","floor":2},{"not_picked":["Meteor Strike","Redo"],"picked":"Barrage","floor":3},{"not_picked":["Melter","Blizzard"],"picked":"Loop","floor":6},{"not_picked":["Recycle","Storm"],"picked":"Capacitor","floor":8},{"not_picked":["Hologram","Turbo"],"picked":"FTL","floor":10},{"not_picked":["Auto Shields","Redo"],"picked":"Electrodynamics","floor":11},{"not_picked":["Conserve Battery","Stack","Beam Cell"],"picked":"SKIP","floor":13},{"not_picked":["Ball Lightning","BootSequence"],"picked":"Capacitor","floor":14}],"player_experience":3052873,"relics_obtained":[{"floor":6,"key":"Ancient Tea Set"},{"floor":9,"key":"PreservedInsect"}],"event_choices":[{"damage_healed":0,"gold_gain":0,"player_choice":"Entered Light","damage_taken":21,"max_hp_gain":0,"max_hp_loss":0,"event_name":"Shining Light","floor":4,"gold_loss":0,"cards_upgraded":["Chill","Strike_B"]},{"damage_healed":0,"gold_gain":0,"player_choice":"Ignored","damage_taken":0,"max_hp_gain":0,"max_hp_loss":0,"event_name":"Liars Game","floor":5,"gold_loss":0}],"is_beta":false,"boss_relics":[],"items_purged_floors":[],"is_endless":false,"potions_floor_spawned":[1,6,8,13],"killed_by":"Slime Boss","ascension_level":20}