{"gold_per_floor":[118,43,43,43,43,70,70,96,96,96,127,146,71,102,102,102],"floor_reached":16,"playtime":294,"items_purged":["Strike_R"],"score":348,"play_id":"e8681697-4b1c-4348-8b85-d6a05ceb7019","local_time":"20190319133937","is_ascension_mode":true,"campfire_choices":[{"data":"Cleave","floor":7,"key":"SMITH"},{"data":"Armaments","floor":10,"key":"SMITH"},{"data":"Whirlwind","floor":15,"key":"SMITH"}],"neow_cost":"NONE","seed_source_timestamp":183039243096300,"circlet_count":0,"master_deck":["AscendersBane","Strike_R","Defend_R","Defend_R","Defend_R","Defend_R","Bash","True Grit","Cleave+1","Armaments+1","Whirlwind+1","Evolve","Rampage"],"relics":["Burning Blood","NeowsBlessing","Darkstone Periapt","Juzu Bracelet","Dodecahedron","FossilizedHelix","Bottled Tornado"],"potions_floor_usage":[11,16,16],"damage_taken":[{"damage":0,"enemies":"Small Slimes","floor":1,"turns":1},{"damage":0,"enemies":"Lagavulin","floor":6,"turns":2},{"damage":0,"enemies":"Gremlin Nob","floor":8,"turns":1},{"damage":4,"enemies":"Lagavulin","floor":11,"turns":7},{"damage":0,"enemies":"2 Louse","floor":12,"turns":1},{"damage":47,"enemies":"Gremlin Nob","floor":14,"turns":5},{"damage":34,"enemies":"Hexaghost","floor":16,"turns":7}],"seed_played":"-2414537170906332405","potions_obtained":[{"floor":1,"key":"Regen Potion"},{"floor":11,"key":"EssenceOfSteel"},{"floor":14,"key":"Energy Potion"}],"is_trial":false,"path_per_floor":["M","?","?","?","$","E","R","E","T","R","E","M","$","E","R","B"],"character_chosen":"IRONCLAD","items_purchased":[],"campfire_rested":0,"item_purchase_floors":[],"current_hp_per_floor":[74,74,67,67,67,73,73,75,75,75,75,75,75,34,34,0],"gold":102,"neow_bonus":"THREE_ENEMY_KILL","is_prod":false,"is_daily":false,"chose_seed":false,"campfire_upgraded":3,"win_rate":0,"timestamp":1552970377,"path_taken":["M","?","?","?","?","E","R","E","T","R","E","M","$","E","R","BOSS"],"build_version":"2019-01-23","purchased_purges":1,"victory":false,"max_hp_per_floor":[75,75,75,75,75,75,75,75,75,75,75,75,75,75,75,75],"card_choices":[{"not_picked":["Flame Barrier","Cleave"],"picked":"True Grit","floor":1},{"not_picked":["Hemokinesis","Iron Wave"],"picked":"Cleave","floor":6},{"not_picked":["Anger","Clash"],"picked":"Armaments","floor":8},{"not_picked":["Shockwave","Headbutt"],"picked":"Whirlwind","floor":11},{"not_picked":["Perfected Strike","Clash"],"picked":"Evolve","floor":12},{"not_picked":["Armaments","Anger"],"picked":"Rampage","floor":14}],"player_experience":2373773,"relics_obtained":[{"floor":6,"key":"Darkstone Periapt"},{"floor":8,"key":"Juzu Bracelet"},{"floor":9,"key":"Dodecahedron"},{"floor":11,"key":"FossilizedHelix"},{"floor":14,"key":"Bottled Tornado"}],"event_choices":[{"cards_removed":["Strike_R"],"damage_healed":0,"gold_gain":0,"player_choice":"Card Removal","damage_taken":0,"max_hp_gain":0,"max_hp_loss":0,"event_name":"The Cleric","floor":2,"gold_loss":75},{"cards_removed":["Strike_R"],"damage_healed":0,"gold_gain":0,"player_choice":"Card Removal","damage_taken":7,"max_hp_gain":0,"max_hp_loss":0,"event_name":"Golden Wing","floor":3,"gold_loss":0},{"cards_removed":["Strike_R"],"damage_healed":0,"gold_gain":0,"player_choice":"Forget","damage_taken":0,"max_hp_gain":0,"max_hp_loss":0,"event_name":"Living Wall","floor":4,"gold_loss":0}],"is_beta":false,"boss_relics":[],"items_purged_floors":[13],"is_endless":false,"potions_floor_spawned":[1,11,14],"killed_by":"Hexaghost","ascension_level":20}