{"gold_per_floor":[114,134,153,70,70,100,21,21,21,21,55,55,74,88,88,161,161],"floor_reached":17,"playtime":439,"items_purged":[],"score":330,"play_id":"1bba8e4e-6238-4f5a-9c90-e47d266e4829","local_time":"20190421131734","is_ascension_mode":true,"campfire_choices":[{"floor":10,"key":"REST"},{"floor":12,"key":"REST"},{"data":"Recycle","floor":15,"key":"SMITH"}],"neow_cost":"NONE","seed_source_timestamp":465638422142100,"circlet_count":0,"master_deck":["AscendersBane","Strike_B","Strike_B","Strike_B","Strike_B","Defend_B","Defend_B","Defend_B","Defend_B","Zap","Dualcast","Ball Lightning","Recycle+1","Skim","Defragment+1","Rebound","Glacier","Cold Snap","Coolheaded","Echo Form"],"relics":["Cracked Core","NeowsBlessing","Question Card","Pantograph","Vajra"],"potions_floor_usage":[6,16,16],"damage_taken":[{"damage":0,"enemies":"Cultist","floor":1,"turns":1},{"damage":0,"enemies":"Small Slimes","floor":2,"turns":1},{"damage":0,"enemies":"2 Louse","floor":3,"turns":1},{"damage":30,"enemies":"3 Sentries","floor":6,"turns":7},{"damage":44,"enemies":"Gremlin Nob","floor":11,"turns":6},{"damage":13,"enemies":"Exordium Thugs","floor":13,"turns":4},{"damage":0,"enemies":"Blue Slaver","floor":14,"turns":3},{"damage":27,"enemies":"The Guardian","floor":16,"turns":15}],"seed_played":"4225261096274307119","potions_obtained":[{"floor":1,"key":"Fire Potion"},{"floor":2,"key":"Energy Potion"},{"floor":13,"key":"Block Potion"}],"is_trial":false,"path_per_floor":["M","M","M","$","?","E","$","?","T","R","E","R","M","M","R","B",null],"character_chosen":"DEFECT","items_purchased":["Defragment","Glacier"],"campfire_rested":2,"item_purchase_floors":[4,7],"current_hp_per_floor":[64,64,64,64,64,34,34,34,34,55,11,32,19,19,19,17,17],"gold":161,"neow_bonus":"THREE_ENEMY_KILL","is_prod":false,"is_daily":false,"chose_seed":false,"campfire_upgraded":1,"win_rate":0,"timestamp":1555820254,"path_taken":["M","?","M","$","?","E","$","?","T","R","E","R","M","M","R","BOSS"],"build_version":"2019-01-23","purchased_purges":0,"victory":false,"max_hp_per_floor":[71,71,71,71,71,71,71,71,71,71,71,71,71,71,71,71,71],"card_choices":[{"not_picked":["Force Field","Beam Cell"],"picked":"Ball Lightning","floor":1},{"not_picked":["Genetic Algorithm","Rebound"],"picked":"Recycle","floor":2},{"not_picked":["BootSequence","Recycle"],"picked":"Skim","floor":3},{"not_picked":["Turbo","Leap"],"picked":"Rebound","floor":6},{"not_picked":["Chaos","Conserve Battery","Steam","Turbo"],"picked":"SKIP","floor":11},{"not_picked":["Barrage","Darkness","Redo"],"picked":"Cold Snap","floor":13},{"not_picked":["Steam","Go for the Eyes","Auto Shields"],"picked":"Coolheaded","floor":14},{"not_picked":["Thunder Strike","Creative AI","Buffer"],"picked":"Echo Form","floor":16}],"player_experience":3269686,"relics_obtained":[{"floor":6,"key":"Question Card"},{"floor":9,"key":"Pantograph"},{"floor":11,"key":"Vajra"}],"event_choices":[{"damage_healed":0,"gold_gain":0,"player_choice":"Ignored","damage_taken":0,"max_hp_gain":0,"max_hp_loss":0,"event_name":"Liars Game","floor":5,"gold_loss":0},{"damage_healed":0,"gold_gain":0,"player_choice":"Grow","damage_taken":0,"max_hp_gain":0,"max_hp_loss":0,"event_name":"Living Wall","floor":8,"gold_loss":0,"cards_upgraded":["Defragment"]}],"is_beta":false,"boss_relics":[],"items_purged_floors":[],"is_endless":false,"potions_floor_spawned":[1,2,13,14],"ascension_level":20}