{"path_per_floor":["M","?","?","M","M","E","$","R","T","R","E","?","?","?","R","B",null,"M","?","?","M","?","R","M"],"character_chosen":"DEFECT","items_purchased":["Darkstone Periapt","Regen Potion"],"gold_per_floor":[116,291,291,306,322,353,33,33,33,33,61,61,119,119,119,218,218,234,234,234,254,169,169,181,181],"floor_reached":25,"campfire_rested":4,"playtime":1346,"item_purchase_floors":[7,7],"current_hp_per_floor":[72,72,72,67,65,39,39,61,61,75,51,51,57,57,81,58,82,58,58,64,48,48,74,49,0],"items_purged":[],"gold":181,"score":248,"play_id":"96e59797-ba05-49ae-b085-2b1ad50e1c3d","local_time":"20180608152811","is_prod":false,"is_daily":false,"chose_seed":false,"is_ascension_mode":true,"campfire_upgraded":0,"win_rate":0,"timestamp":1528460891,"campfire_choices":[{"floor":8,"key":"REST"},{"floor":10,"key":"REST"},{"floor":15,"key":"REST"},{"floor":23,"key":"REST"}],"path_taken":["M","?","?","M","?","E","?","R","T","R","E","?","?","?","R","BOSS","M","?","?","M","?","R","M","E"],"build_version":"2018-06-07","seed_source_timestamp":1530199829366437,"purchased_purges":0,"victory":false,"master_deck":["Strike_B","Strike_B","Strike_B","Defend_B","Defend_B","Defend_B","Zap","Dualcast","Chaos+1","Doubt","Steam","Gash","Beam Cell","Ball Lightning","Coolheaded","Fission","Cold Snap","RitualDagger","Decay","Ball Lightning","Beam Cell"],"max_hp_per_floor":[75,75,75,75,75,75,75,75,75,75,82,82,82,82,82,82,82,82,82,88,88,88,88,88,88],"relics":["Cracked Core","Orichalcum","Du-Vu Doll","Darkstone Periapt","Shuriken","Strawberry","Juzu Bracelet","White Beast Statue","Bird Faced Urn"],"card_choices":[{"not_picked":["Barrage","Genetic Algorithm"],"picked":"Chaos","floor":1},{"not_picked":["Force Field","Leap"],"picked":"Steam","floor":4},{"not_picked":["Doom and Gloom","Sweeping Beam"],"picked":"Gash","floor":5},{"not_picked":["Lockon","Double Energy"],"picked":"Beam Cell","floor":6},{"not_picked":["Defragment","Storm"],"picked":"Ball Lightning","floor":11},{"not_picked":["Hello World","Compile Driver"],"picked":"Coolheaded","floor":13},{"not_picked":["Buffer","Electrodynamics"],"picked":"Fission","floor":16},{"not_picked":["Sweeping Beam+1","Reinforced Body"],"picked":"Cold Snap+1","floor":18},{"not_picked":["Redo","Storm+1"],"picked":"Ball Lightning","floor":21},{"not_picked":["Sweeping Beam","Leap"],"picked":"Beam Cell","floor":24}],"player_experience":486365,"potions_floor_usage":[6,13,13,24,24,25],"damage_taken":[{"damage":3,"enemies":"Jaw Worm","floor":1,"turns":3},{"damage":5,"enemies":"2 Louse","floor":4,"turns":2},{"damage":2,"enemies":"Small Slimes","floor":5,"turns":3},{"damage":26,"enemies":"Gremlin Nob","floor":6,"turns":4},{"damage":31,"enemies":"Lagavulin","floor":11,"turns":6},{"damage":9,"enemies":"3 Sentries","floor":13,"turns":6},{"damage":23,"enemies":"Slime Boss","floor":16,"turns":12},{"damage":24,"enemies":"Chosen","floor":18,"turns":5},{"damage":16,"enemies":"Spheric Guardian","floor":21,"turns":6},{"damage":25,"enemies":"Snecko","floor":24,"turns":5},{"damage":55,"enemies":"Slavers","floor":25,"turns":3}],"relics_obtained":[{"floor":6,"key":"Du-Vu Doll"},{"floor":9,"key":"Shuriken"},{"floor":11,"key":"Strawberry"}],"event_choices":[{"event_name":"Liars Game","player_choice":"agreed","floor":2,"damage_taken":0},{"event_name":"Living Wall","player_choice":"Grow","floor":3,"damage_taken":0},{"event_name":"Bonfire Elementals","player_choice":"BASIC","floor":12,"damage_taken":0},{"event_name":"Dead Adventurer","player_choice":"Searched \u00273\u0027 times","floor":13,"damage_taken":0},{"event_name":"Purifier","player_choice":"One Purge","floor":14,"damage_taken":0},{"event_name":"Nest","player_choice":"Joined the Cult","floor":19,"damage_taken":0},{"event_name":"Forgotten Altar","player_choice":"Smashed Altar","floor":20,"damage_taken":0},{"event_name":"Addict","player_choice":"Obtained Relic","floor":22,"damage_taken":0}],"boss_relics":[{"not_picked":["Tiny House","Philosopher\u0027s Stone"],"picked":"White Beast Statue"}],"items_purged_floors":[],"potions_floor_spawned":[4,5,18,21,24],"seed_played":"3102194421616192842","killed_by":"Slavers","ascension_level":4,"potions_obtained":[{"floor":4,"key":"SteroidPotion"},{"floor":5,"key":"LiquidBronze"},{"floor":18,"key":"Poison Potion"},{"floor":21,"key":"Energy Potion"},{"floor":24,"key":"Dexterity Potion"}],"is_trial":false}