{"gold_per_floor":[362,362,287,306,15,49,49,74,74,74,15,15,47,60,60,137,137,153,172,172,185,201,235,235,261,261,24,24,42,42,55,55,126,126,141,141,141,161,161,186,186,217,286,286,297,322,342,361,361,361,361,361,361,46,72,72],"floor_reached":57,"playtime":2774,"items_purged":["Strike_R"],"score":3296,"play_id":"6c2a765e-b23f-42a9-8be2-b8062d163b3b","local_time":"20190324124713","is_ascension_mode":true,"campfire_choices":[{"data":"Whirlwind","floor":7,"key":"SMITH"},{"data":"1","floor":10,"key":"LIFT"},{"data":"2","floor":15,"key":"LIFT"},{"data":"3","floor":24,"key":"LIFT"},{"data":"Armaments","floor":30,"key":"SMITH"},{"data":"Body Slam","floor":32,"key":"SMITH"},{"data":"Corruption","floor":41,"key":"SMITH"},{"floor":44,"key":"RECALL"},{"data":"Feel No Pain","floor":49,"key":"SMITH"},{"data":"Feel No Pain","floor":53,"key":"SMITH"}],"neow_cost":"TEN_PERCENT_HP_LOSS","seed_source_timestamp":0,"circlet_count":0,"master_deck":["AscendersBane","Strike_R","Strike_R","Strike_R","Defend_R","Defend_R","Defend_R","Defend_R","Bash","Shrug It Off+1","Power Through+1","Whirlwind+1","Feel No Pain+1","Armaments+1","Body Slam+1","True Grit","Fiend Fire","Shrug It Off","Flame Barrier","Corruption+1","Second Wind","Second Wind","Shockwave","Battle Trance+1","Feel No Pain+1","Warcry","Impervious+1","Warcry+1","Burning Pact+1","Armaments+1","Feel No Pain+1","Shrug It Off+1","Reaper","Whirlwind","Burning Pact+1","Sentinel+1","Corruption+1","Inflame+1","Offering+1","Power Through+1","Shrug It Off+1","Dual Wield+1","Shrug It Off+1","Warcry+1","Battle Trance+1"],"relics":["Burning Blood","Anchor","Chemical X","War Paint","Girya","Blue Candle","Prayer Wheel","Orrery","Toxic Egg 2","Frozen Egg 2","Gremlin Horn","Omamori","NlothsMask","Coffee Dripper","WarpedTongs","Vajra","Pear","Centennial Puzzle","Calipers","Mummified Hand"],"potions_floor_usage":[19,25,25,48,56,56],"damage_taken":[{"damage":7,"enemies":"Small Slimes","floor":1,"turns":4},{"damage":2,"enemies":"Jaw Worm","floor":4,"turns":4},{"damage":10,"enemies":"3 Sentries","floor":6,"turns":5},{"damage":0,"enemies":"Lagavulin","floor":8,"turns":7},{"damage":0,"enemies":"3 Sentries","floor":13,"turns":1},{"damage":0,"enemies":"Cultist","floor":14,"turns":2},{"damage":20,"enemies":"The Guardian","floor":16,"turns":11},{"damage":5,"enemies":"2 Thieves","floor":18,"turns":4},{"damage":0,"enemies":"Shell Parasite","floor":19,"turns":2},{"damage":30,"enemies":"Snake Plant","floor":21,"turns":4},{"damage":21,"enemies":"Sentry and Sphere","floor":22,"turns":7},{"damage":0,"enemies":"Book of Stabbing","floor":23,"turns":5},{"damage":8,"enemies":"Gremlin Leader","floor":25,"turns":6},{"damage":0,"enemies":"3 Cultists","floor":29,"turns":2},{"damage":0,"enemies":"Snake Plant","floor":31,"turns":3},{"damage":38,"enemies":"Automaton","floor":33,"turns":13},{"damage":0,"enemies":"Orb Walker","floor":35,"turns":2},{"damage":0,"enemies":"3 Shapes","floor":38,"turns":3},{"damage":0,"enemies":"Reptomancer","floor":40,"turns":3},{"damage":0,"enemies":"Giant Head","floor":42,"turns":6},{"damage":32,"enemies":"Spire Growth","floor":45,"turns":4},{"damage":6,"enemies":"Nemesis","floor":46,"turns":5},{"damage":0,"enemies":"3 Darklings","floor":47,"turns":2},{"damage":14,"enemies":"Transient","floor":48,"turns":6},{"damage":6,"enemies":"Donu and Deca","floor":50,"turns":7},{"damage":18,"enemies":"Awakened One","floor":51,"turns":6},{"damage":6,"enemies":"Shield and Spear","floor":55,"turns":5},{"damage":26,"enemies":"The Heart","floor":56,"turns":13}],"seed_played":"-5432078149954140083","potions_obtained":[{"floor":6,"key":"GamblersBrew"},{"floor":8,"key":"Poison Potion"},{"floor":18,"key":"SkillPotion"},{"floor":19,"key":"Explosive Potion"},{"floor":29,"key":"SmokeBomb"},{"floor":33,"key":"FearPotion"},{"floor":45,"key":"SkillPotion"},{"floor":47,"key":"SkillPotion"},{"floor":48,"key":"BloodPotion"}],"is_trial":false,"path_per_floor":["M","?","?","M","$","E","R","E","T","R","$","T","E","M","R","B",null,"M","M","?","M","M","E","R","E","T","$","?","M","R","M","R","B",null,"M","?","?","M","?","E","R","E","T","R","M","E","M","M","R","B","B",null,"R","$","E","B",null],"character_chosen":"IRONCLAD","items_purchased":["Chemical X","Whirlwind","Armaments","Omamori","Calipers"],"campfire_rested":0,"item_purchase_floors":[5,5,11,27,54],"current_hp_per_floor":[67,67,67,68,68,64,64,68,68,68,68,68,68,68,68,54,65,66,68,68,44,29,35,35,33,33,33,33,39,39,45,45,13,54,67,67,68,68,68,68,68,78,78,78,52,68,74,76,76,76,78,78,78,78,78,78],"gold":72,"neow_bonus":"TWO_FIFTY_GOLD","is_prod":false,"is_daily":false,"chose_seed":true,"campfire_upgraded":6,"win_rate":0,"timestamp":1553399233,"path_taken":["M","?","?","M","$","E","R","E","T","R","$","?","E","?","R","BOSS","M","M","?","?","M","E","R","E","T","$","?","?","R","M","R","BOSS","M","?","?","M","?","E","R","E","T","R","?","E","M","M","R","BOSS","BOSS","R","$","E","BOSS"],"build_version":"2019-01-23","purchased_purges":1,"victory":true,"max_hp_per_floor":[68,68,68,68,68,68,68,68,68,68,68,68,68,68,68,68,68,68,68,68,68,68,68,68,68,68,68,68,68,68,68,68,68,68,68,68,68,68,68,68,68,78,78,78,78,78,78,78,78,78,78,78,78,78,78,78],"card_choices":[{"not_picked":["Headbutt","Clash"],"picked":"Shrug It Off","floor":1},{"not_picked":["Pommel Strike","Seeing Red"],"picked":"Power Through","floor":4},{"not_picked":["Bloodletting","Intimidate"],"picked":"Feel No Pain","floor":6},{"not_picked":["Immolate","Havoc","Anger"],"picked":"SKIP","floor":8},{"not_picked":["Heavy Blade","Pommel Strike"],"picked":"Body Slam","floor":13},{"not_picked":["Hemokinesis","Searing Blow"],"picked":"True Grit","floor":14},{"not_picked":["Iron Wave","Uppercut","Body Slam"],"picked":"SKIP","floor":14},{"not_picked":["Exhume","Immolate"],"picked":"Fiend Fire","floor":16},{"not_picked":["Pommel Strike","Sword Boomerang"],"picked":"Shrug It Off","floor":17},{"not_picked":["Corruption","Twin Strike"],"picked":"Flame Barrier","floor":17},{"not_picked":["Perfected Strike","Carnage"],"picked":"Corruption","floor":17},{"not_picked":["Wild Strike","Havoc"],"picked":"Second Wind","floor":18},{"not_picked":["Twin Strike","Dual Wield"],"picked":"Second Wind","floor":18},{"not_picked":["Dark Embrace","Clash"],"picked":"Shockwave","floor":19},{"not_picked":["Corruption","Cleave","Body Slam"],"picked":"SKIP","floor":19},{"not_picked":["Anger","Perfected Strike"],"picked":"Battle Trance+1","floor":21},{"not_picked":["Armaments","Power Through"],"picked":"Feel No Pain","floor":21},{"not_picked":["Reckless Charge","Twin Strike"],"picked":"Warcry","floor":22},{"not_picked":["Clothesline","Armaments","Iron Wave"],"picked":"SKIP","floor":22},{"not_picked":["Ghostly Armor","Cleave"],"picked":"Impervious","floor":23},{"not_picked":["Body Slam","Thunderclap"],"picked":"Warcry+1","floor":25},{"not_picked":["Twin Strike","Clash"],"picked":"Burning Pact+1","floor":29},{"not_picked":["Flex+1","Combust+1"],"picked":"Armaments+1","floor":29},{"not_picked":["Sentinel+1","Clothesline"],"picked":"Feel No Pain+1","floor":31},{"not_picked":["Clash","Perfected Strike+1"],"picked":"Shrug It Off+1","floor":31},{"not_picked":["Bludgeon","Limit Break+1"],"picked":"Reaper","floor":33},{"not_picked":["Havoc+1","Thunderclap"],"picked":"Whirlwind","floor":35},{"not_picked":["Inflame+1","Sword Boomerang"],"picked":"Burning Pact+1","floor":35},{"not_picked":["Pommel Strike","Rampage+1"],"picked":"Sentinel+1","floor":38},{"not_picked":["Heavy Blade+1","Thunderclap+1"],"picked":"Corruption+1","floor":38},{"not_picked":["Intimidate+1","Rage+1"],"picked":"Inflame+1","floor":40},{"not_picked":["Rampage","Cleave","Anger+1"],"picked":"SKIP","floor":42},{"not_picked":["Twin Strike","Infernal Blade+1"],"picked":"Offering+1","floor":45},{"not_picked":["Combust+1","Sword Boomerang"],"picked":"Power Through+1","floor":45},{"not_picked":["Searing Blow+1","Rupture+1"],"picked":"Shrug It Off+1","floor":46},{"not_picked":["Sentinel+1","Sword Boomerang"],"picked":"Dual Wield+1","floor":47},{"not_picked":["Perfected Strike+1","Body Slam"],"picked":"Shrug It Off+1","floor":47},{"not_picked":["Rupture+1","Pummel+1"],"picked":"Warcry+1","floor":48},{"not_picked":["Combust+1","Fire Breathing+1","Havoc+1"],"picked":"SKIP","floor":48},{"not_picked":["Armaments+1","Perfected Strike"],"picked":"Battle Trance+1","floor":55}],"player_experience":2525208,"relics_obtained":[{"floor":6,"key":"War Paint"},{"floor":8,"key":"Girya"},{"floor":12,"key":"Blue Candle"},{"floor":13,"key":"Prayer Wheel"},{"floor":23,"key":"Toxic Egg 2"},{"floor":25,"key":"Frozen Egg 2"},{"floor":26,"key":"Gremlin Horn"},{"floor":40,"key":"Vajra"},{"floor":42,"key":"Pear"},{"floor":46,"key":"Centennial Puzzle"},{"floor":55,"key":"Mummified Hand"}],"event_choices":[{"damage_healed":0,"gold_gain":0,"player_choice":"Box","damage_taken":0,"relics_obtained":["Anchor"],"max_hp_gain":0,"max_hp_loss":0,"event_name":"Big Fish","floor":2,"gold_loss":0,"cards_obtained":["Regret"]},{"cards_removed":["Regret"],"damage_healed":0,"gold_gain":0,"player_choice":"Card Removal","damage_taken":0,"max_hp_gain":0,"max_hp_loss":0,"event_name":"The Cleric","floor":3,"gold_loss":75},{"damage_healed":0,"gold_gain":0,"player_choice":"0 cards matched","damage_taken":0,"max_hp_gain":0,"max_hp_loss":0,"event_name":"Match and Keep!","floor":20,"gold_loss":0,"cards_obtained":[]},{"damage_healed":0,"gold_gain":0,"player_choice":"Trade","damage_taken":0,"relics_obtained":["NlothsMask"],"max_hp_gain":0,"max_hp_loss":0,"event_name":"FaceTrader","floor":28,"gold_loss":0},{"cards_removed":["Strike_R"],"damage_healed":0,"gold_gain":0,"player_choice":"Removed Attack","damage_taken":0,"max_hp_gain":0,"max_hp_loss":0,"event_name":"Falling","floor":36,"gold_loss":0},{"damage_healed":14,"gold_gain":0,"player_choice":"Writhe","damage_taken":0,"max_hp_gain":0,"max_hp_loss":0,"event_name":"Winding Halls","floor":37,"gold_loss":0,"cards_obtained":["Writhe"]},{"damage_healed":0,"gold_gain":0,"player_choice":"Rummage","damage_taken":0,"relics_obtained":["WarpedTongs"],"max_hp_gain":0,"max_hp_loss":0,"event_name":"Accursed Blacksmith","floor":39,"gold_loss":0,"cards_obtained":["Pain"]}],"is_beta":false,"boss_relics":[{"not_picked":["White Beast Statue","Runic Cube"],"picked":"Orrery"},{"not_picked":["Runic Dome","Lizard Tail"],"picked":"Coffee Dripper"}],"items_purged_floors":[27],"is_endless":false,"potions_floor_spawned":[6,8,18,19,29,33,38,45,47,48],"ascension_level":20}