{"path_per_floor":["M","M","?","M","M","M","?","E","T","R","?","E","?","M","R","B",null,"M","M","?"],"character_chosen":"THE_SILENT","items_purchased":[],"gold_per_floor":[119,133,133,143,154,167,197,228,251,251,251,282,357,372,372,468,468,480,500,770],"floor_reached":21,"campfire_rested":0,"playtime":4857,"current_hp_per_floor":[68,61,61,55,55,53,53,47,47,47,53,45,34,30,30,27,76,64,63,31],"items_purged":[],"gold":770,"score":191,"play_id":"417d44fb-d599-447f-83a5-4e20486240c9","is_prod":false,"is_daily":false,"is_ascension_mode":false,"campfire_upgraded":2,"path_taken":["M","M","?","M","M","M","?","E","T","R","?","E","?","M","R","BOSS","M","M","?","M"],"build_version":"2018-02-12-BETA1","purchased_purges":0,"victory":false,"master_deck":["Defend_G+1","Defend_G","Defend_G","Defend_G","Defend_G","Strike_G","Strike_G","Strike_G","Strike_G","Survivor","Neutralize+1","Well Laid Plans+1","Acrobatics","Flechettes","Flying Knee","Venomology+1","Footwork+1","Footwork","Regret","Dagger Throw","Tools of the Trade","Footwork"],"max_hp_per_floor":[70,70,70,70,70,70,70,70,70,70,76,76,76,76,76,76,76,76,76,76],"relics":["Ring of the Snake","Regal Pillow","Darkstone Periapt","Lantern","Dodecahedron","War Paint","Velvet Choker"],"card_choices":[{"not_picked":["Bane","Deadly Poison"],"picked":"Well Laid Plans"},{"not_picked":["Slice","Skewer"],"picked":"Acrobatics"},{"not_picked":["Bane","Prepared"],"picked":"Flying Knee"},{"not_picked":["Dodge and Roll","Outmaneuver"],"picked":"Venomology"},{"not_picked":["Distraction","Deadly Poison"],"picked":"Footwork"},{"not_picked":["Deflect","Blade Dance"],"picked":"Footwork"},{"not_picked":["Riddle With Holes","Slice"],"picked":"Dagger Throw"},{"not_picked":["Venomology","Glass Knife"],"picked":"Tools of the Trade"},{"not_picked":["Flying Knee","Poisoned Stab"],"picked":"Footwork"}],"player_experience":30538,"potions_floor_usage":[6,8,8,12,12,16,16,18,18,19],"damage_taken":[{"damage":2,"enemies":"2 Louse","floor":1,"turns":2},{"damage":7,"enemies":"Small Slimes","floor":2,"turns":4},{"damage":6,"enemies":"Jaw Worm","floor":4,"turns":3},{"damage":0,"enemies":"2 Fungi Beasts","floor":5,"turns":4},{"damage":2,"enemies":"Large Slime","floor":6,"turns":5},{"damage":6,"enemies":"Lagavulin","floor":8,"turns":9},{"damage":8,"enemies":"3 Sentries","floor":12,"turns":7},{"damage":4,"enemies":"3 Louse","floor":14,"turns":5},{"damage":3,"enemies":"Slime Boss","floor":16,"turns":11},{"damage":12,"enemies":"Chosen","floor":18,"turns":7},{"damage":1,"enemies":"3 Byrds","floor":19,"turns":5},{"damage":36,"enemies":"Cultist and Chosen","floor":21,"turns":5}],"event_choices":[{"event_name":"Living Wall","player_choice":"Change","floor":3,"damage_taken":0},{"event_name":"Dead Adventurer","player_choice":"Searched \u00273\u0027 times","floor":7,"damage_taken":0},{"event_name":"Big Fish","player_choice":"Box","floor":11,"damage_taken":0},{"event_name":"World of Goop","player_choice":"Gather Gold","floor":13,"damage_taken":0},{"event_name":"Knowing Skull","player_choice":"GOLD GOLD GOLD ","floor":20,"damage_taken":0},{"event_name":"Knowing Skull","player_choice":"GOLD GOLD GOLD ","floor":20,"damage_taken":0}],"boss_relics":[{"not_picked":["Ectoplasm","Snecko Eye"],"picked":"Velvet Choker"}],"potions_floor_spawned":[1,4,5,6,12],"seed_played":"-1437141192557146125","killed_by":"Cultist and Chosen","ascension_level":0,"is_trial":false}