{"gold_per_floor":[117,117,133,145,145,203,203,218,241,241,274,14,28,63,78,78,180,180,194,194,26,26,36,36,54,54,122,122,22,50,60,91,91,91,195,195,212,212,225,55,70,70,70,70,70,70,88,88,115,115,0,0,0],"floor_reached":53,"playtime":2654,"items_purged":["Regret","Decay","Normality"],"score":902,"play_id":"f7ca7950-4435-42d3-9d51-6ccd839e005d","local_time":"20190420205646","is_ascension_mode":true,"campfire_choices":[{"data":"Whirlwind","floor":7,"key":"SMITH"},{"data":"Juggernaut","floor":16,"key":"SMITH"},{"floor":24,"key":"REST"},{"floor":26,"key":"REST"},{"data":"Armaments","floor":34,"key":"SMITH"},{"floor":42,"key":"REST"},{"floor":48,"key":"REST"},{"floor":52,"key":"REST"}],"neow_cost":"NONE","seed_source_timestamp":404572099456800,"circlet_count":0,"master_deck":["Wild Strike","Thunderclap+1","Cleave","Battle Trance","Burning Pact","True Grit","Carnage","Whirlwind+1","Feel No Pain","Wild Strike","Clothesline+1","Juggernaut+1","Inflame","Perfected Strike","Rupture","Barricade","Clothesline+1","Discovery+1","Dropkick+1","Cleave+1","Perfected Strike+1","Headbutt+1","Dual Wield","Armaments+1","Evolve","Bludgeon+1","Rupture","Dramatic Entrance+1","Body Slam+1","Shrug It Off","Perfected Strike+1","Doubt","Clothesline+1","Rampage+1"],"relics":["Velvet Choker","Bag of Marbles","Tiny Chest","Potion Belt","Dodecahedron","Molten Egg 2","Whetstone","Calling Bell","Orichalcum","Pantograph","Pocketwatch","Paper Frog","Du-Vu Doll","Bag of Preparation","White Beast Statue","Blue Candle","Red Skull","Art of War","Red Mask"],"potions_floor_usage":[11,14,17,19,35,49,53,53,53,53,53],"damage_taken":[{"damage":5,"enemies":"Jaw Worm","floor":1,"turns":2},{"damage":0,"enemies":"Cultist","floor":3,"turns":2},{"damage":12,"enemies":"Small Slimes","floor":4,"turns":2},{"damage":7,"enemies":"Lagavulin","floor":6,"turns":6},{"damage":0,"enemies":"Exordium Thugs","floor":8,"turns":2},{"damage":0,"enemies":"Gremlin Nob","floor":11,"turns":2},{"damage":9,"enemies":"Lots of Slimes","floor":13,"turns":2},{"damage":3,"enemies":"3 Sentries","floor":14,"turns":2},{"damage":0,"enemies":"Exordium Wildlife","floor":15,"turns":1},{"damage":0,"enemies":"Hexaghost","floor":17,"turns":8},{"damage":9,"enemies":"Chosen","floor":19,"turns":4},{"damage":12,"enemies":"3 Byrds","floor":23,"turns":3},{"damage":9,"enemies":"Snecko","floor":25,"turns":3},{"damage":36,"enemies":"Book of Stabbing","floor":30,"turns":5},{"damage":0,"enemies":"Centurion and Healer","floor":31,"turns":4},{"damage":0,"enemies":"Slavers","floor":32,"turns":1},{"damage":48,"enemies":"Champ","floor":35,"turns":13},{"damage":7,"enemies":"3 Darklings","floor":37,"turns":2},{"damage":16,"enemies":"Orb Walker","floor":39,"turns":3},{"damage":18,"enemies":"3 Darklings","floor":41,"turns":3},{"damage":63,"enemies":"Writhing Mass","floor":47,"turns":8},{"damage":1,"enemies":"Reptomancer","floor":49,"turns":2},{"damage":93,"enemies":"Awakened One","floor":53,"turns":10}],"seed_played":"-1778914666259553366","potions_obtained":[{"floor":8,"key":"Swift Potion"},{"floor":11,"key":"Swift Potion"},{"floor":14,"key":"EssenceOfSteel"},{"floor":15,"key":"SneckoOil"},{"floor":17,"key":"SkillPotion"},{"floor":19,"key":"Block Potion"},{"floor":30,"key":"SneckoOil"},{"floor":35,"key":"EssenceOfSteel"},{"floor":37,"key":"Poison Potion"},{"floor":39,"key":"GamblersBrew"},{"floor":41,"key":"AttackPotion"},{"floor":47,"key":"PowerPotion"},{"floor":49,"key":"BloodPotion"}],"is_trial":false,"path_per_floor":["M","?","M","M","?","E","R","M","T","T","E","$","M","E","M","R","B",null,"M","?","$","?","M","R","M","R","T","T","$","E","M","E","?","R","B",null,"M","?","M","$","M","R","?","?","T","T","M","R","E","T","?","R","B"],"character_chosen":"IRONCLAD","items_purchased":["Molten Egg 2","Discovery","Shrug It Off"],"campfire_rested":5,"item_purchase_floors":[12,21,40],"current_hp_per_floor":[67,67,67,55,37,30,30,30,30,30,30,30,21,18,18,18,18,65,56,41,41,41,29,54,45,70,70,70,70,34,34,34,34,34,11,67,60,60,44,44,26,51,85,85,85,85,22,47,46,46,46,71,0],"gold":0,"neow_bonus":"BOSS_RELIC","is_prod":false,"is_daily":false,"chose_seed":false,"campfire_upgraded":3,"win_rate":0,"timestamp":1555761406,"path_taken":["M","?","M","?","?","E","R","M","T","E","?","?","E","M","R","BOSS","M","?","$","?","M","R","?","R","T","$","E","M","E","?","R","BOSS","M","?","M","$","M","R","?","?","T","M","R","E","?","?","R","BOSS"],"build_version":"2019-01-23","purchased_purges":3,"victory":false,"max_hp_per_floor":[80,80,80,80,80,80,80,80,80,80,80,80,80,80,80,80,80,80,80,85,85,85,85,85,85,85,85,85,85,85,85,85,85,85,85,85,85,85,85,85,85,85,85,85,85,85,85,85,85,85,85,85,85],"card_choices":[{"not_picked":["Thunderclap","Cleave"],"picked":"Clothesline","floor":1},{"not_picked":["Cleave","Sword Boomerang"],"picked":"Clothesline","floor":3},{"not_picked":["Headbutt","Shockwave"],"picked":"Juggernaut","floor":4},{"not_picked":["Cleave","Iron Wave"],"picked":"Inflame","floor":6},{"not_picked":["Armaments","Reckless Charge"],"picked":"Perfected Strike","floor":8},{"not_picked":["Rupture","Limit Break"],"picked":"Clothesline","floor":11},{"not_picked":["Wild Strike+1","Iron Wave+1"],"picked":"Barricade","floor":14},{"not_picked":["Second Wind","Whirlwind+1"],"picked":"Rupture","floor":15},{"not_picked":["Impervious","Offering"],"picked":"Barricade","floor":17},{"not_picked":["Heavy Blade+1","Thunderclap+1"],"picked":"Clothesline+1","floor":19},{"not_picked":["Seeing Red","Shrug It Off"],"picked":"Dropkick+1","floor":23},{"not_picked":["True Grit","Armaments"],"picked":"Cleave+1","floor":25},{"not_picked":["Offering","Carnage+1"],"picked":"Perfected Strike+1","floor":30},{"not_picked":["Pummel+1","Iron Wave+1"],"picked":"Headbutt+1","floor":31},{"not_picked":["Sever Soul+1","Rampage+1"],"picked":"Dual Wield","floor":32},{"not_picked":["Dark Embrace","Fiend Fire+1"],"picked":"Bludgeon+1","floor":35},{"not_picked":["Flame Barrier","Shrug It Off+1"],"picked":"Rupture","floor":37},{"not_picked":["Trip","Madness"],"picked":"Dramatic Entrance+1","floor":38},{"not_picked":["Blood for Blood+1","Seeing Red+1"],"picked":"Body Slam+1","floor":39},{"not_picked":["Warcry+1","Pommel Strike+1"],"picked":"Perfected Strike+1","floor":41},{"not_picked":["Dropkick+1","Iron Wave+1"],"picked":"Clothesline+1","floor":47},{"not_picked":["Shrug It Off+1","Burning Pact"],"picked":"Rampage+1","floor":49}],"player_experience":3257363,"relics_obtained":[{"floor":6,"key":"Tiny Chest"},{"floor":9,"key":"Potion Belt"},{"floor":11,"key":"Dodecahedron"},{"floor":14,"key":"Whetstone"},{"floor":18,"key":"Orichalcum"},{"floor":18,"key":"Pantograph"},{"floor":18,"key":"Pocketwatch"},{"floor":27,"key":"Paper Frog"},{"floor":30,"key":"Du-Vu Doll"},{"floor":32,"key":"Bag of Preparation"},{"floor":45,"key":"Blue Candle"},{"floor":49,"key":"Red Skull"},{"floor":50,"key":"Art of War"}],"event_choices":[{"damage_healed":0,"gold_gain":0,"cards_transformed":["Perfected Strike"],"player_choice":"Transformed","damage_taken":0,"max_hp_gain":0,"max_hp_loss":0,"event_name":"Transmorgrifier","floor":2,"gold_loss":0,"cards_obtained":["Wild Strike"]},{"damage_healed":0,"gold_gain":0,"player_choice":"Success","damage_taken":18,"relics_obtained":["Bag of Marbles"],"max_hp_gain":0,"max_hp_loss":0,"event_name":"Scrap Ooze","floor":5,"gold_loss":0},{"damage_healed":0,"gold_gain":0,"player_choice":"Shed Blood","damage_taken":20,"max_hp_gain":5,"max_hp_loss":0,"event_name":"Forgotten Altar","floor":20,"gold_loss":0},{"damage_healed":0,"gold_gain":0,"player_choice":"Forge","damage_taken":0,"max_hp_gain":0,"max_hp_loss":0,"event_name":"Accursed Blacksmith","floor":22,"gold_loss":0,"cards_upgraded":["Discovery"]},{"damage_healed":0,"gold_gain":0,"cards_transformed":["Clothesline","Clothesline"],"player_choice":"Became Test Subject","damage_taken":0,"max_hp_gain":0,"max_hp_loss":0,"event_name":"Drug Dealer","floor":33,"gold_loss":0,"cards_obtained":["Armaments","Evolve"]},{"damage_healed":0,"gold_gain":0,"player_choice":"Memory 1","damage_taken":0,"max_hp_gain":0,"max_hp_loss":0,"event_name":"SensoryStone","floor":38,"gold_loss":0},{"damage_healed":34,"gold_gain":0,"player_choice":"Heal","damage_taken":0,"max_hp_gain":0,"max_hp_loss":0,"event_name":"MindBloom","floor":43,"gold_loss":0,"cards_obtained":["Doubt"]},{"cards_removed":["Barricade"],"damage_healed":0,"gold_gain":0,"player_choice":"Removed Power","damage_taken":0,"max_hp_gain":0,"max_hp_loss":0,"event_name":"Falling","floor":44,"gold_loss":0},{"damage_healed":0,"gold_gain":0,"player_choice":"Paid","damage_taken":0,"relics_obtained":["Red Mask"],"max_hp_gain":0,"max_hp_loss":0,"event_name":"Tomb of Lord Red Mask","floor":51,"gold_loss":115}],"is_beta":false,"boss_relics":[{"not_picked":["Runic Dome","Eternal Feather"],"picked":"Calling Bell"},{"not_picked":["Runic Cube","Philosopher\u0027s Stone"],"picked":"White Beast Statue"}],"items_purged_floors":[21,29,40],"is_endless":false,"potions_floor_spawned":[8,11,14,15,17,19,30,35,37,39,41,47,49],"killed_by":"Awakened One","ascension_level":7}