{"gold_per_floor":[112,122,122,134,134,163,191,234,246,258,270,282,363,375,401,413,522,534,561,848,872,277,202,227,227,241,241,241,191,210,210,221,221,221,321,321,334,334,334,334,351,351,351,351,351,351,362,78,98,98,112,112,112],"floor_reached":54,"playtime":3390,"items_purged":["Clash","Searing Blow+1"],"score":944,"play_id":"a937d91a-2dd8-4cd1-a2e1-2991dd3c4d97","local_time":"20190327230803","is_ascension_mode":true,"campfire_choices":[{"data":"Body Slam","floor":11,"key":"SMITH"},{"data":"Body Slam","floor":14,"key":"SMITH"},{"data":"True Grit","floor":16,"key":"SMITH"},{"floor":25,"key":"REST"},{"floor":31,"key":"REST"},{"floor":34,"key":"REST"},{"floor":42,"key":"REST"},{"floor":44,"key":"RECALL"},{"floor":50,"key":"REST"},{"floor":52,"key":"REST"}],"neow_cost":"NONE","seed_source_timestamp":71359876116700,"circlet_count":0,"master_deck":["Body Slam+1","Burning Pact+1","Shrug It Off+1","Body Slam+1","True Grit+1","True Grit+1","Battle Trance+1","Second Wind+1","Impervious+1","Impervious+1","Clothesline+1","Fire Breathing+1","Pummel+1","Bludgeon+1","Bloodletting+1","Limit Break+1","Heavy Blade+1","Limit Break+1","Body Slam+1","Regret","Havoc+1","Panacea+1","Disarm+1","Master of Strategy+1","Anger+1","Berserk+1","Anger+1","Limit Break+1","Anger+1","Limit Break","Anger+1","Body Slam"],"relics":["Runic Cube","MawBank","Gremlin Horn","Blue Candle","Dodecahedron","Orrery","ClockworkSouvenir","Lantern","Pen Nib","Fusion Hammer","Mark of the Bloom","Du-Vu Doll"],"potions_floor_usage":[17,24,35,35,51,53,53,53,53,53],"damage_taken":[{"damage":0,"enemies":"2 Louse","floor":1,"turns":2},{"damage":0,"enemies":"Small Slimes","floor":2,"turns":3},{"damage":0,"enemies":"Jaw Worm","floor":4,"turns":2},{"damage":12,"enemies":"Gremlin Nob","floor":6,"turns":4},{"damage":5,"enemies":"Exordium Thugs","floor":7,"turns":5},{"damage":12,"enemies":"Lagavulin","floor":8,"turns":7},{"damage":3,"enemies":"Gremlin Gang","floor":15,"turns":4},{"damage":0,"enemies":"The Guardian","floor":17,"turns":5},{"damage":0,"enemies":"Spheric Guardian","floor":19,"turns":1},{"damage":31,"enemies":"Chosen","floor":21,"turns":8},{"damage":25,"enemies":"Gremlin Leader","floor":24,"turns":4},{"damage":19,"enemies":"3 Cultists","floor":26,"turns":5},{"damage":20,"enemies":"Snecko","floor":30,"turns":6},{"damage":0,"enemies":"Snake Plant","floor":32,"turns":2},{"damage":33,"enemies":"Automaton","floor":35,"turns":6},{"damage":0,"enemies":"Orb Walker","floor":37,"turns":2},{"damage":21,"enemies":"3 Shapes","floor":41,"turns":7},{"damage":0,"enemies":"Maw","floor":47,"turns":5},{"damage":9,"enemies":"4 Shapes","floor":49,"turns":3},{"damage":12,"enemies":"Sphere and 2 Shapes","floor":51,"turns":2},{"damage":22,"enemies":"Donu and Deca","floor":53,"turns":5}],"seed_played":"4205572633286071240","potions_obtained":[{"floor":2,"key":"PowerPotion"},{"floor":6,"key":"SteroidPotion"},{"floor":17,"key":"Strength Potion"},{"floor":19,"key":"SteroidPotion"},{"floor":30,"key":"EntropicBrew"},{"floor":47,"key":"SpeedPotion"}],"is_trial":false,"path_per_floor":["M","M","?","M","?","E","M","E","T","T","R","?","?","R","M","R","B",null,"M","?","M","$","?","E","R","M","T","T","?","M","R","M","?","R","B",null,"M","?","?","?","M","R","?","R","T","T","M","$","M","R","M","R","B",null],"character_chosen":"IRONCLAD","items_purchased":["Panacea","ClockworkSouvenir","Disarm","Master of Strategy","Limit Break","AttackPotion"],"campfire_rested":6,"item_purchase_floors":[22,22,22,22,48,48],"current_hp_per_floor":[80,80,85,85,85,73,68,56,56,56,56,53,53,53,50,50,50,85,85,85,54,54,54,29,54,35,35,35,35,15,40,40,40,65,32,85,85,85,85,85,64,85,85,85,85,85,85,85,76,76,64,64,42],"gold":112,"neow_bonus":"BOSS_RELIC","is_prod":false,"is_daily":false,"chose_seed":false,"campfire_upgraded":3,"win_rate":0,"timestamp":1553695683,"path_taken":["M","M","?","M","?","E","M","E","T","R","?","?","R","?","R","BOSS","M","?","?","?","?","E","R","M","T","?","?","R","M","?","R","BOSS","M","?","?","?","M","R","?","R","T","M","$","M","R","M","R","BOSS"],"build_version":"2019-01-23","purchased_purges":2,"victory":true,"max_hp_per_floor":[80,80,85,85,85,85,85,85,85,85,85,85,85,85,85,85,85,85,85,85,85,85,85,85,85,85,85,85,85,85,85,85,85,85,85,85,85,85,85,85,85,85,85,85,85,85,85,85,85,85,85,85,85],"card_choices":[{"not_picked":["Cleave","Entrench"],"picked":"Bloodletting","floor":1},{"not_picked":["Cleave","Body Slam"],"picked":"Clothesline","floor":2},{"not_picked":["Armaments","Burning Pact"],"picked":"Fire Breathing","floor":4},{"not_picked":["Rampage","Evolve"],"picked":"Searing Blow","floor":6},{"not_picked":["Cleave","Thunderclap"],"picked":"Bludgeon","floor":7},{"not_picked":["Intimidate","Ghostly Armor"],"picked":"Bloodletting","floor":8},{"not_picked":["Double Tap","Barricade"],"picked":"Limit Break","floor":17},{"not_picked":["Cleave","Warcry"],"picked":"Heavy Blade","floor":18},{"not_picked":["Shrug It Off","Clothesline"],"picked":"Clash","floor":18},{"not_picked":["Shrug It Off","Reckless Charge"],"picked":"Limit Break","floor":18},{"not_picked":["Wild Strike","Cleave"],"picked":"Body Slam","floor":18},{"not_picked":["Headbutt","Anger"],"picked":"Perfected Strike","floor":19},{"not_picked":["Uppercut","Armaments"],"picked":"Havoc","floor":21},{"not_picked":["Burning Pact","True Grit"],"picked":"Anger","floor":24},{"not_picked":["Cleave","Infernal Blade+1"],"picked":"Berserk","floor":26},{"not_picked":["Warcry+1","Headbutt"],"picked":"Evolve","floor":30},{"not_picked":["Battle Trance","Rage"],"picked":"Anger","floor":32},{"not_picked":["Juggernaut","Feed"],"picked":"Limit Break","floor":35},{"not_picked":["Clothesline+1","Second Wind"],"picked":"Anger","floor":37},{"not_picked":["Seeing Red+1","Sentinel"],"picked":"Searing Blow+1","floor":47},{"not_picked":["Sever Soul+1","Flex+1"],"picked":"Anger+1","floor":49},{"not_picked":["Sword Boomerang+1","Iron Wave+1"],"picked":"Body Slam","floor":51}],"player_experience":2651813,"relics_obtained":[{"floor":6,"key":"MawBank"},{"floor":8,"key":"Gremlin Horn"},{"floor":9,"key":"Blue Candle"},{"floor":24,"key":"Lantern"},{"floor":27,"key":"Pen Nib"},{"floor":45,"key":"Du-Vu Doll"}],"event_choices":[{"damage_healed":0,"gold_gain":0,"player_choice":"Donut","damage_taken":0,"max_hp_gain":5,"max_hp_loss":0,"event_name":"Big Fish","floor":3,"gold_loss":0},{"damage_healed":0,"gold_gain":0,"cards_transformed":["Bloodletting"],"player_choice":"Change","damage_taken":0,"max_hp_gain":0,"max_hp_loss":0,"event_name":"Living Wall","floor":5,"gold_loss":0,"cards_obtained":["Pummel"]},{"damage_healed":0,"gold_gain":0,"player_choice":"Success","damage_taken":3,"relics_obtained":["Dodecahedron"],"max_hp_gain":0,"max_hp_loss":0,"event_name":"Scrap Ooze","floor":12,"gold_loss":0},{"damage_healed":0,"gold_gain":69,"player_choice":"Gained Gold","damage_taken":0,"max_hp_gain":0,"max_hp_loss":0,"event_name":"Golden Wing","floor":13,"gold_loss":0},{"damage_healed":0,"gold_gain":275,"player_choice":"Desecrate","damage_taken":0,"max_hp_gain":0,"max_hp_loss":0,"event_name":"Golden Shrine","floor":20,"gold_loss":0,"cards_obtained":["Regret"]},{"cards_removed":["Searing Blow"],"damage_healed":0,"gold_gain":0,"player_choice":"Gave Gold","damage_taken":0,"max_hp_gain":0,"max_hp_loss":0,"event_name":"Beggar","floor":23,"gold_loss":75},{"damage_healed":0,"gold_gain":0,"player_choice":"Bet on Murderer","damage_taken":0,"max_hp_gain":0,"max_hp_loss":0,"event_name":"The Joust","floor":29,"gold_loss":50},{"cards_removed":["Perfected Strike"],"damage_healed":0,"gold_gain":0,"player_choice":"Elegance","damage_taken":0,"max_hp_gain":0,"max_hp_loss":0,"event_name":"Back to Basics","floor":33,"gold_loss":0},{"damage_healed":0,"gold_gain":0,"player_choice":"Ignored","damage_taken":0,"max_hp_gain":0,"max_hp_loss":0,"event_name":"Tomb of Lord Red Mask","floor":38,"gold_loss":0},{"cards_removed":["Evolve"],"damage_healed":0,"gold_gain":0,"player_choice":"Removed Power","damage_taken":0,"max_hp_gain":0,"max_hp_loss":0,"event_name":"Falling","floor":39,"gold_loss":0},{"damage_healed":0,"gold_gain":0,"player_choice":"Ignored","damage_taken":0,"max_hp_gain":0,"max_hp_loss":0,"event_name":"Mysterious Sphere","floor":40,"gold_loss":0},{"damage_healed":0,"gold_gain":0,"player_choice":"Upgrade","damage_taken":0,"relics_obtained":["Mark of the Bloom"],"max_hp_gain":0,"max_hp_loss":0,"event_name":"MindBloom","floor":43,"gold_loss":0,"cards_upgraded":["Burning Pact","Shrug It Off","True Grit","Battle Trance","Second Wind","Impervious","Impervious","Clothesline","Fire Breathing","Pummel","Bludgeon","Bloodletting","Limit Break","Heavy Blade","Limit Break","Body Slam","Havoc","Panacea","Disarm","Master of Strategy","Anger","Berserk","Anger","Limit Break","Anger"]}],"is_beta":false,"boss_relics":[{"not_picked":["Snecko Eye","Tiny House"],"picked":"Orrery"},{"not_picked":["White Beast Statue","Runic Pyramid"],"picked":"Fusion Hammer"}],"items_purged_floors":[22,48],"is_endless":false,"potions_floor_spawned":[2,6,17,19,30,32,47,49],"ascension_level":3}