{"gold_per_floor":[117,60,60,76,1,27,27,27,99,130,130,148,148,173,173,251,251,267,97,22,39,39,39,51,79,134,134,149,149,149,176,176,252,252,268,268,23,38,1037,1037,1052,496,519,741,741,741,757,770,770,770,770,770,770,93,124,124],"floor_reached":57,"playtime":2169,"items_purged":["Strike_B","Strike_B"],"score":2793,"play_id":"a7da7a99-a8db-4360-97f9-ea06d689ac3c","local_time":"20190410141948","is_ascension_mode":true,"campfire_choices":[{"data":"Fission","floor":7,"key":"SMITH"},{"data":"FTL","floor":11,"key":"SMITH"},{"floor":13,"key":"REST"},{"data":"Zap","floor":15,"key":"SMITH"},{"data":"Blizzard","floor":23,"key":"SMITH"},{"data":"Coolheaded","floor":27,"key":"SMITH"},{"data":"Dualcast","floor":30,"key":"SMITH"},{"floor":32,"key":"REST"},{"data":"Loop","floor":40,"key":"SMITH"},{"data":"Loop","floor":46,"key":"SMITH"},{"floor":49,"key":"RECALL"},{"data":"Biased Cognition","floor":53,"key":"SMITH"}],"neow_cost":"NONE","seed_source_timestamp":301943075150900,"circlet_count":0,"master_deck":["AscendersBane","Defend_B","Defend_B","Zap+1","Dualcast+1","Fission+1","Coolheaded+1","FTL+1","Conserve Battery+1","Sweeping Beam","Ball Lightning","Hologram+1","Rainbow+1","Blizzard+1","FTL+1","Turbo+1","Loop+1","Fission+1","Tempest+1","Master of Strategy+1","Discovery+1","Loop+1","Redo+1","Biased Cognition+1","Coolheaded+1","Coolheaded+1","Loop+1","Consume+1"],"relics":["Cracked Core","WarpedTongs","Toxic Egg 2","Cables","Vajra","PreservedInsect","Empty Cage","Symbiotic Virus","Meat on the Bone","Tiny Chest","Red Mask","Lizard Tail","Omamori","Runic Capacitor","Singing Bowl","DataDisk","DollysMirror","Anchor","Pantograph"],"potions_floor_usage":[6,10,14,24,33,33,51,55,56],"damage_taken":[{"damage":7,"enemies":"Jaw Worm","floor":1,"turns":3},{"damage":4,"enemies":"Cultist","floor":4,"turns":4},{"damage":4,"enemies":"Lagavulin","floor":6,"turns":7},{"damage":6,"enemies":"3 Sentries","floor":10,"turns":7},{"damage":6,"enemies":"Small Slimes","floor":12,"turns":3},{"damage":0,"enemies":"Gremlin Nob","floor":14,"turns":3},{"damage":28,"enemies":"Hexaghost","floor":16,"turns":9},{"damage":0,"enemies":"Chosen","floor":18,"turns":3},{"damage":21,"enemies":"3 Byrds","floor":21,"turns":3},{"damage":3,"enemies":"Snake Plant","floor":24,"turns":3},{"damage":16,"enemies":"Gremlin Leader","floor":25,"turns":3},{"damage":1,"enemies":"Sentry and Sphere","floor":28,"turns":4},{"damage":10,"enemies":"Masked Bandits","floor":31,"turns":3},{"damage":47,"enemies":"Champ","floor":33,"turns":9},{"damage":0,"enemies":"Orb Walker","floor":35,"turns":2},{"damage":0,"enemies":"3 Shapes","floor":38,"turns":2},{"damage":41,"enemies":"Transient","floor":41,"turns":6},{"damage":0,"enemies":"Spire Growth","floor":47,"turns":2},{"damage":0,"enemies":"4 Shapes","floor":48,"turns":2},{"damage":0,"enemies":"Donu and Deca","floor":50,"turns":6},{"damage":19,"enemies":"Time Eater","floor":51,"turns":7},{"damage":33,"enemies":"Shield and Spear","floor":55,"turns":3},{"damage":4,"enemies":"The Heart","floor":56,"turns":11}],"seed_played":"-2203875439815765678","potions_obtained":[{"floor":1,"key":"Explosive Potion"},{"floor":6,"key":"Poison Potion"},{"floor":10,"key":"Dexterity Potion"},{"floor":16,"key":"SpeedPotion"},{"floor":21,"key":"LiquidBronze"},{"floor":24,"key":"SteroidPotion"},{"floor":28,"key":"FocusPotion"},{"floor":33,"key":"Explosive Potion"},{"floor":35,"key":"SkillPotion"}],"is_trial":false,"path_per_floor":["M","$","?","M","?","E","R","?","T","E","R","M","R","E","R","B",null,"M","$","?","M","T","R","M","E","T","R","M","?","R","?","R","B",null,"M","?","$","M","?","R","M","$","T","?","T","R","M","M","R","B","B",null,"R","$","E","B",null],"character_chosen":"DEFECT","items_purchased":["PowerPotion","PowerPotion","Blizzard","Omamori","Loop","Biased Cognition","Runic Capacitor","Ancient Potion","DataDisk","Coolheaded+1","DollysMirror","Anchor","GamblersBrew"],"campfire_rested":2,"item_purchase_floors":[2,19,19,37,37,42,42,42,54,54,54,54,54],"current_hp_per_floor":[57,57,57,53,53,49,49,49,49,43,43,37,58,58,58,30,61,61,61,61,40,40,40,37,21,21,21,32,32,32,34,55,20,58,58,48,48,48,48,48,19,19,19,19,19,19,31,45,45,45,38,64,64,64,43,64],"gold":124,"neow_bonus":"ONE_RANDOM_RARE_CARD","is_prod":false,"is_daily":false,"chose_seed":false,"campfire_upgraded":9,"win_rate":0,"timestamp":1554873588,"path_taken":["M","$","?","?","?","E","R","?","T","E","R","M","R","E","R","BOSS","M","$","?","M","?","R","M","E","T","R","M","?","R","?","R","BOSS","M","?","$","M","?","R","M","?","T","?","?","R","?","M","R","BOSS","BOSS","R","$","E","BOSS"],"build_version":"2019-01-23","purchased_purges":2,"victory":true,"max_hp_per_floor":[71,71,71,71,71,71,71,71,71,71,71,71,71,71,71,71,71,71,71,71,71,71,71,71,71,71,71,71,71,71,71,71,71,71,71,71,71,71,71,71,71,71,71,71,71,71,71,73,73,73,73,73,73,73,73,73],"card_choices":[{"not_picked":["Static Discharge","Turbo"],"picked":"Coolheaded","floor":1},{"not_picked":["Storm","Go for the Eyes","Leap"],"picked":"SKIP","floor":4},{"not_picked":["Hologram","Fusion"],"picked":"FTL","floor":6},{"not_picked":["Leap+1","Undo+1"],"picked":"Sweeping Beam","floor":10},{"not_picked":["Reprogram+1","Cold Snap"],"picked":"Ball Lightning","floor":12},{"not_picked":["Rip and Tear","Go for the Eyes"],"picked":"Hologram+1","floor":14},{"not_picked":["Thunder Strike","Hyperbeam"],"picked":"Rainbow+1","floor":16},{"not_picked":["Barrage","Rip and Tear","Gash"],"picked":"SKIP","floor":18},{"not_picked":["Hologram+1","Sunder+1"],"picked":"FTL+1","floor":21},{"not_picked":["FTL","Streamline","Skim+1"],"picked":"SKIP","floor":24},{"not_picked":["Steam+1","Ball Lightning","Reprogram+1"],"picked":"SKIP","floor":25},{"not_picked":["Hologram+1","Hello World"],"picked":"Turbo+1","floor":28},{"not_picked":["All For One","Barrage"],"picked":"Loop","floor":31},{"not_picked":["Amplify+1","All For One"],"picked":"Fission+1","floor":33},{"not_picked":["Scrape","Cold Snap"],"picked":"Tempest+1","floor":35},{"not_picked":["Purity+1","Mayhem"],"picked":"Master of Strategy+1","floor":36},{"not_picked":["Finesse+1","Forethought+1"],"picked":"Discovery+1","floor":36},{"not_picked":["Reprogram+1","Leap+1"],"picked":"Redo+1","floor":38},{"not_picked":["Stack+1","Turbo+1","Gash"],"picked":"SKIP","floor":41},{"not_picked":["Conserve Battery+1","Cold Snap"],"picked":"Coolheaded+1","floor":47},{"not_picked":["Redo+1","Heatsinks+1","Leap+1"],"picked":"Singing Bowl","floor":48},{"not_picked":["Sweeping Beam+1","Leap+1"],"picked":"Consume+1","floor":55}],"player_experience":3031064,"relics_obtained":[{"floor":6,"key":"Toxic Egg 2"},{"floor":9,"key":"Cables"},{"floor":10,"key":"Vajra"},{"floor":14,"key":"PreservedInsect"},{"floor":22,"key":"Symbiotic Virus"},{"floor":25,"key":"Meat on the Bone"},{"floor":26,"key":"Tiny Chest"},{"floor":31,"key":"Red Mask"},{"floor":45,"key":"Singing Bowl"},{"floor":55,"key":"Pantograph"}],"event_choices":[{"damage_healed":0,"gold_gain":0,"player_choice":"Rummage","damage_taken":0,"relics_obtained":["WarpedTongs"],"max_hp_gain":0,"max_hp_loss":0,"event_name":"Accursed Blacksmith","floor":3,"gold_loss":0,"cards_obtained":["Pain"]},{"cards_removed":["Pain"],"damage_healed":0,"gold_gain":0,"player_choice":"Card Removal","damage_taken":0,"max_hp_gain":0,"max_hp_loss":0,"event_name":"The Cleric","floor":5,"gold_loss":75},{"damage_healed":0,"gold_gain":0,"cards_transformed":["Defend_B"],"player_choice":"Change","damage_taken":0,"max_hp_gain":0,"max_hp_loss":0,"event_name":"Living Wall","floor":8,"gold_loss":0,"cards_obtained":["Conserve Battery"]},{"cards_removed":["Strike_B"],"damage_healed":0,"gold_gain":0,"player_choice":"Gave Gold","damage_taken":0,"max_hp_gain":0,"max_hp_loss":0,"event_name":"Beggar","floor":20,"gold_loss":75},{"damage_healed":0,"gold_gain":0,"player_choice":"Ignored","damage_taken":0,"max_hp_gain":0,"max_hp_loss":0,"event_name":"Ghosts","floor":29,"gold_loss":0},{"damage_healed":0,"gold_gain":0,"player_choice":"Fought Bandits","damage_taken":0,"max_hp_gain":0,"max_hp_loss":0,"event_name":"Masked Bandits","floor":31,"gold_loss":0},{"damage_healed":0,"gold_gain":0,"player_choice":"Memory 3","damage_taken":10,"max_hp_gain":0,"max_hp_loss":0,"event_name":"SensoryStone","floor":36,"gold_loss":0},{"damage_healed":0,"gold_gain":999,"player_choice":"Gold","damage_taken":0,"max_hp_gain":0,"max_hp_loss":0,"event_name":"MindBloom","floor":39,"gold_loss":0,"cards_obtained":["Normality","Normality"]},{"damage_healed":0,"gold_gain":222,"player_choice":"Wore Mask","damage_taken":0,"max_hp_gain":0,"max_hp_loss":0,"event_name":"Tomb of Lord Red Mask","floor":44,"gold_loss":0}],"is_beta":false,"boss_relics":[{"not_picked":["Runic Pyramid","Eternal Feather"],"picked":"Empty Cage"},{"not_picked":["Philosopher\u0027s Stone","Cursed Key"],"picked":"Lizard Tail"}],"items_purged_floors":[19,42],"is_endless":false,"potions_floor_spawned":[1,6,10,16,21,24,28,33,35,38,41],"ascension_level":20}