{"gold_per_floor":[109,109,128,79,93,128,128,157,183,216,230,230,257,222,222,323,323,334,346,346,2,16,44,60,60,112,112,146,146,159,159,159,159],"floor_reached":33,"playtime":805,"items_purged":[],"score":454,"play_id":"a84d444c-e71a-4c6f-b151-93ea71cd21dc","local_time":"20190203153156","is_ascension_mode":true,"campfire_choices":[{"data":"Bludgeon","floor":7,"key":"SMITH"},{"data":"Disarm","floor":15,"key":"SMITH"},{"data":"Whirlwind","floor":25,"key":"SMITH"},{"data":"Demon Form","floor":27,"key":"SMITH"},{"data":"Feel No Pain","floor":29,"key":"SMITH"},{"data":"Entrench","floor":32,"key":"SMITH"}],"neow_cost":"NONE","seed_source_timestamp":110347195307000,"circlet_count":0,"master_deck":["Strike_R","Strike_R","Strike_R","Strike_R","Defend_R","Defend_R","Defend_R","Defend_R","Bash","Disarm+1","Bludgeon+1","Second Wind","Whirlwind+1","Reaper","Feel No Pain+1","Pummel+1","Entrench+1","Demon Form+1"],"relics":["Burning Blood","NeowsBlessing","Red Skull","Blood Vial","PreservedInsect","Dream Catcher","Strawberry","Coffee Dripper","Anchor","Omamori","Sundial","Ancient Tea Set","Juzu Bracelet"],"potions_floor_usage":[6,8,18,22,23,33,33],"damage_taken":[{"damage":0,"enemies":"Cultist","floor":1,"turns":1},{"damage":0,"enemies":"Jaw Worm","floor":3,"turns":1},{"damage":0,"enemies":"2 Louse","floor":5,"turns":1},{"damage":39,"enemies":"Lagavulin","floor":6,"turns":8},{"damage":16,"enemies":"Gremlin Nob","floor":8,"turns":3},{"damage":10,"enemies":"3 Sentries","floor":10,"turns":7},{"damage":15,"enemies":"2 Fungi Beasts","floor":11,"turns":3},{"damage":14,"enemies":"Gremlin Nob","floor":13,"turns":3},{"damage":34,"enemies":"The Guardian","floor":16,"turns":11},{"damage":22,"enemies":"2 Thieves","floor":18,"turns":3},{"damage":14,"enemies":"3 Byrds","floor":19,"turns":6},{"damage":22,"enemies":"Shelled Parasite and Fungi","floor":22,"turns":4},{"damage":37,"enemies":"Gremlin Leader","floor":23,"turns":7},{"damage":43,"enemies":"3 Cultists","floor":24,"turns":6},{"damage":13,"enemies":"Book of Stabbing","floor":28,"turns":3},{"damage":0,"enemies":"Centurion and Healer","floor":30,"turns":5},{"damage":28,"enemies":"Collector","floor":33,"turns":3}],"seed_played":"3434070907671410771","potions_obtained":[{"floor":1,"key":"Swift Potion"},{"floor":10,"key":"SpeedPotion"},{"floor":13,"key":"FearPotion"},{"floor":16,"key":"PowerPotion"},{"floor":18,"key":"Weak Potion"}],"is_trial":false,"path_per_floor":["M","?","M","$","M","E","R","E","T","E","M","?","E","?","R","B",null,"M","M","?","$","M","E","M","R","T","R","E","R","M","?","R","B"],"character_chosen":"IRONCLAD","items_purchased":["AttackPotion","Anchor","Omamori","Fire Potion"],"campfire_rested":0,"item_purchase_floors":[4,21,21,21],"current_hp_per_floor":[78,78,80,80,80,47,47,37,37,35,28,28,29,50,50,24,71,65,65,65,65,55,47,26,26,26,26,21,21,46,22,22,0],"gold":159,"neow_bonus":"THREE_ENEMY_KILL","is_prod":false,"is_daily":false,"chose_seed":false,"campfire_upgraded":6,"win_rate":0,"timestamp":1549175516,"path_taken":["M","?","M","?","M","E","R","E","T","E","M","?","E","?","R","BOSS","M","M","?","?","M","E","?","R","T","R","E","R","M","?","R","BOSS"],"build_version":"2019-01-23","purchased_purges":0,"victory":false,"max_hp_per_floor":[80,80,80,80,80,80,80,80,80,80,80,80,87,87,87,87,87,87,87,87,87,87,87,87,87,87,87,87,87,87,87,87,87],"card_choices":[{"not_picked":["Second Wind","Iron Wave"],"picked":"Disarm","floor":1},{"not_picked":["Body Slam","Shrug It Off"],"picked":"Second Wind","floor":3},{"not_picked":["Pommel Strike","Perfected Strike","Warcry"],"picked":"SKIP","floor":5},{"not_picked":["Anger","Wild Strike","Clothesline"],"picked":"SKIP","floor":6},{"not_picked":["Carnage","Twin Strike","True Grit"],"picked":"SKIP","floor":8},{"not_picked":["Havoc","Flex","Clash"],"picked":"SKIP","floor":10},{"not_picked":["Bludgeon","Pommel Strike","Cleave"],"picked":"SKIP","floor":11},{"not_picked":["Dual Wield","Entrench"],"picked":"Whirlwind","floor":13},{"not_picked":["Juggernaut","Exhume"],"picked":"Reaper","floor":16},{"not_picked":["Twin Strike","Shrug It Off"],"picked":"Feel No Pain","floor":18},{"not_picked":["Pommel Strike","Infernal Blade"],"picked":"Pummel+1","floor":19},{"not_picked":["Clothesline","Cleave+1"],"picked":"Entrench","floor":22},{"not_picked":["Flex+1","Whirlwind"],"picked":"Demon Form","floor":23},{"not_picked":["Shrug It Off","Whirlwind","True Grit"],"picked":"SKIP","floor":24},{"not_picked":["Shrug It Off","Whirlwind","True Grit"],"picked":"SKIP","floor":24},{"not_picked":["Combust","Brutality","Reckless Charge+1"],"picked":"SKIP","floor":28},{"not_picked":["Shockwave","Bloodletting","Cleave"],"picked":"SKIP","floor":30}],"player_experience":22384,"relics_obtained":[{"floor":6,"key":"Red Skull"},{"floor":8,"key":"Blood Vial"},{"floor":9,"key":"PreservedInsect"},{"floor":10,"key":"Dream Catcher"},{"floor":13,"key":"Strawberry"},{"floor":23,"key":"Sundial"},{"floor":26,"key":"Ancient Tea Set"},{"floor":28,"key":"Juzu Bracelet"}],"event_choices":[{"damage_healed":0,"gold_gain":0,"cards_transformed":["Strike_R"],"player_choice":"Change","damage_taken":0,"max_hp_gain":0,"max_hp_loss":0,"event_name":"Living Wall","floor":2,"gold_loss":0,"cards_obtained":["Bludgeon"]},{"damage_healed":0,"gold_gain":0,"player_choice":"Ignored","damage_taken":0,"max_hp_gain":0,"max_hp_loss":0,"event_name":"Shining Light","floor":12,"gold_loss":0},{"damage_healed":21,"gold_gain":0,"player_choice":"Healed","damage_taken":0,"max_hp_gain":0,"max_hp_loss":0,"event_name":"The Cleric","floor":14,"gold_loss":35},{"damage_healed":0,"gold_gain":0,"player_choice":"0 cards matched","damage_taken":0,"max_hp_gain":0,"max_hp_loss":0,"event_name":"Match and Keep!","floor":20,"gold_loss":0,"cards_obtained":[]},{"damage_healed":0,"gold_gain":0,"player_choice":"POTION POTION ","damage_taken":24,"max_hp_gain":0,"max_hp_loss":0,"event_name":"Knowing Skull","floor":31,"potions_obtained":["GamblersBrew","Energy Potion"],"gold_loss":0,"cards_obtained":[]}],"is_beta":false,"boss_relics":[{"not_picked":["Calling Bell","Lizard Tail"],"picked":"Coffee Dripper"}],"items_purged_floors":[],"is_endless":false,"potions_floor_spawned":[1,10,13,16,18],"killed_by":"Collector","ascension_level":9}