{"path_per_floor":["M","M","?","M","M","E","R","M","T","R","T","E","R","M","R","B",null,"M","M","?","M","M","R","$","R","T","R","?","M","R","M","R","B",null,"M","M","$","M","M","R"],"character_chosen":"THE_SILENT","items_purchased":["Well Laid Plans","Adrenaline","Footwork"],"gold_per_floor":[16,27,27,44,64,92,92,108,156,156,204,237,237,248,248,343,343,356,375,375,386,401,401,139,139,219,219,219,231,231,251,251,352,352,365,381,211,227,239,239],"floor_reached":41,"campfire_rested":0,"playtime":5474,"current_hp_per_floor":[70,65,51,51,42,24,24,24,24,24,24,19,19,21,21,3,70,62,63,63,54,69,69,69,69,69,69,69,61,61,63,63,50,70,58,57,57,39,6,6],"items_purged":["Writhe","Defend_G"],"gold":239,"play_id":"cec69daf-ae62-4b51-8ece-97904b1ff1a8","is_prod":false,"is_daily":false,"is_ascension_mode":false,"campfire_upgraded":10,"path_taken":["M","M","?","M","M","E","R","?","T","R","?","E","R","M","R","BOSS","M","M","?","M","M","R","$","R","T","R","?","M","R","M","R","BOSS","M","M","$","M","M","R","M"],"build_version":"2018-02-01-PROD3","purchased_purges":2,"victory":false,"master_deck":["Defend_G+1","Defend_G+1","Defend_G+1","Defend_G","Survivor+1","Neutralize+1","Distraction+1","Choke","Prepared+1","Outmaneuver","All Out Attack","Backflip+1","Sucker Punch+1","Accuracy+1","Finisher","Night Terror+1","Riddle With Holes+1","Infinite Blades+1","Terror+1","Calculated Gamble+1","Well Laid Plans","Adrenaline+1","Leg Sweep","Wraith Form+1","Storm of Steel","PiercingWail+1","Footwork+1","Phantasmal Killer","Reflex"],"max_hp_per_floor":[70,70,70,70,70,70,70,70,70,70,70,70,70,70,70,70,70,70,70,70,70,70,70,70,70,70,70,70,70,70,70,70,70,70,70,70,70,70,70,70],"relics":["Ring of the Snake","War Paint","Ancient Tea Set","Blood Vial","Tough Bandages","Astrolabe","Regal Pillow","Tiny Chest","Sozu"],"card_choices":[{"not_picked":["Cloak And Dagger","Quick Slash"],"picked":"Prepared"},{"not_picked":["Dagger Spray","Flechettes"],"picked":"Outmaneuver"},{"not_picked":["Flying Knee","PiercingWail"],"picked":"All Out Attack"},{"not_picked":["Crippling Poison","Deadly Poison"],"picked":"Backflip"},{"not_picked":["Bane","Corpse Explosion"],"picked":"Sucker Punch"},{"not_picked":["Unload","Slice"],"picked":"Accuracy"},{"not_picked":["Slice","Dash"],"picked":"Finisher"},{"not_picked":["Corpse Explosion","Phantasmal Killer"],"picked":"Night Terror"},{"not_picked":["Skewer","Noxious Fumes"],"picked":"Calculated Gamble"},{"not_picked":["Flechettes","Poisoned Stab"],"picked":"Leg Sweep"},{"not_picked":["Dagger Spray","Choke"],"picked":"Wraith Form"},{"not_picked":["Phantasmal Killer","Die Die Die"],"picked":"Storm of Steel"},{"not_picked":["Flying Knee","Backstab"],"picked":"PiercingWail"},{"not_picked":["Cloak And Dagger","Predator"],"picked":"Phantasmal Killer"},{"not_picked":["Outmaneuver","Slice"],"picked":"Reflex"}],"player_experience":118382,"potions_floor_usage":[4,5,6,19,22,33,33,33],"damage_taken":[{"damage":0,"enemies":"Cultist","floor":1,"turns":5},{"damage":5,"enemies":"Jaw Worm","floor":2,"turns":5},{"damage":0,"enemies":"Blue Slaver","floor":4,"turns":1},{"damage":9,"enemies":"Exordium Wildlife","floor":5,"turns":8},{"damage":18,"enemies":"Lagavulin","floor":6,"turns":12},{"damage":0,"enemies":"2 Fungi Beasts","floor":8,"turns":3},{"damage":7,"enemies":"Gremlin Nob","floor":12,"turns":4},{"damage":0,"enemies":"3 Louse","floor":14,"turns":3},{"damage":20,"enemies":"The Guardian","floor":16,"turns":14},{"damage":8,"enemies":"Shell Parasite","floor":18,"turns":6},{"damage":1,"enemies":"Chosen","floor":19,"turns":5},{"damage":11,"enemies":"Centurion and Healer","floor":21,"turns":8},{"damage":2,"enemies":"Chosen and Byrds","floor":22,"turns":8},{"damage":9,"enemies":"3 Cultists","floor":29,"turns":4},{"damage":0,"enemies":"Snake Plant","floor":31,"turns":3},{"damage":15,"enemies":"Collector","floor":33,"turns":10},{"damage":12,"enemies":"3 Shapes","floor":35,"turns":7},{"damage":3,"enemies":"Orb Walker","floor":36,"turns":3},{"damage":20,"enemies":"Maw","floor":38,"turns":8},{"damage":35,"enemies":"3 Darklings","floor":39,"turns":6},{"damage":11,"enemies":"Sphere and 2 Shapes","floor":41,"turns":3}],"event_choices":[{"event_name":"Shining Light","player_choice":"Entered Light","floor":3,"damage_taken":0},{"event_name":"The Mausoleum","player_choice":"Yes","floor":20,"damage_taken":0},{"event_name":"Vampires","player_choice":"Ignored","floor":28,"damage_taken":0}],"boss_relics":[{"not_picked":["White Beast Statue","Lizard Tail"],"picked":"Astrolabe"},{"not_picked":["Eternal Feather","Velvet Choker"],"picked":"Sozu"}],"potions_floor_spawned":[2,4,5,8,16,18,21,31,38,39],"seed_played":"-5840070610175765488","killed_by":"Sphere and 2 Shapes","ascension_level":0,"is_trial":false}