{"path_per_floor":["M","M","M","?","?","R","E","R","T","$","M","E","R","M","R","B",null,"M","?","M","?","M","E","R","M","T","R","M","$","E","?","R","B",null,"M","?","M","$","?","E","M"],"character_chosen":"IRONCLAD","items_purchased":["Dropkick","Flash of Steel","Whirlwind","Offering","Uppercut","Purity"],"gold_per_floor":[109,129,141,141,141,141,166,166,166,26,38,73,73,87,87,192,192,205,205,220,220,233,263,263,282,282,282,293,77,108,108,108,207,207,223,223,241,51,0,33,45,45],"floor_reached":42,"campfire_rested":0,"playtime":3726,"current_hp_per_floor":[66,63,66,71,71,71,61,61,61,61,67,85,85,88,88,32,82,64,64,65,65,68,19,19,37,37,37,49,49,36,69,69,58,90,73,73,67,67,67,35,31,0],"items_purged":["Corruption"],"gold":45,"score":668,"play_id":"e94638ec-1fb6-47c1-957f-f40e93404a68","local_time":"20180322003715","is_prod":false,"is_daily":false,"is_ascension_mode":true,"campfire_upgraded":7,"timestamp":1521650235,"path_taken":["M","M","M","?","?","R","E","R","T","$","?","E","R","M","R","BOSS","M","?","?","?","M","E","R","M","T","R","M","$","E","?","R","BOSS","M","?","M","?","?","E","M","M"],"build_version":"2018-03-20","purchased_purges":2,"victory":false,"master_deck":["Strike_R","Strike_R","Strike_R","Defend_R","Defend_R","Defend_R","Defend_R","Bash+1","Burning Pact","Pommel Strike+1","Shockwave+1","Dropkick+1","Flash of Steel+1","Pommel Strike+1","Corruption+1","Shrug It Off+1","Clash+1","Iron Wave+1","Metallicize+1","Whirlwind+1","Offering+1","Exhume","Berserk","Dark Embrace+1","Limit Break+1","Metallicize","Headbutt+1","Uppercut+1","Purity","Seeing Red"],"max_hp_per_floor":[80,80,80,85,85,85,85,85,85,85,85,99,99,99,99,99,99,99,99,99,99,99,99,99,99,99,99,101,101,101,101,101,101,101,101,101,101,101,101,101,103,103],"relics":["Burning Blood","Molten Egg 2","Du-Vu Doll","Mango","Runic Pyramid","Meat on the Bone","Singing Bowl","The Courier","Astrolabe","Red Mask","Prayer Wheel"],"card_choices":[{"not_picked":["Heavy Blade","Flex"],"picked":"Perfected Strike","floor":0},{"not_picked":["Clothesline","Heavy Blade"],"picked":"Burning Pact","floor":1},{"not_picked":["Wild Strike","Heavy Blade"],"picked":"Pommel Strike","floor":3},{"not_picked":["Havoc","Power Through"],"picked":"Shockwave","floor":7},{"not_picked":["Wild Strike","Armaments"],"picked":"Pommel Strike","floor":11},{"not_picked":["Berserk","Rage"],"picked":"Corruption","floor":12},{"not_picked":["Heavy Blade","Wild Strike"],"picked":"Shrug It Off","floor":14},{"not_picked":["Exhume","Demon Form"],"picked":"Dark Embrace","floor":16},{"not_picked":["True Grit","Hemokinesis"],"picked":"Clash","floor":20},{"not_picked":["Havoc","Sword Boomerang"],"picked":"Iron Wave","floor":22},{"not_picked":["Shrug It Off","Twin Strike"],"picked":"Metallicize","floor":25},{"not_picked":["Sever Soul","Dropkick"],"picked":"Exhume","floor":30},{"not_picked":["Double Tap","Brutality"],"picked":"Berserk","floor":33},{"not_picked":["Bloodletting","Havoc"],"picked":"Metallicize","floor":35},{"not_picked":["Heavy Blade","Body Slam"],"picked":"Headbutt","floor":37},{"not_picked":["Corruption","Uppercut"],"picked":"Seeing Red","floor":40}],"player_experience":196380,"potions_floor_usage":[12,14,16,30,33,40,40,42],"damage_taken":[{"damage":12,"enemies":"Small Slimes","floor":1,"turns":3},{"damage":9,"enemies":"2 Louse","floor":2,"turns":3},{"damage":3,"enemies":"Jaw Worm","floor":3,"turns":4},{"damage":16,"enemies":"Gremlin Nob","floor":7,"turns":3},{"damage":0,"enemies":"Large Slime","floor":11,"turns":3},{"damage":17,"enemies":"3 Sentries","floor":12,"turns":6},{"damage":3,"enemies":"3 Louse","floor":14,"turns":3},{"damage":62,"enemies":"Hexaghost","floor":16,"turns":8},{"damage":24,"enemies":"Spheric Guardian","floor":18,"turns":5},{"damage":5,"enemies":"Shell Parasite","floor":20,"turns":4},{"damage":3,"enemies":"Snecko","floor":22,"turns":4},{"damage":55,"enemies":"Gremlin Leader","floor":23,"turns":6},{"damage":0,"enemies":"3 Cultists","floor":25,"turns":4},{"damage":8,"enemies":"Cultist and Chosen","floor":28,"turns":5},{"damage":31,"enemies":"Slavers","floor":30,"turns":4},{"damage":29,"enemies":"Champ","floor":33,"turns":11},{"damage":23,"enemies":"3 Shapes","floor":35,"turns":6},{"damage":12,"enemies":"Orb Walker","floor":37,"turns":5},{"damage":50,"enemies":"2 Orb Walkers","floor":40,"turns":4},{"damage":24,"enemies":"3 Darklings","floor":41,"turns":3},{"damage":45,"enemies":"Flame Bruiser 2 Orb","floor":42,"turns":2}],"event_choices":[{"event_name":"Big Fish","player_choice":"Donut","floor":4,"damage_taken":0},{"event_name":"Living Wall","player_choice":"Grow","floor":5,"damage_taken":0},{"event_name":"Vampires","player_choice":"Ignored","floor":19,"damage_taken":0},{"event_name":"Upgrade Shrine","player_choice":"Upgraded","floor":21,"damage_taken":0},{"event_name":"The Library","player_choice":"Heal","floor":31,"damage_taken":0},{"event_name":"Tomb of Lord Red Mask","player_choice":"Paid","floor":39,"damage_taken":0}],"boss_relics":[{"not_picked":["Velvet Choker","Mark of Pain"],"picked":"Runic Pyramid"},{"not_picked":["Tiny House","Eternal Feather"],"picked":"Astrolabe"}],"potions_floor_spawned":[3,12,14,18,30,33,37,41],"seed_played":"-2710679707573499163","killed_by":"Flame Bruiser 2 Orb","ascension_level":7,"is_trial":false}