{"gold_per_floor":[111,111,122,137,154,154,5,5,57,57,74,85,85,118,118,190,190,206,216,216,227,227,227,227,259,284,310,310,339,339,9,9,83,83,98,0,0,50,50,75,106,123,149,42,77,77,77,109,109,109,109,109,109,2,31,31],"floor_reached":57,"playtime":3774,"items_purged":["Doubt","Writhe","Strike_R","Strike_R"],"score":3019,"play_id":"4dfb9784-480a-44df-abb9-dafa6f29d7bb","local_time":"20190327191003","is_ascension_mode":true,"campfire_choices":[{"data":"Whirlwind","floor":6,"key":"SMITH"},{"data":"Bash","floor":8,"key":"SMITH"},{"data":"Feed","floor":10,"key":"SMITH"},{"data":"True Grit","floor":13,"key":"SMITH"},{"data":"Disarm","floor":15,"key":"SMITH"},{"data":"Sentinel","floor":23,"key":"SMITH"},{"data":"Shockwave","floor":28,"key":"SMITH"},{"data":"Disarm","floor":30,"key":"SMITH"},{"data":"Rampage","floor":32,"key":"SMITH"},{"floor":47,"key":"RECALL"},{"floor":49,"key":"REST"},{"floor":53,"key":"REST"}],"neow_cost":"CURSE","seed_source_timestamp":56697782242000,"circlet_count":0,"master_deck":["AscendersBane","Strike_R","Strike_R","Defend_R","Defend_R","Defend_R","Defend_R","Bash+1","Whirlwind+1","Disarm+1","Second Wind","True Grit+1","Feed+1","Disarm+1","Shrug It Off","Rampage+1","Barricade","Sentinel+1","Corruption","Ghostly","Ghostly","Ghostly","Shockwave+1","Uppercut+1","Body Slam","Barricade","Armaments","Disarm","Shrug It Off","True Grit","Uppercut+1","Discovery","Enlightenment","Panacea","Dark Embrace","Rage+1"],"relics":["Burning Blood","Du-Vu Doll","Ancient Tea Set","Bag of Preparation","Snecko Eye","Lantern","WingedGreaves","Smiling Mask","Omamori","Regal Pillow","Vajra","Fusion Hammer","Red Mask","Gambling Chip","Paper Frog","Torii","Anchor","Charon\u0027s Ashes","Happy Flower"],"potions_floor_usage":[4,14,25,27,33,33,38,40,56,56],"damage_taken":[{"damage":7,"enemies":"Cultist","floor":1,"turns":4},{"damage":8,"enemies":"Small Slimes","floor":3,"turns":3},{"damage":9,"enemies":"Jaw Worm","floor":4,"turns":4},{"damage":3,"enemies":"Blue Slaver","floor":5,"turns":5},{"damage":18,"enemies":"Large Slime","floor":11,"turns":5},{"damage":1,"enemies":"2 Fungi Beasts","floor":12,"turns":5},{"damage":7,"enemies":"3 Sentries","floor":14,"turns":8},{"damage":6,"enemies":"The Guardian","floor":16,"turns":14},{"damage":13,"enemies":"2 Thieves","floor":18,"turns":3},{"damage":0,"enemies":"3 Byrds","floor":19,"turns":5},{"damage":6,"enemies":"Snake Plant","floor":21,"turns":5},{"damage":3,"enemies":"Slavers","floor":25,"turns":5},{"damage":33,"enemies":"Gremlin Leader","floor":27,"turns":9},{"damage":0,"enemies":"Book of Stabbing","floor":29,"turns":5},{"damage":18,"enemies":"Champ","floor":33,"turns":14},{"damage":5,"enemies":"3 Shapes","floor":35,"turns":5},{"damage":3,"enemies":"2 Orb Walkers","floor":38,"turns":4},{"damage":0,"enemies":"Reptomancer","floor":40,"turns":6},{"damage":0,"enemies":"Giant Head","floor":41,"turns":5},{"damage":0,"enemies":"3 Darklings","floor":42,"turns":7},{"damage":0,"enemies":"Nemesis","floor":45,"turns":7},{"damage":44,"enemies":"Reptomancer","floor":48,"turns":5},{"damage":4,"enemies":"Time Eater","floor":50,"turns":9},{"damage":9,"enemies":"Awakened One","floor":51,"turns":22},{"damage":6,"enemies":"Shield and Spear","floor":55,"turns":6},{"damage":18,"enemies":"The Heart","floor":56,"turns":8}],"seed_played":"-8690632992463254627","potions_obtained":[{"floor":1,"key":"BloodPotion"},{"floor":5,"key":"Explosive Potion"},{"floor":12,"key":"Fire Potion"},{"floor":14,"key":"Energy Potion"},{"floor":27,"key":"Weak Potion"},{"floor":33,"key":"EssenceOfSteel"},{"floor":35,"key":"GamblersBrew"},{"floor":40,"key":"Dexterity Potion"},{"floor":41,"key":"LiquidBronze"}],"is_trial":false,"path_per_floor":["M","?","M","M","M","R","$","R","T","R","M","M","R","E","R","B",null,"M","M","?","M","?","R","?","E","T","E","R","E","R","$","R","B",null,"M","?","?","?","?","E","E","M","T","$","E","?","R","E","R","B","B",null,"R","$","E","B",null],"character_chosen":"IRONCLAD","items_purchased":["Feed","Vajra","Body Slam","EssenceOfSteel","PowerPotion","SpeedPotion"],"campfire_rested":2,"item_purchase_floors":[7,31,31,31,44,54],"current_hp_per_floor":[67,67,65,69,72,72,72,72,72,72,64,73,73,76,76,76,84,81,91,91,95,95,95,49,53,53,30,30,40,40,40,40,28,53,58,58,58,65,65,70,70,74,74,74,74,64,64,26,63,65,66,75,78,78,82,70],"gold":31,"neow_bonus":"ONE_RARE_RELIC","is_prod":false,"is_daily":false,"chose_seed":false,"campfire_upgraded":9,"win_rate":0,"timestamp":1553681403,"path_taken":["M","?","?","?","M","R","$","R","T","R","M","M","R","E","R","BOSS","M","M","?","M","?","R","?","E","T","E","R","E","R","$","R","BOSS","M","?","?","?","?","E","E","?","T","?","E","?","R","E","R","BOSS","BOSS","R","$","E","BOSS"],"build_version":"2019-01-23","purchased_purges":4,"victory":true,"max_hp_per_floor":[75,75,75,75,75,75,75,75,75,75,79,83,83,87,87,87,87,91,95,95,99,99,99,49,53,53,57,57,61,61,61,61,61,61,65,65,62,66,66,70,70,74,74,74,74,74,74,74,74,74,78,78,78,78,82,82],"card_choices":[{"not_picked":["Havoc","Clash"],"picked":"Whirlwind","floor":1},{"not_picked":["Cleave","Wild Strike"],"picked":"Disarm","floor":3},{"not_picked":["Wild Strike","Ghostly Armor"],"picked":"Second Wind","floor":4},{"not_picked":["Intimidate","Clash"],"picked":"True Grit","floor":5},{"not_picked":["Headbutt","Pommel Strike"],"picked":"Disarm","floor":11},{"not_picked":["Heavy Blade","True Grit"],"picked":"Shrug It Off","floor":12},{"not_picked":["Flex","Anger"],"picked":"Rampage","floor":14},{"not_picked":["Exhume","Feed"],"picked":"Barricade","floor":16},{"not_picked":["Cleave","Searing Blow","Sentinel"],"picked":"SKIP","floor":18},{"not_picked":["Cleave","Searing Blow"],"picked":"Sentinel","floor":18},{"not_picked":["Cleave","Combust+1","Perfected Strike"],"picked":"SKIP","floor":19},{"not_picked":["Pommel Strike","Whirlwind","Headbutt"],"picked":"SKIP","floor":21},{"not_picked":["Clothesline","Headbutt"],"picked":"Shockwave","floor":25},{"not_picked":["Rampage","Sword Boomerang"],"picked":"Uppercut+1","floor":27},{"not_picked":["Blood for Blood","Seeing Red","Fiend Fire"],"picked":"SKIP","floor":29},{"not_picked":["Juggernaut","Offering"],"picked":"Barricade","floor":33},{"not_picked":["Whirlwind","Sword Boomerang"],"picked":"Armaments","floor":35},{"not_picked":["Body Slam","Twin Strike"],"picked":"Disarm","floor":38},{"not_picked":["Sword Boomerang","Infernal Blade+1","Uppercut"],"picked":"SKIP","floor":40},{"not_picked":["Seeing Red","Flex"],"picked":"Shrug It Off","floor":41},{"not_picked":["Heavy Blade","Burning Pact"],"picked":"True Grit","floor":42},{"not_picked":["Double Tap","Perfected Strike"],"picked":"Uppercut+1","floor":45},{"not_picked":["Mayhem","PanicButton"],"picked":"Discovery","floor":46},{"not_picked":["Mayhem","Sadistic Nature"],"picked":"Enlightenment","floor":46},{"not_picked":["Impatience","Mind Blast"],"picked":"Panacea","floor":46},{"not_picked":["Anger","Sever Soul"],"picked":"Dark Embrace","floor":48},{"not_picked":["Wild Strike","Havoc"],"picked":"Rage+1","floor":55}],"player_experience":2637663,"relics_obtained":[{"floor":9,"key":"Ancient Tea Set"},{"floor":14,"key":"Bag of Preparation"},{"floor":25,"key":"WingedGreaves"},{"floor":26,"key":"Smiling Mask"},{"floor":27,"key":"Omamori"},{"floor":29,"key":"Regal Pillow"},{"floor":38,"key":"Gambling Chip"},{"floor":40,"key":"Paper Frog"},{"floor":41,"key":"Torii"},{"floor":45,"key":"Anchor"},{"floor":48,"key":"Charon\u0027s Ashes"},{"floor":55,"key":"Happy Flower"}],"event_choices":[{"damage_healed":0,"gold_gain":0,"player_choice":"0 cards matched","damage_taken":0,"max_hp_gain":0,"max_hp_loss":0,"event_name":"Match and Keep!","floor":2,"gold_loss":0,"cards_obtained":[]},{"damage_healed":0,"gold_gain":0,"player_choice":"Read","damage_taken":0,"max_hp_gain":0,"max_hp_loss":0,"event_name":"The Library","floor":20,"gold_loss":0,"cards_obtained":["Corruption"]},{"damage_healed":0,"gold_gain":0,"player_choice":"Opened","damage_taken":0,"relics_obtained":["Lantern"],"max_hp_gain":0,"max_hp_loss":0,"event_name":"The Mausoleum","floor":22,"gold_loss":0,"cards_obtained":["Writhe"]},{"damage_healed":0,"gold_gain":0,"player_choice":"Became a Ghost","damage_taken":0,"max_hp_gain":0,"max_hp_loss":50,"event_name":"Ghosts","floor":24,"gold_loss":0,"cards_obtained":["Ghostly","Ghostly","Ghostly"]},{"damage_healed":0,"gold_gain":0,"player_choice":"Paid","damage_taken":0,"relics_obtained":["Red Mask"],"max_hp_gain":0,"max_hp_loss":0,"event_name":"Tomb of Lord Red Mask","floor":36,"gold_loss":98},{"damage_healed":0,"gold_gain":0,"player_choice":"Max HP","damage_taken":0,"max_hp_gain":0,"max_hp_loss":3,"event_name":"Winding Halls","floor":37,"gold_loss":0},{"damage_healed":0,"gold_gain":0,"player_choice":"Fight","damage_taken":0,"max_hp_gain":0,"max_hp_loss":0,"event_name":"Mysterious Sphere","floor":38,"gold_loss":0},{"cards_removed":["Strike_R"],"damage_healed":0,"gold_gain":0,"player_choice":"Removed Attack","damage_taken":0,"max_hp_gain":0,"max_hp_loss":0,"event_name":"Falling","floor":39,"gold_loss":0},{"damage_healed":0,"gold_gain":0,"player_choice":"Memory 3","damage_taken":10,"max_hp_gain":0,"max_hp_loss":0,"event_name":"SensoryStone","floor":46,"gold_loss":0}],"is_beta":false,"boss_relics":[{"not_picked":["Black Blood","Calling Bell"],"picked":"Snecko Eye"},{"not_picked":["Sozu","Philosopher\u0027s Stone"],"picked":"Fusion Hammer"}],"items_purged_floors":[7,31,44,54],"is_endless":false,"potions_floor_spawned":[1,5,12,14,16,19,27,33,35,40,41,48],"ascension_level":20}