{"gold_per_floor":[109,109,109,109,124,124,156,8,35,35,53,53,29,49,49,121,121,137,137,137,154,0,0,0],"floor_reached":24,"playtime":845,"items_purged":[],"score":380,"play_id":"6a00f309-69c4-47a7-b31e-4a8cdf1399bf","local_time":"20181125184930","is_ascension_mode":true,"campfire_choices":[{"data":"Darkness","floor":6,"key":"SMITH"},{"data":"Echo Form","floor":10,"key":"SMITH"},{"data":"Zap","floor":12,"key":"SMITH"},{"floor":15,"key":"REST"},{"floor":23,"key":"REST"}],"neow_cost":"NONE","seed_source_timestamp":108679960792154,"circlet_count":0,"master_deck":["AscendersBane","Strike_B","Strike_B","Strike_B","Strike_B","Defend_B","Defend_B","Defend_B","Defend_B","Zap+1","Dualcast","Darkness+1","Hologram","Echo Form+1","Force Field","Capacitor","Cold Snap","Ball Lightning","Chaos","Creative AI"],"relics":["Cracked Core","NeowsBlessing","Singing Bowl","Omamori","Sozu","Meat on the Bone"],"potions_floor_usage":[11,18],"damage_taken":[{"damage":0,"enemies":"Jaw Worm","floor":1,"turns":1},{"damage":0,"enemies":"Small Slimes","floor":5,"turns":1},{"damage":0,"enemies":"Gremlin Nob","floor":7,"turns":1},{"damage":0,"enemies":"2 Louse","floor":11,"turns":3},{"damage":8,"enemies":"Large Slime","floor":14,"turns":5},{"damage":27,"enemies":"The Guardian","floor":16,"turns":9},{"damage":20,"enemies":"Shell Parasite","floor":18,"turns":5},{"damage":38,"enemies":"3 Byrds","floor":21,"turns":5},{"damage":67,"enemies":"Slavers","floor":24,"turns":3}],"seed_played":"8423898160474445417","potions_obtained":[{"floor":5,"key":"Regen Potion"},{"floor":7,"key":"Energy Potion"}],"is_trial":false,"path_per_floor":["M","$","?","?","M","R","E","$","T","R","M","R","$","M","R","B",null,"M","?","?","M","?","R","E"],"character_chosen":"DEFECT","items_purchased":["Force Field","Capacitor","Ball Lightning"],"campfire_rested":2,"item_purchase_floors":[8,8,13],"current_hp_per_floor":[64,64,64,69,69,69,69,69,69,69,69,69,69,61,76,49,69,63,63,63,39,39,63,0],"gold":0,"neow_bonus":"THREE_ENEMY_KILL","is_prod":false,"is_daily":false,"chose_seed":false,"campfire_upgraded":3,"win_rate":0,"timestamp":1543164570,"path_taken":["M","$","?","?","M","R","E","$","T","R","M","R","$","M","R","BOSS","M","?","?","M","?","R","E"],"build_version":"2018-11-15","purchased_purges":0,"victory":false,"max_hp_per_floor":[71,71,71,76,76,76,76,76,76,76,76,76,76,76,76,76,76,78,78,78,80,80,80,80],"card_choices":[{"not_picked":["Leap","Go for the Eyes"],"picked":"Darkness","floor":1},{"not_picked":["Reinforced Body","Rip and Tear"],"picked":"Hologram","floor":5},{"not_picked":["Steam","Go for the Eyes"],"picked":"Echo Form","floor":7},{"not_picked":["Turbo","Sweeping Beam"],"picked":"Cold Snap","floor":11},{"not_picked":["Scrape","Rebound"],"picked":"Chaos","floor":14},{"not_picked":["Seek","Core Surge"],"picked":"Creative AI","floor":16},{"not_picked":["Aggregate","Hologram","Compile Driver"],"picked":"Singing Bowl","floor":18},{"not_picked":["Tempest","Hologram","Leap"],"picked":"Singing Bowl","floor":21}],"player_experience":787625,"relics_obtained":[{"floor":7,"key":"Singing Bowl"},{"floor":9,"key":"Omamori"}],"event_choices":[{"damage_healed":0,"gold_gain":0,"player_choice":"Ignored","damage_taken":0,"max_hp_gain":0,"max_hp_loss":0,"event_name":"Golden Wing","floor":3,"gold_loss":0},{"damage_healed":0,"gold_gain":0,"player_choice":"Donut","damage_taken":0,"max_hp_gain":5,"max_hp_loss":0,"event_name":"Big Fish","floor":4,"gold_loss":0},{"damage_healed":0,"gold_gain":0,"player_choice":"Ignored","damage_taken":0,"max_hp_gain":0,"max_hp_loss":0,"event_name":"Vampires","floor":19,"gold_loss":0},{"damage_healed":0,"gold_gain":0,"player_choice":"Opened","damage_taken":0,"relics_obtained":["Meat on the Bone"],"max_hp_gain":0,"max_hp_loss":0,"event_name":"The Mausoleum","floor":20,"gold_loss":0,"cards_obtained":["Writhe"]},{"damage_healed":0,"gold_gain":0,"player_choice":"Paid Fearfully","damage_taken":0,"max_hp_gain":0,"max_hp_loss":0,"event_name":"Masked Bandits","floor":22,"gold_loss":154}],"is_beta":false,"boss_relics":[{"not_picked":["Inserter","Coffee Dripper"],"picked":"Sozu"}],"items_purged_floors":[],"is_endless":false,"potions_floor_spawned":[5,7,21],"killed_by":"Slavers","ascension_level":15}