{"gold_per_floor":[16,16,31,42,42,42,67,67,115,131,131,131,161,195,195,291,291,316,32,57,75,90,90,109,109],"floor_reached":25,"playtime":1513,"items_purged":[],"score":415,"play_id":"29a0b059-9491-496b-b111-b5046648c86f","local_time":"20190118020941","is_ascension_mode":true,"campfire_choices":[{"data":"Ball Lightning","floor":6.0,"key":"SMITH"},{"data":"Zap","floor":8.0,"key":"SMITH"},{"floor":11.0,"key":"REST"},{"data":"Electrodynamics","floor":15.0,"key":"SMITH"},{"data":"Steam","floor":23.0,"key":"SMITH"}],"neow_cost":"NO_GOLD","seed_source_timestamp":1057596964784620,"circlet_count":0,"master_deck":["AscendersBane","Strike_B","Strike_B+1","Strike_B","Strike_B","Defend_B","Defend_B","Defend_B","Defend_B","Zap+1","Dualcast","Gash+1","Cold Snap","Ball Lightning+1","Blizzard","Electrodynamics+1","Cold Snap","Echo Form","Rainbow","Compile Driver","BootSequence","Steam+1","Aggregate"],"special_seed":0,"relics":["Cracked Core","Gambling Chip","Whetstone","Lantern","Golden Idol","Centennial Puzzle","Runic Pyramid","Pantograph"],"potions_floor_usage":[],"damage_taken":[{"damage":2.0,"enemies":"Jaw Worm","floor":1.0,"turns":3.0},{"damage":7.0,"enemies":"Small Slimes","floor":3.0,"turns":3.0},{"damage":0.0,"enemies":"Cultist","floor":4.0,"turns":3.0},{"damage":26.0,"enemies":"Lagavulin","floor":7.0,"turns":7.0},{"damage":9.0,"enemies":"3 Louse","floor":10.0,"turns":2.0},{"damage":6.0,"enemies":"Gremlin Nob","floor":14.0,"turns":3.0},{"damage":20.0,"enemies":"Slime Boss","floor":16.0,"turns":5.0},{"damage":11.0,"enemies":"Spheric Guardian","floor":18.0,"turns":4.0},{"damage":3.0,"enemies":"Chosen","floor":20.0,"turns":4.0},{"damage":14.0,"enemies":"Snake Plant","floor":21.0,"turns":4.0},{"damage":7.0,"enemies":"Centurion and Healer","floor":22.0,"turns":4.0},{"damage":11.0,"enemies":"Snecko","floor":24.0,"turns":5.0},{"damage":11,"enemies":"Sentry and Sphere","floor":25,"turns":2}],"seed_played":"8310943666252038963","potions_obtained":[{"floor":4.0,"key":"Ancient Potion"},{"floor":7.0,"key":"FearPotion"}],"is_trial":false,"path_per_floor":["M","?","M","M","?","R","E","R","T","M","R","?","?","E","R","B",null,"M","$","M","M","M","R","M","M"],"character_chosen":"DEFECT","items_purchased":["Pantograph"],"campfire_rested":1,"item_purchase_floors":[19],"current_hp_per_floor":[62,67,60,60,60,60,34,34,34,25,47,47,47,41,41,21,57,46,46,43,29,22,22,11,0],"gold":109,"neow_bonus":"ONE_RARE_RELIC","is_prod":false,"is_daily":false,"chose_seed":false,"campfire_upgraded":4,"win_rate":0,"timestamp":1547748581,"path_taken":["M","?","M","M","?","R","E","R","T","?","R","?","?","E","R","BOSS","M","$","M","M","M","R","M","M"],"build_version":"2019-01-16","purchased_purges":0,"victory":false,"max_hp_per_floor":[71,76,76,76,76,76,76,76,76,76,76,69,69,69,69,69,69,69,69,69,69,69,69,69,69],"card_choices":[{"not_picked":["Undo","Go for the Eyes"],"picked":"Gash","floor":1.0},{"not_picked":["Conserve Battery","Steam"],"picked":"Cold Snap","floor":3.0},{"not_picked":["Go for the Eyes","Beam Cell"],"picked":"Ball Lightning","floor":4.0},{"not_picked":["Meteor Strike","Gash"],"picked":"Electrodynamics","floor":7.0},{"not_picked":["Barrage","Turbo"],"picked":"Cold Snap","floor":10.0},{"not_picked":["Self Repair","Sweeping Beam"],"picked":"Echo Form","floor":14.0},{"not_picked":["Thunder Strike","Creative AI"],"picked":"Rainbow","floor":16.0},{"not_picked":["Double Energy","Steam"],"picked":"Compile Driver","floor":18.0},{"not_picked":["Storm","Gash"],"picked":"BootSequence","floor":20.0},{"not_picked":["Rip and Tear","Beam Cell"],"picked":"Steam","floor":21.0},{"not_picked":["Beam Cell","Gash"],"picked":"Aggregate","floor":22.0},{"not_picked":["Ball Lightning","Cold Snap","Go for the Eyes"],"picked":"SKIP","floor":24.0}],"player_experience":719138,"relics_obtained":[{"floor":7.0,"key":"Whetstone"},{"floor":9.0,"key":"Lantern"},{"floor":14.0,"key":"Centennial Puzzle"}],"event_choices":[{"damage_healed":0.0,"max_hp_gain":5.0,"max_hp_loss":0.0,"gold_gain":0.0,"event_name":"Big Fish","player_choice":"Donut","floor":2.0,"gold_loss":0.0,"damage_taken":0.0},{"damage_healed":0.0,"max_hp_gain":0.0,"max_hp_loss":0.0,"gold_gain":0.0,"event_name":"Match and Keep!","player_choice":"1 cards matched","floor":5.0,"gold_loss":0.0,"damage_taken":0.0,"cards_obtained":["Blizzard"]},{"damage_healed":0.0,"max_hp_gain":0.0,"max_hp_loss":7.0,"gold_gain":0.0,"event_name":"Golden Idol","player_choice":"Lose Max HP","floor":12.0,"gold_loss":0.0,"damage_taken":0.0,"relics_obtained":["Golden Idol"]},{"damage_healed":0.0,"max_hp_gain":0.0,"max_hp_loss":0.0,"gold_gain":30.0,"event_name":"Dead Adventurer","player_choice":"Searched \u00272\u0027 times","floor":13.0,"gold_loss":0.0,"damage_taken":0.0}],"is_beta":true,"boss_relics":[{"not_picked":["Calling Bell","Runic Dome"],"picked":"Runic Pyramid"}],"items_purged_floors":[],"is_endless":false,"potions_floor_spawned":[4,7,20],"killed_by":"Sentry and Sphere","ascension_level":19}