{"gold_per_floor":[115,115,134,134,134,134,172,172,172,172,203,203,227,252,252,348,348,373,373,19,35,54,54,88,88,112,112,128,171,201,222,222,321,321,341,341,76,126,146,190,214,214,214,232,276,276,276,320,320,320,320,320,320,35,70,70],"floor_reached":57,"playtime":2237,"items_purged":["Strike_R","Strike_R","Strike_R+1"],"score":3222,"play_id":"9a0d7b31-4a93-425e-985f-cfa1337bfcc9","local_time":"20190326140924","is_ascension_mode":true,"campfire_choices":[{"data":"Whirlwind","floor":6,"key":"SMITH"},{"data":"Body Slam","floor":8,"key":"SMITH"},{"floor":12,"key":"DIG"},{"data":"Inflame","floor":15,"key":"SMITH"},{"floor":23,"key":"DIG"},{"floor":27,"key":"DIG"},{"floor":30,"key":"DIG"},{"data":"True Grit","floor":32,"key":"SMITH"},{"floor":42,"key":"RECALL"},{"floor":46,"key":"DIG"},{"data":"Apotheosis","floor":49,"key":"SMITH"},{"floor":53,"key":"DIG"}],"neow_cost":"NONE","seed_source_timestamp":153709982369300,"circlet_count":0,"master_deck":["AscendersBane","Strike_R+1","Defend_R","Defend_R+1","Defend_R","Defend_R","Bash+1","Whirlwind+1","Body Slam+1","True Grit+1","Inflame+1","Impervious","Infernal Blade+1","Ghostly","Ghostly","Ghostly","Entrench","Feel No Pain","Barricade","Shrug It Off","Apotheosis+1","Impatience","PanicButton","Warcry+1","Headbutt"],"relics":["Burning Blood","NeowsBlessing","Golden Idol","Orichalcum","Shovel","Mercury Hourglass","Oddly Smooth Stone","Coffee Dripper","Singing Bowl","Whetstone","Blue Candle","Pen Nib","Letter Opener","Ancient Tea Set","Tiny Chest","Runic Pyramid","Lantern","Potion Belt","Bag of Preparation","Du-Vu Doll","Omamori","Ornamental Fan","Bronze Scales","Magic Flower"],"potions_floor_usage":[11,14,16,24,33,45,45,56],"damage_taken":[{"damage":0,"enemies":"Small Slimes","floor":1,"turns":1},{"damage":0,"enemies":"2 Louse","floor":3,"turns":1},{"damage":0,"enemies":"3 Sentries","floor":7,"turns":1},{"damage":2,"enemies":"Gremlin Nob","floor":11,"turns":3},{"damage":0,"enemies":"Jaw Worm","floor":13,"turns":2},{"damage":9,"enemies":"Blue Slaver","floor":14,"turns":4},{"damage":23,"enemies":"Slime Boss","floor":16,"turns":8},{"damage":6,"enemies":"Chosen","floor":18,"turns":3},{"damage":0,"enemies":"Spheric Guardian","floor":21,"turns":3},{"damage":4,"enemies":"Snecko","floor":22,"turns":6},{"damage":0,"enemies":"Book of Stabbing","floor":24,"turns":4},{"damage":6,"enemies":"Shelled Parasite and Fungi","floor":28,"turns":6},{"damage":0,"enemies":"Gremlin Leader","floor":29,"turns":5},{"damage":0,"enemies":"Centurion and Healer","floor":31,"turns":4},{"damage":9,"enemies":"Champ","floor":33,"turns":9},{"damage":14,"enemies":"3 Shapes","floor":35,"turns":4},{"damage":0,"enemies":"Orb Walker","floor":39,"turns":4},{"damage":0,"enemies":"Giant Head","floor":40,"turns":7},{"damage":0,"enemies":"3 Darklings","floor":41,"turns":6},{"damage":0,"enemies":"Transient","floor":44,"turns":6},{"damage":0,"enemies":"Reptomancer","floor":45,"turns":6},{"damage":10,"enemies":"Giant Head","floor":48,"turns":5},{"damage":0,"enemies":"Awakened One","floor":50,"turns":10},{"damage":0,"enemies":"Donu and Deca","floor":51,"turns":7},{"damage":4,"enemies":"Shield and Spear","floor":55,"turns":9},{"damage":35,"enemies":"The Heart","floor":56,"turns":11}],"seed_played":"3120694689442537040","potions_obtained":[{"floor":1,"key":"SteroidPotion"},{"floor":11,"key":"BloodPotion"},{"floor":13,"key":"AttackPotion"},{"floor":16,"key":"Energy Potion"},{"floor":18,"key":"Fire Potion"},{"floor":28,"key":"Energy Potion"},{"floor":31,"key":"PowerPotion"},{"floor":33,"key":"Poison Potion"},{"floor":40,"key":"Energy Potion"},{"floor":45,"key":"Poison Potion"}],"is_trial":false,"path_per_floor":["M","?","M","?","?","R","E","R","T","?","E","R","M","M","R","B",null,"M","?","$","M","M","R","E","?","T","R","M","E","R","M","R","B",null,"M","?","$","?","M","E","M","R","T","M","E","R","?","E","R","B","B",null,"R","$","E","B",null],"character_chosen":"IRONCLAD","items_purchased":["Singing Bowl","Lantern","Bronze Scales"],"campfire_rested":0,"item_purchase_floors":[20,37,54],"current_hp_per_floor":[74,67,73,47,24,24,30,30,30,55,59,59,65,69,69,52,69,69,37,37,37,39,39,41,41,41,41,43,43,43,45,45,42,44,36,26,26,26,34,42,50,50,50,53,55,55,55,51,51,55,55,55,55,55,55,29],"gold":70,"neow_bonus":"THREE_ENEMY_KILL","is_prod":false,"is_daily":false,"chose_seed":false,"campfire_upgraded":5,"win_rate":0,"timestamp":1553576964,"path_taken":["M","?","M","?","?","R","E","R","T","?","E","R","M","M","R","BOSS","M","?","$","M","M","R","E","?","T","R","M","E","R","M","R","BOSS","M","?","$","?","?","E","M","R","T","M","E","R","?","E","R","BOSS","BOSS","R","$","E","BOSS"],"build_version":"2019-01-23","purchased_purges":3,"victory":true,"max_hp_per_floor":[75,75,75,75,75,75,75,75,75,75,75,75,75,75,75,75,75,75,37,37,37,39,39,41,41,41,41,43,43,43,45,45,45,45,45,45,45,45,47,49,51,51,51,53,55,55,55,55,55,55,55,55,55,55,55,55],"card_choices":[{"not_picked":["Havoc","Clash"],"picked":"Whirlwind","floor":1},{"not_picked":["Clothesline","Wild Strike","Hemokinesis"],"picked":"SKIP","floor":3},{"not_picked":["Havoc","Sever Soul"],"picked":"Body Slam","floor":7},{"not_picked":["Blood for Blood","Berserk"],"picked":"True Grit","floor":11},{"not_picked":["Wild Strike","Clash"],"picked":"Inflame","floor":13},{"not_picked":["True Grit","Reckless Charge","Clothesline"],"picked":"SKIP","floor":14},{"not_picked":["Demon Form","Berserk"],"picked":"Impervious","floor":16},{"not_picked":["Warcry","Sword Boomerang"],"picked":"Infernal Blade+1","floor":18},{"not_picked":["Corruption","Dropkick"],"picked":"Entrench","floor":21},{"not_picked":["Warcry","Thunderclap","Body Slam+1"],"picked":"Singing Bowl","floor":22},{"not_picked":["Power Through","Sentinel","Hemokinesis"],"picked":"Singing Bowl","floor":24},{"not_picked":["Thunderclap","Warcry","Juggernaut"],"picked":"Singing Bowl","floor":28},{"not_picked":["Searing Blow","Dropkick"],"picked":"Feel No Pain","floor":29},{"not_picked":["Anger","Power Through","Wild Strike"],"picked":"Singing Bowl","floor":31},{"not_picked":["Bludgeon","Fiend Fire"],"picked":"Barricade","floor":33},{"not_picked":["Dropkick","Heavy Blade"],"picked":"Shrug It Off","floor":35},{"not_picked":["Flash of Steel","Panacea"],"picked":"Apotheosis","floor":36},{"not_picked":["Blind","PanicButton"],"picked":"Impatience","floor":36},{"not_picked":["Flash of Steel","Secret Weapon"],"picked":"PanicButton","floor":36},{"not_picked":["Warcry","Wild Strike+1","Cleave"],"picked":"Singing Bowl","floor":39},{"not_picked":["Clash","Body Slam","Shrug It Off"],"picked":"Singing Bowl","floor":40},{"not_picked":["Havoc","Dark Embrace","Searing Blow"],"picked":"Singing Bowl","floor":41},{"not_picked":["Blood for Blood","Perfected Strike","Fire Breathing"],"picked":"Singing Bowl","floor":44},{"not_picked":["Dropkick","Spot Weakness","Ghostly Armor"],"picked":"Singing Bowl","floor":45},{"not_picked":["Flex+1","Havoc"],"picked":"Warcry+1","floor":48},{"not_picked":["Anger","Sword Boomerang"],"picked":"Headbutt","floor":55}],"player_experience":2599349,"relics_obtained":[{"floor":7,"key":"Orichalcum"},{"floor":9,"key":"Shovel"},{"floor":11,"key":"Mercury Hourglass"},{"floor":12,"key":"Oddly Smooth Stone"},{"floor":23,"key":"Whetstone"},{"floor":24,"key":"Blue Candle"},{"floor":26,"key":"Pen Nib"},{"floor":27,"key":"Letter Opener"},{"floor":29,"key":"Ancient Tea Set"},{"floor":30,"key":"Tiny Chest"},{"floor":40,"key":"Potion Belt"},{"floor":45,"key":"Bag of Preparation"},{"floor":46,"key":"Du-Vu Doll"},{"floor":48,"key":"Omamori"},{"floor":53,"key":"Ornamental Fan"},{"floor":55,"key":"Magic Flower"}],"event_choices":[{"cards_removed":["Strike_R"],"damage_healed":0,"gold_gain":0,"player_choice":"Card Removal","damage_taken":7,"max_hp_gain":0,"max_hp_loss":0,"event_name":"Golden Wing","floor":2,"gold_loss":0},{"damage_healed":0,"gold_gain":0,"player_choice":"Take Damage","damage_taken":26,"relics_obtained":["Golden Idol"],"max_hp_gain":0,"max_hp_loss":0,"event_name":"Golden Idol","floor":4,"gold_loss":0},{"damage_healed":0,"gold_gain":0,"player_choice":"Entered Light","damage_taken":23,"max_hp_gain":0,"max_hp_loss":0,"event_name":"Shining Light","floor":5,"gold_loss":0,"cards_upgraded":["Defend_R","Strike_R"]},{"damage_healed":25,"gold_gain":0,"player_choice":"Banana","damage_taken":0,"max_hp_gain":0,"max_hp_loss":0,"event_name":"Big Fish","floor":10,"gold_loss":0},{"damage_healed":0,"gold_gain":0,"player_choice":"Became a Ghost","damage_taken":0,"max_hp_gain":0,"max_hp_loss":38,"event_name":"Ghosts","floor":19,"gold_loss":0,"cards_obtained":["Ghostly","Ghostly","Ghostly"]},{"damage_healed":0,"gold_gain":0,"player_choice":"Ignored","damage_taken":0,"max_hp_gain":0,"max_hp_loss":0,"event_name":"The Mausoleum","floor":25,"gold_loss":0},{"damage_healed":0,"gold_gain":0,"player_choice":"Memory 3","damage_taken":10,"max_hp_gain":0,"max_hp_loss":0,"event_name":"SensoryStone","floor":36,"gold_loss":0},{"damage_healed":0,"gold_gain":50,"player_choice":"Pray","damage_taken":0,"max_hp_gain":0,"max_hp_loss":0,"event_name":"Golden Shrine","floor":38,"gold_loss":0},{"damage_healed":0,"gold_gain":0,"player_choice":"Ignored","damage_taken":0,"max_hp_gain":0,"max_hp_loss":0,"event_name":"Mysterious Sphere","floor":47,"gold_loss":0}],"is_beta":false,"boss_relics":[{"not_picked":["Runic Cube","Black Blood"],"picked":"Coffee Dripper"},{"not_picked":["White Beast Statue","Sozu"],"picked":"Runic Pyramid"}],"items_purged_floors":[20,37,54],"is_endless":false,"potions_floor_spawned":[1,11,13,16,18,28,31,33,40,45],"ascension_level":20}