{"gold_per_floor":[110,130,130,5,5,5,41,77,77,113,45,45,45,45],"floor_reached":14,"playtime":231,"items_purged":[],"score":238,"play_id":"4ebe5a21-7f0a-4f08-aaff-753a99827a4c","local_time":"20190328184327","is_ascension_mode":true,"campfire_choices":[{"data":"Whirlwind","floor":6,"key":"SMITH"},{"data":"Inflame","floor":13,"key":"SMITH"}],"neow_cost":"NONE","seed_source_timestamp":2419658142200,"circlet_count":0,"master_deck":["AscendersBane","Strike_R","Strike_R","Strike_R","Strike_R","Strike_R","Defend_R","Defend_R","Defend_R","Defend_R","Bash","Shrug It Off","Battle Trance","Whirlwind+1","Inflame+1","Entrench","Reaper","Feel No Pain+1"],"relics":["Burning Blood","NeowsBlessing","Golden Idol","The Courier","Odd Mushroom","Bottled Lightning","Frozen Egg 2"],"potions_floor_usage":[8,8,10],"damage_taken":[{"damage":0,"enemies":"Cultist","floor":1,"turns":1},{"damage":0,"enemies":"2 Louse","floor":2,"turns":1},{"damage":0,"enemies":"Lagavulin","floor":7,"turns":1},{"damage":13,"enemies":"The Mushroom Lair","floor":8,"turns":3},{"damage":20,"enemies":"3 Sentries","floor":10,"turns":3},{"damage":31,"enemies":"Lagavulin","floor":14,"turns":8}],"seed_played":"-2851223367632383704","potions_obtained":[{"floor":2,"key":"Poison Potion"},{"floor":7,"key":"BloodPotion"},{"floor":8,"key":"Fire Potion"}],"is_trial":false,"path_per_floor":["M","M","?","$","?","R","E","?","T","E","$","$","R","E"],"character_chosen":"IRONCLAD","items_purchased":["Whirlwind","Inflame","Feel No Pain+1"],"campfire_rested":0,"item_purchase_floors":[4,4,11],"current_hp_per_floor":[74,75,49,49,54,54,60,61,61,47,47,47,47,16],"gold":45,"neow_bonus":"THREE_ENEMY_KILL","is_prod":false,"is_daily":false,"chose_seed":false,"campfire_upgraded":2,"win_rate":0,"timestamp":1553766207,"path_taken":["M","M","?","$","?","R","E","?","T","E","?","$","R","E"],"build_version":"2019-01-23","purchased_purges":0,"victory":false,"max_hp_per_floor":[75,75,75,75,80,80,80,80,80,80,80,80,80,80],"card_choices":[{"not_picked":["Warcry","Wild Strike"],"picked":"Shrug It Off","floor":1},{"not_picked":["Pummel","Sword Boomerang"],"picked":"Battle Trance","floor":2},{"not_picked":["Power Through","Shrug It Off"],"picked":"Entrench","floor":7},{"not_picked":["Hemokinesis","Shrug It Off"],"picked":"Reaper","floor":10}],"player_experience":2681149,"relics_obtained":[{"floor":7,"key":"The Courier"},{"floor":8,"key":"Odd Mushroom"},{"floor":9,"key":"Bottled Lightning"},{"floor":10,"key":"Frozen Egg 2"}],"event_choices":[{"damage_healed":0,"gold_gain":0,"player_choice":"Take Damage","damage_taken":26,"relics_obtained":["Golden Idol"],"max_hp_gain":0,"max_hp_loss":0,"event_name":"Golden Idol","floor":3,"gold_loss":0},{"damage_healed":0,"gold_gain":0,"player_choice":"Donut","damage_taken":0,"max_hp_gain":5,"max_hp_loss":0,"event_name":"Big Fish","floor":5,"gold_loss":0},{"damage_healed":0,"gold_gain":0,"player_choice":"Fought Mushrooms","damage_taken":0,"max_hp_gain":0,"max_hp_loss":0,"event_name":"Mushrooms","floor":8,"gold_loss":0}],"is_beta":false,"boss_relics":[],"items_purged_floors":[],"is_endless":false,"potions_floor_spawned":[2,7,8],"killed_by":"Lagavulin","ascension_level":20}