{"path_per_floor":["M","?","?","M","M","R","E","R","T","M","M","M","T","M","R","B",null,"M","?","?","M","M","R","E","$","T","R"],"character_chosen":"DEFECT","items_purchased":["Bottled Tornado"],"gold_per_floor":[20,20,20,36,56,56,81,81,104,121,139,149,149,162,162,266,266,286,209,209,219,235,235,267,21,21,21,21],"floor_reached":28,"campfire_rested":2,"playtime":1421,"current_hp_per_floor":[67,67,64,63,63,63,53,53,53,41,30,21,21,2,39,38,75,75,75,75,62,44,44,10,10,10,47,0],"items_purged":[],"gold":21,"score":276,"play_id":"1570defd-a781-466c-851e-7ca43eb94a13","local_time":"20180503212653","is_prod":false,"is_daily":false,"chose_seed":false,"is_ascension_mode":true,"campfire_upgraded":3,"timestamp":1525354013,"path_taken":["M","?","?","M","M","R","E","R","T","?","?","M","?","?","R","BOSS","M","?","?","M","M","R","E","$","T","R","E"],"build_version":"2018-05-02","seed_source_timestamp":560327492049583,"purchased_purges":0,"victory":false,"master_deck":["Strike_B","Strike_B","Strike_B","Strike_B","Defend_B","Defend_B+1","Defend_B+1","Defend_B","Zap+1","Dualcast+1","Ball Lightning","Chaos+1","FTL","Lockon+1","Echo Form","Thunder Strike+1","Beam Cell+1","J.A.X.+1","Sweeping Beam+1"],"max_hp_per_floor":[75,75,75,75,75,75,75,75,75,75,75,75,75,75,75,75,75,75,75,75,75,75,75,75,75,75,75,75],"relics":["Cracked Core","Torii","Pen Nib","Molten Egg 2","Bag of Marbles","Regal Pillow","Cursed Key","War Paint","Bottled Tornado"],"card_choices":[{"not_picked":["Streamline","Aggregate"],"picked":"Ball Lightning","floor":1},{"not_picked":["BootSequence","Turbo"],"picked":"Chaos","floor":4},{"not_picked":["Go for the Eyes","Beam Cell"],"picked":"FTL","floor":5},{"not_picked":["Aggregate","Double Energy"],"picked":"Lockon","floor":10},{"not_picked":["Scrape","Coolheaded"],"picked":"Echo Form","floor":12},{"not_picked":["Creative AI","Biased Cognition"],"picked":"Thunder Strike","floor":16},{"not_picked":["Lockon","Capacitor"],"picked":"Beam Cell","floor":18},{"not_picked":["Barrage","Turbo"],"picked":"Sweeping Beam","floor":22}],"player_experience":336392,"potions_floor_usage":[14,16,21,22],"damage_taken":[{"damage":8,"enemies":"Small Slimes","floor":1,"turns":3},{"damage":1,"enemies":"Cultist","floor":4,"turns":3},{"damage":0,"enemies":"2 Louse","floor":5,"turns":1},{"damage":10,"enemies":"3 Sentries","floor":7,"turns":6},{"damage":12,"enemies":"Lots of Slimes","floor":10,"turns":3},{"damage":11,"enemies":"Gremlin Gang","floor":11,"turns":2},{"damage":9,"enemies":"Red Slaver","floor":12,"turns":2},{"damage":19,"enemies":"Exordium Wildlife","floor":14,"turns":3},{"damage":1,"enemies":"Slime Boss","floor":16,"turns":8},{"damage":0,"enemies":"Chosen","floor":18,"turns":2},{"damage":13,"enemies":"3 Byrds","floor":21,"turns":4},{"damage":18,"enemies":"Cultist and Chosen","floor":22,"turns":4},{"damage":34,"enemies":"Gremlin Leader","floor":24,"turns":5},{"damage":48,"enemies":"Slavers","floor":28,"turns":2}],"event_choices":[{"event_name":"Upgrade Shrine","player_choice":"Upgraded","floor":2,"damage_taken":0},{"event_name":"Scrap Ooze","player_choice":"success","floor":3,"damage_taken":3},{"event_name":"Drug Dealer","player_choice":"Got JAXXED","floor":19,"damage_taken":0},{"event_name":"Ghosts","player_choice":"Ignored","floor":20,"damage_taken":0}],"boss_relics":[{"not_picked":["Orrery","Ectoplasm"],"picked":"Cursed Key"}],"potions_floor_spawned":[10,12,14,18],"seed_played":"5274496709497110496","killed_by":"Slavers","ascension_level":3,"is_trial":false}