{"gold_per_floor":[119,44,194,220,235,235,235,254,254,271,296,314,34,34],"floor_reached":14,"playtime":442,"items_purged":["Doubt"],"score":180,"play_id":"a71d064d-ec98-4691-83ed-8fe352ee7aa1","local_time":"20190407184521","is_ascension_mode":true,"campfire_choices":[{"data":"Juggernaut","floor":6,"key":"SMITH"}],"neow_cost":"TEN_PERCENT_HP_LOSS","seed_source_timestamp":60407349284100,"circlet_count":0,"master_deck":["AscendersBane","Strike_R","Strike_R","Strike_R","Strike_R","Defend_R","Defend_R","Defend_R","Defend_R","Bash","Juggernaut+1","Corruption","True Grit","Rampage","Armaments","Apotheosis"],"relics":["Burning Blood","Omamori","WarpedTongs","Meat on the Bone","Bag of Preparation"],"potions_floor_usage":[11,12,14],"damage_taken":[{"damage":9,"enemies":"Small Slimes","floor":1,"turns":5},{"damage":9,"enemies":"Jaw Worm","floor":5,"turns":4},{"damage":7,"enemies":"2 Louse","floor":8,"turns":3},{"damage":30,"enemies":"Lots of Slimes","floor":10,"turns":5},{"damage":20,"enemies":"Lagavulin","floor":11,"turns":6},{"damage":37,"enemies":"Gremlin Gang","floor":12,"turns":4},{"damage":31,"enemies":"Gremlin Nob","floor":14,"turns":3}],"seed_played":"3582128229233104293","potions_obtained":[{"floor":1,"key":"Strength Potion"},{"floor":10,"key":"Swift Potion"},{"floor":11,"key":"SneckoOil"}],"is_trial":false,"path_per_floor":["M","?","?","T","M","R","?","M","T","M","E","M","$","E"],"character_chosen":"IRONCLAD","items_purchased":["Apotheosis"],"campfire_rested":0,"item_purchase_floors":[13],"current_hp_per_floor":[65,65,65,65,62,62,62,61,61,49,47,28,28,0],"gold":34,"neow_bonus":"THREE_RARE_CARDS","is_prod":false,"is_daily":false,"chose_seed":false,"campfire_upgraded":1,"win_rate":0,"timestamp":1554630321,"path_taken":["M","?","?","?","M","R","?","?","T","?","E","M","$","E"],"build_version":"2019-01-23","purchased_purges":1,"victory":false,"max_hp_per_floor":[68,68,68,68,68,68,68,68,68,68,68,68,68,68],"card_choices":[{"not_picked":["Immolate","Bludgeon"],"picked":"Juggernaut","floor":0},{"not_picked":["Blood for Blood","Anger"],"picked":"Corruption","floor":1},{"not_picked":["Ghostly Armor","Cleave"],"picked":"True Grit","floor":5},{"not_picked":["Anger","Clothesline"],"picked":"Rampage","floor":8},{"not_picked":["Perfected Strike","Cleave","Iron Wave"],"picked":"SKIP","floor":10},{"not_picked":["Perfected Strike","Cleave","Iron Wave"],"picked":"SKIP","floor":10},{"not_picked":["Headbutt","Thunderclap","Anger"],"picked":"SKIP","floor":11},{"not_picked":["Sever Soul","Metallicize"],"picked":"Armaments","floor":12}],"player_experience":2949501,"relics_obtained":[{"floor":4,"key":"Omamori"},{"floor":9,"key":"Meat on the Bone"},{"floor":11,"key":"Bag of Preparation"}],"event_choices":[{"cards_removed":["Strike_R"],"damage_healed":0,"gold_gain":0,"player_choice":"Card Removal","damage_taken":0,"max_hp_gain":0,"max_hp_loss":0,"event_name":"The Cleric","floor":2,"gold_loss":75},{"damage_healed":0,"gold_gain":150,"player_choice":"AGREE","damage_taken":0,"max_hp_gain":0,"max_hp_loss":0,"event_name":"Liars Game","floor":3,"gold_loss":0,"cards_obtained":["Doubt"]},{"damage_healed":0,"gold_gain":0,"player_choice":"Rummage","damage_taken":0,"relics_obtained":["WarpedTongs"],"max_hp_gain":0,"max_hp_loss":0,"event_name":"Accursed Blacksmith","floor":7,"gold_loss":0,"cards_obtained":["Pain"]}],"is_beta":false,"boss_relics":[],"items_purged_floors":[13],"is_endless":false,"potions_floor_spawned":[1,10,11],"killed_by":"Gremlin Nob","ascension_level":20}