{"path_per_floor":["M","M","?","M","?","E","M","M","T","?","E","R","E","M","R","B",null,"M","M","?","M","?","E","R","E","T","$","R","M"],"character_chosen":"IRONCLAD","items_purchased":["Ginger","Juzu Bracelet","Shrug It Off"],"gold_per_floor":[118,136,236,246,246,279,299,317,342,417,444,444,476,492,492,589,589,607,619,619,638,638,666,666,696,696,119,119,138,138],"floor_reached":30,"campfire_rested":1,"playtime":1720,"current_hp_per_floor":[80,80,80,78,62,32,30,40,40,29,29,29,19,19,43,18,80,77,77,77,54,54,33,33,16,16,16,16,13,0],"items_purged":["Bash"],"gold":138,"score":305,"play_id":"909a44bd-6393-49a9-b4b5-c829d02ec3f8","local_time":"20180418141156","is_prod":false,"is_daily":false,"chose_seed":false,"is_ascension_mode":true,"campfire_upgraded":2,"timestamp":1524031916,"path_taken":["M","M","?","M","?","E","?","M","T","?","E","R","E","M","R","BOSS","M","M","?","M","?","E","R","E","T","$","R","M","E"],"build_version":"2018-04-16","seed_source_timestamp":316793395146198,"purchased_purges":1,"victory":false,"master_deck":["Strike_R","Strike_R","Strike_R","Strike_R","Strike_R","Defend_R","Defend_R+1","Defend_R","Defend_R+1","Flex","Clash+1","Limit Break+1","Pommel Strike","Uppercut+1","Thunderclap","Heavy Blade+1","Offering","Dual Wield+1","Spot Weakness","Disarm","Metallicize","Headbutt+1","Clash+1","Shrug It Off","True Grit+1"],"max_hp_per_floor":[80,80,80,80,80,80,80,80,80,80,80,80,80,80,80,80,80,80,80,80,80,80,80,80,80,80,80,80,80,80],"relics":["Burning Blood","Ice Cream","War Paint","Vajra","Letter Opener","White Beast Statue","Du-Vu Doll","Pen Nib","Girya","Ginger","Juzu Bracelet"],"card_choices":[{"not_picked":["Ghostly Armor","Havoc"],"picked":"Flex","floor":1},{"not_picked":["Power Through","Sword Boomerang"],"picked":"Clash","floor":2},{"not_picked":["Wild Strike","Twin Strike"],"picked":"Limit Break","floor":4},{"not_picked":["Havoc","Wild Strike"],"picked":"Pommel Strike","floor":7},{"not_picked":["Armaments","Body Slam"],"picked":"Uppercut","floor":8},{"not_picked":["Blood for Blood","Battle Trance"],"picked":"Thunderclap","floor":13},{"not_picked":["Twin Strike","Juggernaut"],"picked":"Heavy Blade","floor":14},{"not_picked":["Impervious","Dark Embrace"],"picked":"Offering","floor":16},{"not_picked":["Fire Breathing","Twin Strike"],"picked":"Dual Wield","floor":18},{"not_picked":["Power Through","Twin Strike"],"picked":"Spot Weakness","floor":19},{"not_picked":["Warcry","Heavy Blade"],"picked":"Metallicize","floor":21},{"not_picked":["Dual Wield","Heavy Blade"],"picked":"Headbutt","floor":23},{"not_picked":["Intimidate","Armaments"],"picked":"Clash","floor":25},{"not_picked":["Cleave","Pommel Strike"],"picked":"True Grit","floor":29}],"player_experience":280687,"potions_floor_usage":[6,8,11,13,23,25,25,25,30,30],"damage_taken":[{"damage":6,"enemies":"Small Slimes","floor":1,"turns":4},{"damage":1,"enemies":"Cultist","floor":2,"turns":3},{"damage":8,"enemies":"2 Louse","floor":4,"turns":3},{"damage":36,"enemies":"Lagavulin","floor":6,"turns":7},{"damage":8,"enemies":"Red Slaver","floor":7,"turns":2},{"damage":11,"enemies":"Lots of Slimes","floor":8,"turns":6},{"damage":6,"enemies":"3 Sentries","floor":11,"turns":8},{"damage":28,"enemies":"Gremlin Nob","floor":13,"turns":5},{"damage":6,"enemies":"3 Louse","floor":14,"turns":3},{"damage":31,"enemies":"Slime Boss","floor":16,"turns":9},{"damage":9,"enemies":"Chosen","floor":18,"turns":4},{"damage":6,"enemies":"Spheric Guardian","floor":19,"turns":3},{"damage":29,"enemies":"Cultist and Chosen","floor":21,"turns":5},{"damage":27,"enemies":"Slavers","floor":23,"turns":3},{"damage":23,"enemies":"Book of Stabbing","floor":25,"turns":5},{"damage":9,"enemies":"Centurion and Healer","floor":29,"turns":6},{"damage":16,"enemies":"Gremlin Leader","floor":30,"turns":3}],"event_choices":[{"event_name":"Wheel of Change","player_choice":"Gold","floor":3,"damage_taken":0},{"event_name":"Shining Light","player_choice":"Entered Light","floor":5,"damage_taken":0},{"event_name":"World of Goop","player_choice":"Gather Gold","floor":10,"damage_taken":0},{"event_name":"The Library","player_choice":"Read","floor":20,"damage_taken":0},{"event_name":"Drug Dealer","player_choice":"Ignored","floor":22,"damage_taken":0}],"boss_relics":[{"not_picked":["Runic Dome","Runic Pyramid"],"picked":"White Beast Statue"}],"potions_floor_spawned":[1,6,7,11,18,19,21,23,25,29],"seed_played":"2073480222495101068","killed_by":"Gremlin Leader","ascension_level":1,"is_trial":false}