{"gold_per_floor":[211,227,187,205,205,232,243,243,243,243,270,270,297,313,313,416,416,427,269,281,76,76,76,76],"floor_reached":24,"playtime":1078,"items_purged":["Pain","Pain"],"score":278,"play_id":"f12b172d-740e-428b-8bf2-4a6e76ee708a","local_time":"20180707144321","is_ascension_mode":true,"campfire_choices":[{"floor":10,"key":"REST"},{"floor":12,"key":"REST"},{"floor":15,"key":"REST"},{"floor":23,"key":"REST"}],"neow_cost":"NONE","seed_source_timestamp":151339419291552,"circlet_count":0,"master_deck":["Strike_B","Strike_B","Strike_B","Strike_B","Defend_B","Defend_B","Defend_B","Defend_B","Zap+1","Dualcast","Defragment","Double Energy","Defragment","Gash","Defragment","Redo","Conserve Battery","Redo","Loop","Gash","Buffer","Decay","Capacitor","Conserve Battery","Hello World","Force Field","Jack Of All Trades"],"relics":["Cracked Core","Kunai","Blue Candle","Strawberry","Prayer Wheel","Calling Bell","Art of War","Pantograph","Shovel"],"potions_floor_usage":[6,13,18,20],"damage_taken":[{"damage":2,"enemies":"Jaw Worm","floor":1,"turns":4},{"damage":5,"enemies":"Small Slimes","floor":2,"turns":4},{"damage":0,"enemies":"Cultist","floor":4,"turns":4},{"damage":25,"enemies":"Gremlin Nob","floor":6,"turns":4},{"damage":6,"enemies":"3 Louse","floor":7,"turns":3},{"damage":25,"enemies":"Lagavulin","floor":11,"turns":6},{"damage":21,"enemies":"Gremlin Nob","floor":13,"turns":4},{"damage":2,"enemies":"2 Fungi Beasts","floor":14,"turns":4},{"damage":56,"enemies":"Hexaghost","floor":16,"turns":9},{"damage":38,"enemies":"Chosen","floor":18,"turns":6},{"damage":28,"enemies":"Spheric Guardian","floor":20,"turns":5},{"damage":36,"enemies":"Slavers","floor":24,"turns":2}],"seed_played":"5307899791246048452","potions_obtained":[{"floor":1,"key":"Strength Potion"},{"floor":11,"key":"Swift Potion"},{"floor":16,"key":"Fire Potion"}],"is_trial":false,"path_per_floor":["M","M","$","M","?","E","M","?","T","R","E","R","E","M","R","B",null,"M","$","M","$","?","R"],"character_chosen":"DEFECT","items_purchased":["Defragment","PowerPotion","Hello World","Jack Of All Trades"],"campfire_rested":4,"item_purchase_floors":[3,19,19,21],"current_hp_per_floor":[66,61,61,61,66,41,35,35,35,59,41,67,46,44,70,14,69,31,31,10,10,10,36,0],"gold":76,"neow_bonus":"HUNDRED_GOLD","is_prod":false,"is_daily":false,"chose_seed":false,"campfire_upgraded":0,"win_rate":0,"timestamp":1530963801,"path_taken":["M","M","$","M","?","E","M","?","T","R","E","R","E","M","R","BOSS","M","$","M","$","?","R","E"],"build_version":"2018-07-05","purchased_purges":2,"victory":false,"max_hp_per_floor":[75,75,75,75,80,80,80,80,80,80,87,87,87,87,87,87,87,87,87,87,87,87,87,87],"card_choices":[{"not_picked":["Aggregate","Cold Snap"],"picked":"Defragment","floor":1},{"not_picked":["Recycle","Streamline"],"picked":"Double Energy","floor":2},{"not_picked":["Reprogram","Hologram"],"picked":"Gash","floor":4},{"not_picked":["Fusion","Hologram"],"picked":"Defragment","floor":6},{"not_picked":["Stack","Go for the Eyes"],"picked":"Redo","floor":7},{"not_picked":["Scrape","Chill"],"picked":"Conserve Battery","floor":11},{"not_picked":["BootSequence","Ball Lightning"],"picked":"Redo","floor":13},{"not_picked":["FTL","Skim"],"picked":"Loop","floor":14},{"not_picked":["Glacier","Chaos"],"picked":"Gash","floor":14},{"not_picked":["Multi-Cast","Meteor Strike"],"picked":"Buffer","floor":16},{"not_picked":["Beam Cell","FTL"],"picked":"Capacitor","floor":18},{"not_picked":["Consume","Aggregate+1"],"picked":"Conserve Battery","floor":18},{"not_picked":["Double Energy","Barrage"],"picked":"Force Field","floor":20},{"not_picked":["Streamline","Hologram","Leap+1"],"picked":"SKIP","floor":20}],"player_experience":542898,"relics_obtained":[{"floor":6,"key":"Kunai"},{"floor":9,"key":"Blue Candle"},{"floor":11,"key":"Strawberry"},{"floor":13,"key":"Prayer Wheel"},{"floor":17,"key":"Art of War"},{"floor":17,"key":"Pantograph"},{"floor":17,"key":"Shovel"}],"event_choices":[{"event_name":"Big Fish","player_choice":"Donut","floor":5,"damage_taken":0},{"event_name":"Living Wall","player_choice":"Grow","floor":8,"damage_taken":0},{"event_name":"Ghosts","player_choice":"Ignored","floor":22,"damage_taken":0}],"boss_relics":[{"not_picked":["Astrolabe","Fusion Hammer"],"picked":"Calling Bell"}],"items_purged_floors":[19,21],"is_endless":false,"potions_floor_spawned":[1,11,16],"killed_by":"Slavers","ascension_level":6}