{"gold_per_floor":[109,79,89,89,100,132,142,142,142,142,162,4,4,79,79,153,153,163,78,78,129,179,179],"floor_reached":23,"playtime":489,"items_purged":[],"score":494,"play_id":"26f8b798-4c34-4e84-8292-660a5be3b128","local_time":"20190321144432","is_ascension_mode":true,"campfire_choices":[{"data":"Chaos","floor":8,"key":"SMITH"},{"data":"Electrodynamics","floor":10,"key":"SMITH"},{"floor":15,"key":"REST"}],"neow_cost":"NONE","seed_source_timestamp":158737213464100,"circlet_count":0,"master_deck":["AscendersBane","Strike_B","Strike_B","Strike_B","Strike_B","Defend_B","Defend_B","Defend_B","Defend_B","Zap","Dualcast","Capacitor","Chaos+1","Electrodynamics+1","Echo Form","Conserve Battery+1","Biased Cognition","Leap+1"],"relics":["Cracked Core","NeowsBlessing","Toxic Egg 2","Matryoshka","Happy Flower","Philosopher\u0027s Stone","Pocketwatch","Blood Vial","Regal Pillow"],"potions_floor_usage":[6,13,13],"damage_taken":[{"damage":0,"enemies":"2 Louse","floor":1,"turns":1},{"damage":0,"enemies":"Cultist","floor":3,"turns":1},{"damage":0,"enemies":"Jaw Worm","floor":5,"turns":1},{"damage":20,"enemies":"3 Sentries","floor":6,"turns":4},{"damage":11,"enemies":"Blue Slaver","floor":7,"turns":3},{"damage":12,"enemies":"Large Slime","floor":11,"turns":3},{"damage":0,"enemies":"Gremlin Nob","floor":13,"turns":3},{"damage":0,"enemies":"Slime Boss","floor":16,"turns":7},{"damage":13,"enemies":"Chosen","floor":18,"turns":6},{"damage":35,"enemies":"Book of Stabbing","floor":23,"turns":4}],"seed_played":"5172339922369223258","potions_obtained":[{"floor":2,"key":"SmokeBomb"},{"floor":2,"key":"PowerPotion"},{"floor":5,"key":"FocusPotion"},{"floor":6,"key":"Strength Potion"},{"floor":7,"key":"SmokeBomb"}],"is_trial":false,"path_per_floor":["M","?","M","?","M","E","M","R","T","R","M","$","E","?","R","B",null,"M","?","?","T","?","E"],"character_chosen":"DEFECT","items_purchased":["Happy Flower"],"campfire_rested":1,"item_purchase_floors":[12],"current_hp_per_floor":[64,64,64,64,64,44,33,33,33,33,21,21,21,10,31,31,61,48,48,28,28,28,0],"gold":179,"neow_bonus":"THREE_ENEMY_KILL","is_prod":false,"is_daily":false,"chose_seed":false,"campfire_upgraded":2,"win_rate":0,"timestamp":1553147072,"path_taken":["M","?","?","?","?","E","M","R","T","R","M","$","E","?","R","BOSS","M","?","?","?","?","E"],"build_version":"2019-01-23","purchased_purges":0,"victory":false,"max_hp_per_floor":[71,71,71,71,71,71,71,71,71,71,71,71,71,71,71,71,71,71,71,76,76,76,76],"card_choices":[{"not_picked":["Compile Driver","Ball Lightning"],"picked":"Capacitor","floor":1},{"not_picked":["BootSequence","Ball Lightning"],"picked":"Chaos","floor":3},{"not_picked":["Scrape","Leap","Conserve Battery"],"picked":"SKIP","floor":5},{"not_picked":["Leap","Steam"],"picked":"Echo Form","floor":6},{"not_picked":["Ball Lightning","Stack+1"],"picked":"Conserve Battery+1","floor":7},{"not_picked":["Auto Shields+1","Streamline","Ball Lightning"],"picked":"SKIP","floor":11},{"not_picked":["Multi-Cast+1","Echo Form"],"picked":"Biased Cognition","floor":16},{"not_picked":["Fusion+1","Steam+1"],"picked":"Leap+1","floor":18}],"player_experience":2443696,"relics_obtained":[{"floor":6,"key":"Toxic Egg 2"},{"floor":9,"key":"Matryoshka"},{"floor":21,"key":"Blood Vial"},{"floor":21,"key":"Regal Pillow"}],"event_choices":[{"damage_healed":0,"gold_gain":0,"player_choice":"Bought 2 Potions","damage_taken":0,"max_hp_gain":0,"max_hp_loss":0,"event_name":"The Woman in Blue","floor":2,"gold_loss":0},{"damage_healed":0,"gold_gain":0,"player_choice":"1 cards matched","damage_taken":0,"max_hp_gain":0,"max_hp_loss":0,"event_name":"Match and Keep!","floor":4,"gold_loss":0,"cards_obtained":["Electrodynamics"]},{"damage_healed":0,"gold_gain":75,"player_choice":"Gather Gold","damage_taken":11,"max_hp_gain":0,"max_hp_loss":0,"event_name":"World of Goop","floor":14,"gold_loss":0},{"damage_healed":0,"gold_gain":0,"player_choice":"Obtained Relic","damage_taken":0,"relics_obtained":["Pocketwatch"],"max_hp_gain":0,"max_hp_loss":0,"event_name":"Addict","floor":19,"gold_loss":85},{"damage_healed":0,"gold_gain":0,"player_choice":"Shed Blood","damage_taken":25,"max_hp_gain":5,"max_hp_loss":0,"event_name":"Forgotten Altar","floor":20,"gold_loss":0},{"damage_healed":0,"gold_gain":50,"player_choice":"Stole From Cult","damage_taken":0,"max_hp_gain":0,"max_hp_loss":0,"event_name":"Nest","floor":22,"gold_loss":0}],"is_beta":false,"boss_relics":[{"not_picked":["Orrery","Runic Pyramid"],"picked":"Philosopher\u0027s Stone"}],"items_purged_floors":[],"is_endless":false,"potions_floor_spawned":[5,6,7],"killed_by":"Book of Stabbing","ascension_level":20}