{"gold_per_floor":[118,133,58,208,208,208,226,226,253,271,288,318,318,348,348,422,422,437,437,437,252,263,263,298,298,322,322,46,76,76,87,87,87],"floor_reached":33,"playtime":568,"items_purged":["Doubt"],"score":582,"play_id":"e4e229f3-4867-4c74-b512-10237f6f28b1","local_time":"20190412135244","is_ascension_mode":true,"campfire_choices":[{"data":"Immolate","floor":6,"key":"SMITH"},{"data":"Immolate","floor":8,"key":"SMITH"},{"floor":15,"key":"REST"},{"floor":23,"key":"REST"},{"data":"Bash","floor":25,"key":"SMITH"},{"data":"True Grit","floor":27,"key":"SMITH"},{"floor":32,"key":"REST"}],"neow_cost":"NONE","seed_source_timestamp":8085718911200,"circlet_count":0,"master_deck":["AscendersBane","Strike_R","Strike_R","Strike_R","Strike_R","Defend_R","Defend_R","Defend_R","Defend_R","Bash+1","Immolate+1","Immolate+1","Pain","Shrug It Off","True Grit+1","Entrench","Reaper","Shrug It Off","Battle Trance","Shame","Shrug It Off"],"relics":["Burning Blood","WarpedTongs","Bronze Scales","Happy Flower","Juzu Bracelet","Velvet Choker","Ancient Tea Set","Pen Nib","Blue Candle","Bag of Marbles","Lantern"],"potions_floor_usage":[10,14,16,24,24,31,33],"damage_taken":[{"damage":0,"enemies":"2 Louse","floor":1,"turns":2},{"damage":3,"enemies":"Small Slimes","floor":2,"turns":3},{"damage":1,"enemies":"Cultist","floor":7,"turns":2},{"damage":11,"enemies":"Large Slime","floor":10,"turns":5},{"damage":0,"enemies":"3 Louse","floor":11,"turns":1},{"damage":67,"enemies":"Gremlin Nob","floor":12,"turns":4},{"damage":9,"enemies":"3 Sentries","floor":14,"turns":3},{"damage":31,"enemies":"Slime Boss","floor":16,"turns":8},{"damage":22,"enemies":"Spheric Guardian","floor":18,"turns":5},{"damage":23,"enemies":"2 Thieves","floor":22,"turns":2},{"damage":63,"enemies":"Gremlin Leader","floor":24,"turns":7},{"damage":7,"enemies":"Slavers","floor":29,"turns":1},{"damage":17,"enemies":"Chosen and Byrds","floor":31,"turns":3},{"damage":57,"enemies":"Collector","floor":33,"turns":6}],"seed_played":"3885434787087740576","potions_obtained":[{"floor":1,"key":"Explosive Potion"},{"floor":7,"key":"Dexterity Potion"},{"floor":14,"key":"EssenceOfSteel"},{"floor":16,"key":"FearPotion"},{"floor":24,"key":"Dexterity Potion"},{"floor":29,"key":"AttackPotion"}],"is_trial":false,"path_per_floor":["M","M","?","?","?","R","M","R","T","M","M","E","?","E","R","B",null,"M","?","?","$","M","R","E","R","T","R","$","E","?","M","R","B"],"character_chosen":"IRONCLAD","items_purchased":["Shrug It Off","Energy Potion","Blue Candle"],"campfire_rested":3,"item_purchase_floors":[21,21,28],"current_hp_per_floor":[74,75,75,75,75,75,75,75,75,70,75,14,14,11,33,8,58,42,42,42,42,35,57,14,14,14,14,14,25,25,22,44,0],"gold":87,"neow_bonus":"ONE_RANDOM_RARE_CARD","is_prod":false,"is_daily":false,"chose_seed":false,"campfire_upgraded":4,"win_rate":0,"timestamp":1555044764,"path_taken":["M","M","?","?","?","R","M","R","T","?","M","E","?","E","R","BOSS","M","?","?","$","M","R","E","R","T","R","$","E","?","M","R","BOSS"],"build_version":"2019-01-23","purchased_purges":1,"victory":false,"max_hp_per_floor":[75,75,75,75,75,75,75,75,75,75,75,75,75,75,75,75,75,75,75,75,75,75,75,75,75,75,75,75,75,75,75,75,75],"card_choices":[{"not_picked":["Infernal Blade","Iron Wave","Clothesline"],"picked":"SKIP","floor":1},{"not_picked":["Sword Boomerang","Infernal Blade"],"picked":"Immolate","floor":2},{"not_picked":["Headbutt","Corruption"],"picked":"Shrug It Off","floor":7},{"not_picked":["Twin Strike","Flex","Anger"],"picked":"SKIP","floor":10},{"not_picked":["Searing Blow","Shrug It Off"],"picked":"True Grit","floor":11},{"not_picked":["Reckless Charge","Berserk","Blood for Blood"],"picked":"SKIP","floor":12},{"not_picked":["Shrug It Off","Dropkick"],"picked":"Entrench","floor":14},{"not_picked":["Limit Break","Feed"],"picked":"Reaper","floor":16},{"not_picked":["Pommel Strike","Body Slam","Sword Boomerang"],"picked":"SKIP","floor":18},{"not_picked":["Spot Weakness","Wild Strike","Clothesline+1"],"picked":"SKIP","floor":22},{"not_picked":["Thunderclap","Headbutt"],"picked":"Battle Trance","floor":24},{"not_picked":["Immolate","Heavy Blade+1","Iron Wave"],"picked":"SKIP","floor":29},{"not_picked":["Inflame","Burning Pact"],"picked":"Shrug It Off","floor":31}],"player_experience":3075711,"relics_obtained":[{"floor":9,"key":"Bronze Scales"},{"floor":12,"key":"Happy Flower"},{"floor":14,"key":"Juzu Bracelet"},{"floor":24,"key":"Ancient Tea Set"},{"floor":26,"key":"Pen Nib"},{"floor":29,"key":"Bag of Marbles"}],"event_choices":[{"cards_removed":["Strike_R"],"damage_healed":0,"gold_gain":0,"player_choice":"Card Removal","damage_taken":0,"max_hp_gain":0,"max_hp_loss":0,"event_name":"The Cleric","floor":3,"gold_loss":75},{"damage_healed":0,"gold_gain":150,"player_choice":"AGREE","damage_taken":0,"max_hp_gain":0,"max_hp_loss":0,"event_name":"Liars Game","floor":4,"gold_loss":0,"cards_obtained":["Doubt"]},{"damage_healed":0,"gold_gain":0,"player_choice":"Rummage","damage_taken":0,"relics_obtained":["WarpedTongs"],"max_hp_gain":0,"max_hp_loss":0,"event_name":"Accursed Blacksmith","floor":5,"gold_loss":0,"cards_obtained":["Pain"]},{"damage_healed":0,"gold_gain":0,"player_choice":"Ignored","damage_taken":0,"max_hp_gain":0,"max_hp_loss":0,"event_name":"Shining Light","floor":13,"gold_loss":0},{"damage_healed":0,"gold_gain":0,"player_choice":"Ignored","damage_taken":0,"max_hp_gain":0,"max_hp_loss":0,"event_name":"N\u0027loth","floor":19,"gold_loss":0},{"damage_healed":0,"gold_gain":0,"player_choice":"Ignored","damage_taken":0,"max_hp_gain":0,"max_hp_loss":0,"event_name":"The Mausoleum","floor":20,"gold_loss":0},{"damage_healed":0,"gold_gain":0,"player_choice":"Stole Relic","damage_taken":0,"relics_obtained":["Lantern"],"max_hp_gain":0,"max_hp_loss":0,"event_name":"Addict","floor":30,"gold_loss":0,"cards_obtained":["Shame"]}],"is_beta":false,"boss_relics":[{"not_picked":["Calling Bell","Runic Pyramid"],"picked":"Velvet Choker"}],"items_purged_floors":[21],"is_endless":false,"potions_floor_spawned":[1,7,14,16,24,29],"killed_by":"Collector","ascension_level":20}