{"path_per_floor":["M","M","M","M","M","R","E","R","T","M","M","R","M","?","R","B",null,"M","?","M","$","M","R","M"],"character_chosen":"IRONCLAD","items_purchased":["Apotheosis","Flex"],"gold_per_floor":[119,134,150,160,178,178,241,241,287,304,314,314,325,325,325,426,426,440,440,451,125,137,137,153],"floor_reached":25,"campfire_rested":0,"playtime":2682,"current_hp_per_floor":[72,78,82,86,75,75,75,75,75,76,70,70,68,61,61,31,87,73,58,54,54,38,38,28],"items_purged":["Strike_R"],"gold":153,"play_id":"c045508b-6a96-474a-b8a9-56e28bce366f","is_prod":false,"is_daily":false,"is_ascension_mode":false,"campfire_upgraded":5,"path_taken":["M","M","?","M","M","R","E","R","T","M","M","R","M","?","R","BOSS","M","?","M","$","M","R","M","E"],"build_version":"2018-02-01-PROD3","purchased_purges":1,"victory":false,"master_deck":["Strike_R","Strike_R","Strike_R","Defend_R","Defend_R","Defend_R","Defend_R","Bash+1","Clash","Bloodletting","Iron Wave+1","Warcry+1","Armaments+1","Cleave","Rupture","Warcry","Brutality+1","Heavy Blade+1","Headbutt+1","Apotheosis","Flex","Flame Barrier+1","Flex"],"max_hp_per_floor":[87,87,87,87,87,87,87,87,87,87,87,87,87,87,87,87,87,87,92,92,92,92,92,92],"relics":["Burning Blood","Strawberry","Tiny Chest","Regal Pillow","Cursed Key"],"card_choices":[{"not_picked":["True Grit","Havoc"],"picked":"Clash"},{"not_picked":["Rage","Infernal Blade"],"picked":"Bloodletting"},{"not_picked":["Perfected Strike","Sword Boomerang"],"picked":"Iron Wave"},{"not_picked":["Fire Breathing","Sword Boomerang"],"picked":"Warcry"},{"not_picked":["Power Through","Dark Embrace"],"picked":"Armaments"},{"not_picked":["Anger","Armaments"],"picked":"Cleave"},{"not_picked":["Feel No Pain","Twin Strike"],"picked":"Rupture"},{"not_picked":["Body Slam","Pommel Strike"],"picked":"Warcry"},{"not_picked":["Feed","Dark Embrace"],"picked":"Brutality"},{"not_picked":["Body Slam","Armaments"],"picked":"Heavy Blade"},{"not_picked":["Metallicize","Rampage"],"picked":"Headbutt"},{"not_picked":["Bludgeon","Sword Boomerang"],"picked":"Flame Barrier"},{"not_picked":["Twin Strike","Perfected Strike"],"picked":"Flex"}],"player_experience":101000,"potions_floor_usage":[7,16,18,22,22],"damage_taken":[{"damage":21,"enemies":"Blue Slaver","floor":1,"turns":4},{"damage":0,"enemies":"Jaw Worm","floor":2,"turns":3},{"damage":2,"enemies":"Small Slimes","floor":3,"turns":3},{"damage":2,"enemies":"Exordium Wildlife","floor":4,"turns":4},{"damage":17,"enemies":"Large Slime","floor":5,"turns":6},{"damage":6,"enemies":"3 Sentries","floor":7,"turns":6},{"damage":5,"enemies":"Looter","floor":10,"turns":3},{"damage":12,"enemies":"3 Louse","floor":11,"turns":3},{"damage":8,"enemies":"Lots of Slimes","floor":13,"turns":4},{"damage":36,"enemies":"Hexaghost","floor":16,"turns":9},{"damage":20,"enemies":"2 Thieves","floor":18,"turns":4},{"damage":10,"enemies":"Shell Parasite","floor":20,"turns":5},{"damage":22,"enemies":"Centurion and Healer","floor":22,"turns":6},{"damage":16,"enemies":"Snake Plant","floor":24,"turns":4},{"damage":39,"enemies":"Gremlin Leader","floor":25,"turns":4}],"event_choices":[{"event_name":"Golden Wing","player_choice":"Card Removal","floor":14,"damage_taken":0},{"event_name":"Forgotten Altar","player_choice":"Shed Blood","floor":19,"damage_taken":0}],"boss_relics":[{"not_picked":["Tiny House","Orrery"],"picked":"Cursed Key"}],"potions_floor_spawned":[2,5,11,13,16,18,20],"seed_played":"-3802150141033561135","killed_by":"Gremlin Leader","ascension_level":0,"is_trial":false}