{"gold_per_floor":[115,31,31,31,41,41,73,73,73,85,85,103,158,176,176,280,280,268,32,32,32,42,42,42],"floor_reached":24,"playtime":1298,"items_purged":[],"score":301,"play_id":"320a09f0-2642-4dde-9950-86ad56c3ebc9","local_time":"20180902162913","is_ascension_mode":true,"campfire_choices":[{"floor":6,"key":"REST"},{"floor":8,"key":"REST"},{"data":"Hello World","floor":11,"key":"SMITH"},{"floor":15,"key":"REST"},{"floor":23,"key":"REST"}],"neow_cost":"NONE","seed_source_timestamp":1548237534837980,"circlet_count":0,"master_deck":["Strike_B","Strike_B","Strike_B","Defend_B","Defend_B","Defend_B","Defend_B","Zap","Dualcast","AscendersBane","Hello World+1","Auto Shields","Conserve Battery","Rebound","Conserve Battery","White Noise","Machine Learning","Cold Snap","Creative AI","Double Energy"],"relics":["Cracked Core","Orichalcum","Mercury Hourglass","Gremlin Horn","Black Star"],"potions_floor_usage":[7,13,16,18,22,22],"damage_taken":[{"damage":8,"enemies":"Small Slimes","floor":1,"turns":3},{"damage":1,"enemies":"Cultist","floor":5,"turns":3},{"damage":29,"enemies":"3 Sentries","floor":7,"turns":6},{"damage":0,"enemies":"2 Louse","floor":10,"turns":2},{"damage":8,"enemies":"Exordium Wildlife","floor":12,"turns":6},{"damage":14,"enemies":"Gremlin Nob","floor":13,"turns":4},{"damage":0,"enemies":"Looter","floor":14,"turns":3},{"damage":38,"enemies":"Slime Boss","floor":16,"turns":11},{"damage":26,"enemies":"2 Thieves","floor":18,"turns":4},{"damage":2,"enemies":"Shell Parasite","floor":22,"turns":7},{"damage":88,"enemies":"Book of Stabbing","floor":24,"turns":7}],"seed_played":"-3016591412525692505","potions_obtained":[{"floor":10,"key":"LiquidBronze"},{"floor":12,"key":"Weak Potion"},{"floor":13,"key":"Energy Potion"},{"floor":18,"key":"FocusPotion"}],"is_trial":false,"path_per_floor":["M","$","?","$","M","R","E","R","T","M","R","M","?","M","R","B",null,"M","$","?","?","M","R"],"character_chosen":"DEFECT","items_purchased":["Hello World","PowerPotion","Creative AI","Regen Potion"],"campfire_rested":4,"item_purchase_floors":[2,2,19,19],"current_hp_per_floor":[67,67,67,67,66,82,53,77,77,77,77,69,55,55,79,41,72,53,53,53,53,66,82,0],"gold":42,"neow_bonus":"TEN_PERCENT_HP_BONUS","is_prod":false,"is_daily":false,"chose_seed":false,"campfire_upgraded":1,"win_rate":0,"timestamp":1535894953,"path_taken":["M","$","?","$","M","R","E","R","T","M","R","M","?","M","R","BOSS","M","$","?","?","M","R","E"],"build_version":"2018-08-30","purchased_purges":0,"victory":false,"max_hp_per_floor":[82,82,82,82,82,82,82,82,82,82,82,82,82,82,82,82,82,82,82,82,82,82,82,82],"card_choices":[{"not_picked":["Coolheaded","Sweeping Beam","Hologram"],"picked":"SKIP","floor":1},{"not_picked":["Blizzard","Redo"],"picked":"Auto Shields","floor":5},{"not_picked":["Sweeping Beam","Turbo","Streamline"],"picked":"SKIP","floor":7},{"not_picked":["Stack","Undo"],"picked":"Conserve Battery","floor":10},{"not_picked":["Hologram","Reprogram"],"picked":"Rebound","floor":12},{"not_picked":["Hologram","Gash"],"picked":"Conserve Battery","floor":13},{"not_picked":["Barrage","Stack"],"picked":"White Noise","floor":14},{"not_picked":["Seek","All For One"],"picked":"Machine Learning","floor":16},{"not_picked":["Sweeping Beam","Hologram"],"picked":"Cold Snap","floor":18},{"not_picked":["Beam Cell","Cold Snap"],"picked":"Double Energy","floor":22}],"player_experience":670650,"relics_obtained":[{"floor":7,"key":"Orichalcum"},{"floor":9,"key":"Mercury Hourglass"},{"floor":13,"key":"Gremlin Horn"}],"event_choices":[{"event_name":"Bonfire Elementals","player_choice":"BASIC","floor":3,"damage_taken":0},{"event_name":"Dead Adventurer","player_choice":"Searched \u00272\u0027 times","floor":13,"damage_taken":0},{"event_name":"The Lab","player_choice":"Got Potions","floor":20,"damage_taken":0},{"event_name":"N\u0027loth","player_choice":"Ignored","floor":21,"damage_taken":0}],"is_beta":false,"boss_relics":[{"not_picked":["Calling Bell","Velvet Choker"],"picked":"Black Star"}],"items_purged_floors":[],"is_endless":false,"potions_floor_spawned":[10,12,13,14,16,18],"killed_by":"Book of Stabbing","ascension_level":11}