{"gold_per_floor":[111,27,38,56,56,56,88,88,140,12,12,42,42,52,52,52],"floor_reached":16,"playtime":383,"items_purged":["Strike_R"],"score":266,"play_id":"f30c66f4-8726-4394-b552-795deeb0fa60","local_time":"20190323185923","is_ascension_mode":true,"campfire_choices":[{"data":"Whirlwind","floor":6,"key":"SMITH"},{"floor":8,"key":"REST"},{"data":"Body Slam","floor":13,"key":"SMITH"},{"data":"True Grit","floor":15,"key":"SMITH"}],"neow_cost":"NONE","seed_source_timestamp":1628528959900,"circlet_count":0,"master_deck":["AscendersBane","Strike_R","Strike_R","Defend_R","Defend_R","Defend_R","Defend_R","Bash","Body Slam+1","Whirlwind+1","Entrench","True Grit+1","Inflame","Entrench"],"relics":["Burning Blood","Lantern","PreservedInsect","Red Skull","Anchor"],"potions_floor_usage":[7,16,16],"damage_taken":[{"damage":12,"enemies":"2 Louse","floor":1,"turns":3},{"damage":6,"enemies":"Cultist","floor":3,"turns":3},{"damage":0,"enemies":"Small Slimes","floor":4,"turns":2},{"damage":50,"enemies":"Gremlin Nob","floor":7,"turns":5},{"damage":0,"enemies":"3 Sentries","floor":12,"turns":4},{"damage":8,"enemies":"Exordium Thugs","floor":14,"turns":3},{"damage":55,"enemies":"Slime Boss","floor":16,"turns":7}],"seed_played":"6298678887896360857","potions_obtained":[{"floor":4,"key":"Weak Potion"},{"floor":12,"key":"SpeedPotion"}],"is_trial":false,"path_per_floor":["M","$","M","M","?","R","E","R","T","$","?","E","R","M","R","B"],"character_chosen":"IRONCLAD","items_purchased":["Whirlwind","PowerPotion"],"campfire_rested":1,"item_purchase_floors":[2,10],"current_hp_per_floor":[62,62,62,68,61,61,17,39,39,39,39,45,45,43,43,0],"gold":52,"neow_bonus":"RANDOM_COMMON_RELIC","is_prod":false,"is_daily":false,"chose_seed":false,"campfire_upgraded":3,"win_rate":0,"timestamp":1553335163,"path_taken":["M","$","M","M","?","R","E","R","T","$","?","E","R","?","R","BOSS"],"build_version":"2019-01-23","purchased_purges":1,"victory":false,"max_hp_per_floor":[75,75,75,75,75,75,75,75,75,75,75,75,75,75,75,75],"card_choices":[{"not_picked":["Cleave","Burning Pact"],"picked":"Body Slam","floor":1},{"not_picked":["Clothesline","Pommel Strike"],"picked":"Entrench","floor":3},{"not_picked":["Bloodletting","Body Slam","Perfected Strike"],"picked":"SKIP","floor":4},{"not_picked":["Rage","Sword Boomerang"],"picked":"True Grit","floor":7},{"not_picked":["Perfected Strike","Flex"],"picked":"Inflame","floor":12},{"not_picked":["Twin Strike","Flex"],"picked":"Entrench","floor":14}],"player_experience":2509348,"relics_obtained":[{"floor":7,"key":"PreservedInsect"},{"floor":9,"key":"Red Skull"},{"floor":12,"key":"Anchor"}],"event_choices":[{"cards_removed":["Strike_R"],"damage_healed":0,"gold_gain":0,"player_choice":"Card Removal","damage_taken":7,"max_hp_gain":0,"max_hp_loss":0,"event_name":"Golden Wing","floor":5,"gold_loss":0},{"cards_removed":["Strike_R"],"damage_healed":0,"gold_gain":0,"player_choice":"Offered Basic","damage_taken":0,"max_hp_gain":0,"max_hp_loss":0,"event_name":"Bonfire Elementals","floor":11,"gold_loss":0}],"is_beta":false,"boss_relics":[],"items_purged_floors":[10],"is_endless":false,"potions_floor_spawned":[4,12],"killed_by":"Slime Boss","ascension_level":20}