{"gold_per_floor":[113,125,44,63,63,63,94,29,29,29,40,5,32,44,56,68],"floor_reached":16,"playtime":994,"items_purged":[],"score":173,"play_id":"d3104b7d-79a6-4089-acd8-b90999416785","local_time":"20181012120837","is_ascension_mode":true,"campfire_choices":[{"data":"Zap","floor":6,"key":"SMITH"},{"data":"Defragment","floor":10,"key":"SMITH"},{"data":"Chill","floor":15,"key":"SMITH"}],"neow_cost":"TEN_PERCENT_HP_LOSS","seed_source_timestamp":1450542819640098,"circlet_count":0,"master_deck":["Strike_B","Strike_B","Strike_B","Defend_B","Defend_B","Defend_B","Zap+1","Dualcast","AscendersBane","Chill+1","Blizzard","Genetic Algorithm","Ball Lightning","Defragment+1","Compile Driver","Core Surge"],"special_seed":0,"relics":["Cracked Core","The Courier","Smiling Mask","MawBank"],"potions_floor_usage":[16],"damage_taken":[{"damage":3,"enemies":"Small Slimes","floor":1,"turns":4},{"damage":0,"enemies":"Cultist","floor":2,"turns":4},{"damage":2,"enemies":"2 Louse","floor":4,"turns":2},{"damage":30,"enemies":"3 Sentries","floor":7,"turns":10},{"damage":9,"enemies":"Exordium Thugs","floor":11,"turns":4},{"damage":17,"enemies":"Gremlin Nob","floor":13,"turns":4},{"damage":25,"enemies":"Hexaghost","floor":16,"turns":9}],"seed_played":"-263149182025860575","potions_obtained":[{"floor":1,"key":"Poison Potion"},{"floor":2,"key":"SpeedPotion"},{"floor":11,"key":"Strength Potion"}],"is_trial":false,"path_per_floor":["M","M","$","M","?","R","E","$","T","R","M","?","E","?","R"],"character_chosen":"DEFECT","items_purchased":["Blizzard","Defragment"],"campfire_rested":0,"item_purchase_floors":[3,8],"current_hp_per_floor":[65,65,65,63,63,63,33,33,33,33,24,41,24,24,24,0],"gold":68,"neow_bonus":"REMOVE_TWO","is_prod":false,"is_daily":false,"chose_seed":false,"campfire_upgraded":3,"win_rate":0,"timestamp":1539317317,"path_taken":["M","M","$","M","?","R","E","?","T","R","M","?","E","?","R","BOSS"],"build_version":"2018-10-10","purchased_purges":0,"victory":false,"max_hp_per_floor":[68,68,68,68,68,68,68,68,68,68,68,68,68,68,68,68],"card_choices":[{"not_picked":["Melter","Double Energy"],"picked":"Chill","floor":1},{"not_picked":["Steam","Beam Cell","Double Energy"],"picked":"SKIP","floor":2},{"not_picked":["Heatsinks","Doom and Gloom"],"picked":"Genetic Algorithm","floor":4},{"not_picked":["Streamline","Storm"],"picked":"Ball Lightning","floor":7},{"not_picked":["Genetic Algorithm","All For One"],"picked":"Compile Driver","floor":11},{"not_picked":["Coolheaded","Leap"],"picked":"Core Surge","floor":13}],"player_experience":490063,"relics_obtained":[{"floor":7,"key":"The Courier"},{"floor":9,"key":"Smiling Mask"},{"floor":13,"key":"MawBank"}],"event_choices":[{"event_name":"Match and Keep!","player_choice":"0 cards matched","floor":5,"damage_taken":0},{"event_name":"The Cleric","player_choice":"Healed","floor":12,"damage_taken":0},{"event_name":"Liars Game","player_choice":"disagreed","floor":14,"damage_taken":0}],"is_beta":true,"boss_relics":[],"items_purged_floors":[],"is_endless":false,"potions_floor_spawned":[1,2,11],"killed_by":"Hexaghost","ascension_level":12}