{"gold_per_floor":[99,99,99,1,1,1,1,1,1,1,1,1,1,1,1,1,1,1,1,1,1,1,1,1,1,1,1,1,1,1,1,1,1,1,1,1,1,1,1,1,1,1,1,1,1,1,1,1,1,1,1,1,1,1,1],"floor_reached":55,"playtime":2594,"items_purged":[],"score":2083,"play_id":"9eba66e3-749e-474c-8e4f-88d28f53b9d0","local_time":"20190404141109","is_ascension_mode":true,"campfire_choices":[{"data":"Consume","floor":6.0,"key":"SMITH"},{"floor":13.0,"key":"REST"},{"data":"Sunder","floor":15.0,"key":"SMITH"},{"data":"Fission","floor":23.0,"key":"SMITH"},{"data":"Defragment","floor":27.0,"key":"SMITH"},{"data":"Capacitor","floor":29.0,"key":"SMITH"},{"data":"Seek","floor":32.0,"key":"SMITH"},{"floor":41,"key":"RECALL"},{"data":"Loop","floor":45,"key":"SMITH"},{"data":"Hologram","floor":47,"key":"SMITH"},{"data":"Coolheaded","floor":49,"key":"SMITH"},{"data":"Reboot","floor":53,"key":"SMITH"}],"neow_cost":"NONE","seed_source_timestamp":527231246152500,"circlet_count":0,"master_deck":["AscendersBane","Dualcast","Ball Lightning","Reboot","Capacitor+1","Consume+1","Sunder+1","Reinforced Body","Decay","Reboot+1","FTL","Echo Form","Fission+1","Ball Lightning","Leap","Force Field","Leap","Chill","Defragment+1","Cold Snap","Seek+1","Ghostly","Ghostly","Ghostly","Coolheaded+1","Core Surge","Force Field+1","Echo Form","Ball Lightning+1","Meteor Strike+1","Self Repair+1","Coolheaded+1","Hologram+1","Loop+1","Conserve Battery+1"],"special_seed":0,"relics":["Ectoplasm","Golden Idol","Incense Burner","Turnip","Potion Belt","Pandora\u0027s Box","Pear","Astrolabe","Nunchaku","Orichalcum","Blood Vial","Ginger","Emotion Chip"],"potions_floor_usage":[50],"damage_taken":[{"damage":8.0,"enemies":"Small Slimes","floor":1.0,"turns":4.0},{"damage":0.0,"enemies":"Cultist","floor":5.0,"turns":3.0},{"damage":0.0,"enemies":"Gremlin Nob","floor":7.0,"turns":2.0},{"damage":7.0,"enemies":"Jaw Worm","floor":8.0,"turns":2.0},{"damage":15.0,"enemies":"3 Sentries","floor":10.0,"turns":6.0},{"damage":19.0,"enemies":"Slime Boss","floor":16.0,"turns":8.0},{"damage":19.0,"enemies":"Shell Parasite","floor":18.0,"turns":5.0},{"damage":0.0,"enemies":"3 Byrds","floor":20.0,"turns":6.0},{"damage":0.0,"enemies":"Sentry and Sphere","floor":25.0,"turns":6.0},{"damage":3.0,"enemies":"Slavers","floor":30.0,"turns":5.0},{"damage":0.0,"enemies":"Centurion and Healer","floor":31.0,"turns":5.0},{"damage":20,"enemies":"Automaton","floor":33,"turns":12},{"damage":1,"enemies":"Orb Walker","floor":35,"turns":7},{"damage":6,"enemies":"3 Darklings","floor":36,"turns":7},{"damage":0,"enemies":"Mind Bloom Boss Battle","floor":38,"turns":8},{"damage":0,"enemies":"Maw","floor":39,"turns":8},{"damage":0,"enemies":"Giant Head","floor":40,"turns":10},{"damage":0,"enemies":"Jaw Worm Horde","floor":42,"turns":6},{"damage":0,"enemies":"Reptomancer","floor":44,"turns":6},{"damage":0,"enemies":"Nemesis","floor":46,"turns":9},{"damage":12,"enemies":"Writhing Mass","floor":48,"turns":6},{"damage":14,"enemies":"Donu and Deca","floor":50,"turns":12},{"damage":16,"enemies":"Awakened One","floor":51,"turns":14},{"damage":43,"enemies":"Shield and Spear","floor":55,"turns":11}],"seed_played":"-6429151378683806974","potions_obtained":[{"floor":8.0,"key":"SteroidPotion"},{"floor":10.0,"key":"Explosive Potion"},{"floor":16.0,"key":"EssenceOfSteel"},{"floor":18.0,"key":"AttackPotion"},{"floor":20.0,"key":"Ancient Potion"},{"floor":30.0,"key":"Dexterity Potion"},{"floor":36,"key":"Explosive Potion"},{"floor":48,"key":"Block Potion"}],"is_trial":false,"path_per_floor":["M","?","?","$","M","R","E","M","T","E","?","?","R","$","R","B",null,"M","?","M","?","?","R","?","M","T","R","$","R","E","M","R","B",null,"M","M","$","?","M","E","R","M","T","E","R","E","R","M","R","B","B",null,"R","$","E"],"character_chosen":"DEFECT","items_purchased":["Capacitor","AttackPotion"],"campfire_rested":1,"item_purchase_floors":[4,4],"current_hp_per_floor":[56,56,56,56,56,56,56,49,49,34,8,8,27,27,27,8,50,31,31,31,31,31,31,31,31,31,31,31,31,38,38,38,18,36,42,42,42,42,42,42,42,42,42,42,42,42,42,30,30,38,42,42,42,42,0],"gold":1,"neow_bonus":"BOSS_RELIC","is_prod":false,"is_daily":false,"chose_seed":false,"campfire_upgraded":10,"win_rate":0,"timestamp":1554354669,"path_taken":["M","?","?","$","?","R","E","M","T","E","?","?","R","$","R","BOSS","M","?","?","?","?","R","?","M","T","R","?","R","E","M","R","BOSS","M","?","?","?","M","E","R","M","T","E","R","E","R","M","R","BOSS","BOSS","R","$","E"],"build_version":"2019-01-23","purchased_purges":0,"victory":false,"max_hp_per_floor":[71,64,64,64,64,64,64,64,64,64,64,64,64,64,64,64,64,64,64,64,64,64,64,32,32,32,32,32,32,42,42,42,42,42,42,42,42,42,42,42,42,42,42,42,42,42,42,42,42,42,42,42,42,42,42],"card_choices":[{"not_picked":["Double Energy","Beam Cell"],"picked":"Ball Lightning","floor":1.0},{"not_picked":["Ball Lightning","Barrage"],"picked":"Consume","floor":5.0},{"not_picked":["Rip and Tear","Gash"],"picked":"Sunder","floor":7.0},{"not_picked":["Static Discharge","Compile Driver"],"picked":"Reinforced Body","floor":8.0},{"not_picked":["Aggregate","Scrape"],"picked":"White Noise","floor":10.0},{"not_picked":["All For One","Fission"],"picked":"Reboot","floor":16.0},{"not_picked":["Force Field","Rebound"],"picked":"Chill","floor":18.0},{"not_picked":["Turbo","Sweeping Beam"],"picked":"Cold Snap","floor":20.0},{"not_picked":["FTL","Sweeping Beam"],"picked":"Coolheaded","floor":25.0},{"not_picked":["Redo","Double Energy"],"picked":"Core Surge","floor":30.0},{"not_picked":["BootSequence","Static Discharge"],"picked":"Force Field+1","floor":31.0},{"not_picked":["Meteor Strike","All For One"],"picked":"Echo Form","floor":33},{"not_picked":["Compile Driver","Skim+1","Beam Cell"],"picked":"SKIP","floor":35},{"not_picked":["Go for the Eyes","Beam Cell"],"picked":"Coolheaded+1","floor":36},{"not_picked":["Go for the Eyes+1","BootSequence"],"picked":"Hologram","floor":39},{"not_picked":["BootSequence","Beam Cell+1","Hologram"],"picked":"SKIP","floor":40},{"not_picked":["Streamline","Stack+1","Skim+1"],"picked":"SKIP","floor":42},{"not_picked":["Melter","Defragment"],"picked":"Loop","floor":44},{"not_picked":["Heatsinks+1","Self Repair+1","Scrape"],"picked":"SKIP","floor":46},{"not_picked":["Rebound","Go for the Eyes"],"picked":"Conserve Battery+1","floor":48}],"player_experience":2859658,"relics_obtained":[{"floor":7.0,"key":"Incense Burner"},{"floor":9.0,"key":"Turnip"},{"floor":10.0,"key":"Potion Belt"},{"floor":30.0,"key":"Pear"},{"floor":38,"key":"Nunchaku"},{"floor":40,"key":"Orichalcum"},{"floor":43,"key":"Blood Vial"},{"floor":44,"key":"Ginger"},{"floor":46,"key":"Emotion Chip"}],"event_choices":[{"damage_healed":0.0,"max_hp_gain":0.0,"max_hp_loss":7.0,"gold_gain":0.0,"event_name":"Golden Idol","player_choice":"Lose Max HP","floor":2.0,"gold_loss":0.0,"damage_taken":0.0,"relics_obtained":["Golden Idol"]},{"damage_healed":0.0,"max_hp_gain":0.0,"max_hp_loss":0.0,"gold_gain":0.0,"event_name":"Match and Keep!","player_choice":"2 cards matched","floor":3.0,"gold_loss":0.0,"damage_taken":0.0,"cards_obtained":["Sunder","Reboot"]},{"damage_healed":0.0,"max_hp_gain":0.0,"max_hp_loss":0.0,"gold_gain":0.0,"event_name":"Scrap Ooze","player_choice":"Fled","floor":11.0,"gold_loss":0.0,"damage_taken":26.0},{"damage_healed":0.0,"max_hp_gain":0.0,"max_hp_loss":0.0,"gold_gain":0.0,"event_name":"Wheel of Change","player_choice":"Cursed","floor":12.0,"gold_loss":0.0,"damage_taken":0.0,"cards_obtained":["Decay"]},{"damage_healed":0.0,"max_hp_gain":0.0,"max_hp_loss":0.0,"gold_gain":0.0,"event_name":"Match and Keep!","player_choice":"1 cards matched","floor":19.0,"gold_loss":0.0,"damage_taken":0.0,"cards_obtained":["Defragment"]},{"damage_healed":0.0,"max_hp_gain":0.0,"max_hp_loss":0.0,"gold_gain":0.0,"cards_transformed":["Sunder","Heatsinks"],"event_name":"Drug Dealer","player_choice":"Became Test Subject","floor":22.0,"gold_loss":0.0,"damage_taken":0.0,"cards_obtained":["Aggregate","Seek"]},{"damage_healed":0.0,"max_hp_gain":0.0,"max_hp_loss":32.0,"gold_gain":0.0,"event_name":"Ghosts","player_choice":"Became a Ghost","floor":24.0,"gold_loss":0.0,"damage_taken":0.0,"cards_obtained":["Ghostly","Ghostly","Ghostly"]},{"damage_healed":0,"gold_gain":0,"player_choice":"Fight","damage_taken":0,"max_hp_gain":0,"max_hp_loss":0,"event_name":"MindBloom","floor":38,"gold_loss":0}],"is_beta":false,"boss_relics":[{"not_picked":["White Beast Statue","Cursed Key"],"picked":"Pandora\u0027s Box"},{"not_picked":["Busted Crown","Coffee Dripper"],"picked":"Astrolabe"}],"items_purged_floors":[],"is_endless":false,"potions_floor_spawned":[8,10,16,18,20,30,36,39,46,48],"killed_by":"Shield and Spear","ascension_level":20}