{"gold_per_floor":[116,116,128,51,126,156,156,156,183,217,233,260,280,280,280,358,358,368,28,28,47,317,317,351,379,391,433,445,477,79,90,90,167,167,167],"floor_reached":35,"playtime":1579,"items_purged":["Strike_R"],"score":926,"play_id":"4adea7a1-39f0-41eb-a9a4-077c592f9902","local_time":"20190313204012","is_ascension_mode":true,"campfire_choices":[{"data":"Bash","floor":8,"key":"SMITH"},{"data":"Combust","floor":15,"key":"SMITH"},{"data":"Fiend Fire","floor":23,"key":"SMITH"},{"data":"Corruption","floor":28,"key":"SMITH"},{"data":"Evolve","floor":32,"key":"SMITH"}],"neow_cost":"NONE","seed_source_timestamp":381983006744900,"circlet_count":0,"master_deck":["AscendersBane","Strike_R","Strike_R","Strike_R","Defend_R","Defend_R","Defend_R","Defend_R","Bash+1","Shrug It Off","Offering","Evolve+1","Shrug It Off","Combust+1","Fiend Fire+1","Corruption+1","Ghostly","Ghostly","Ghostly","Evolve","Reaper","Expertise","Juggernaut"],"relics":["Burning Blood","NeowsBlessing","Regal Pillow","Centennial Puzzle","Mummified Hand","Bronze Scales","Mark of Pain","Potion Belt","MawBank","Dodecahedron","Dream Catcher","PrismaticShard","Snecko Eye"],"potions_floor_usage":[12,12,24,25,27,33,33,33,33],"damage_taken":[{"damage":0,"enemies":"Jaw Worm","floor":1,"turns":1},{"damage":0,"enemies":"Cultist","floor":3,"turns":1},{"damage":0,"enemies":"3 Sentries","floor":6,"turns":2},{"damage":42,"enemies":"Lagavulin","floor":10,"turns":6},{"damage":6,"enemies":"2 Louse","floor":11,"turns":2},{"damage":15,"enemies":"3 Sentries","floor":12,"turns":6},{"damage":8,"enemies":"2 Fungi Beasts","floor":13,"turns":3},{"damage":58,"enemies":"Slime Boss","floor":16,"turns":9},{"damage":27,"enemies":"Spheric Guardian","floor":18,"turns":4},{"damage":6,"enemies":"Shell Parasite","floor":21,"turns":1},{"damage":1,"enemies":"Gremlin Leader","floor":24,"turns":3},{"damage":13,"enemies":"Snecko","floor":25,"turns":5},{"damage":9,"enemies":"Book of Stabbing","floor":27,"turns":5},{"damage":3,"enemies":"Cultist and Chosen","floor":29,"turns":4},{"damage":3,"enemies":"Chosen and Byrds","floor":31,"turns":5},{"damage":28,"enemies":"Champ","floor":33,"turns":17},{"damage":34,"enemies":"3 Darklings","floor":35,"turns":4}],"seed_played":"7559573729013977418","potions_obtained":[{"floor":1,"key":"Dexterity Potion"},{"floor":3,"key":"FearPotion"},{"floor":11,"key":"SteroidPotion"},{"floor":21,"key":"Poison Potion"},{"floor":25,"key":"Regen Potion"},{"floor":27,"key":"Energy Potion"},{"floor":29,"key":"EssenceOfSteel"},{"floor":33,"key":"Weak Potion"}],"is_trial":false,"path_per_floor":["M","?","M","$","?","E","?","R","T","E","M","E","M","?","R","B",null,"M","$","?","M","?","R","E","M","T","E","R","M","$","M","R","B",null,"M"],"character_chosen":"IRONCLAD","items_purchased":["Offering","Potion Belt","Swift Potion","Corruption","PowerPotion","PrismaticShard","Energy Potion","Reaper"],"campfire_rested":0,"item_purchase_floors":[4,19,19,19,30,30,30,30],"current_hp_per_floor":[74,74,75,75,64,70,70,70,70,34,34,25,23,75,75,23,62,41,41,37,37,13,13,18,11,11,22,22,25,25,32,32,16,32,10],"gold":167,"neow_bonus":"THREE_ENEMY_KILL","is_prod":false,"is_daily":false,"chose_seed":false,"campfire_upgraded":5,"win_rate":0,"timestamp":1552477212,"path_taken":["M","?","?","?","?","E","?","R","T","E","M","E","M","?","R","BOSS","M","$","?","M","?","R","E","M","T","E","R","M","$","?","R","BOSS","M"],"build_version":"2019-01-23","purchased_purges":1,"victory":false,"max_hp_per_floor":[75,75,75,75,75,75,75,75,75,75,75,75,75,75,75,75,75,75,75,37,37,37,37,37,37,37,37,37,37,37,37,37,37,37,37],"card_choices":[{"not_picked":["Havoc","Anger"],"picked":"Dropkick","floor":1},{"not_picked":["Clothesline","Body Slam"],"picked":"Shrug It Off","floor":3},{"not_picked":["Sever Soul","Bloodletting"],"picked":"Evolve","floor":6},{"not_picked":["Searing Blow","Perfected Strike"],"picked":"Shrug It Off","floor":10},{"not_picked":["Heavy Blade","Rupture"],"picked":"Combust","floor":11},{"not_picked":["Twin Strike","Warcry","Shrug It Off"],"picked":"SKIP","floor":12},{"not_picked":["Thunderclap","Sword Boomerang","Rage"],"picked":"SKIP","floor":13},{"not_picked":["Impervious","Offering"],"picked":"Fiend Fire","floor":16},{"not_picked":["Clash","Thunderclap","Perfected Strike"],"picked":"SKIP","floor":18},{"not_picked":["Reckless Charge","Warcry"],"picked":"Evolve","floor":21},{"not_picked":["Uppercut+1","Clothesline","Armaments"],"picked":"SKIP","floor":24},{"not_picked":["Clash","Heavy Blade","Clothesline"],"picked":"SKIP","floor":25},{"not_picked":["Rampage","Cleave+1","Hemokinesis"],"picked":"SKIP","floor":27},{"not_picked":["Havoc","Sword Boomerang","Twin Strike"],"picked":"SKIP","floor":29},{"not_picked":["Prepared","Thinking Ahead"],"picked":"Expertise","floor":31},{"not_picked":["Dark Embrace","Hyperbeam"],"picked":"Juggernaut","floor":33}],"player_experience":2245497,"relics_obtained":[{"floor":6,"key":"Regal Pillow"},{"floor":9,"key":"Centennial Puzzle"},{"floor":10,"key":"Mummified Hand"},{"floor":12,"key":"Bronze Scales"},{"floor":24,"key":"MawBank"},{"floor":26,"key":"Dodecahedron"},{"floor":27,"key":"Dream Catcher"}],"event_choices":[{"damage_healed":0,"gold_gain":0,"player_choice":"0 cards matched","damage_taken":0,"max_hp_gain":0,"max_hp_loss":0,"event_name":"Match and Keep!","floor":2,"gold_loss":0,"cards_obtained":[]},{"damage_healed":0,"gold_gain":75,"player_choice":"Gather Gold","damage_taken":11,"max_hp_gain":0,"max_hp_loss":0,"event_name":"World of Goop","floor":5,"gold_loss":0},{"cards_removed":["Strike_R"],"damage_healed":0,"gold_gain":0,"player_choice":"Forget","damage_taken":0,"max_hp_gain":0,"max_hp_loss":0,"event_name":"Living Wall","floor":7,"gold_loss":0},{"cards_removed":["Dropkick"],"damage_healed":52,"gold_gain":0,"player_choice":"Offered Uncommon","damage_taken":0,"max_hp_gain":0,"max_hp_loss":0,"event_name":"Bonfire Elementals","floor":14,"gold_loss":0},{"damage_healed":0,"gold_gain":0,"player_choice":"Became a Ghost","damage_taken":0,"max_hp_gain":0,"max_hp_loss":38,"event_name":"Ghosts","floor":20,"gold_loss":0,"cards_obtained":["Ghostly","Ghostly","Ghostly"]},{"damage_healed":0,"gold_gain":270,"player_choice":"GOLD GOLD GOLD ","damage_taken":24,"max_hp_gain":0,"max_hp_loss":0,"event_name":"Knowing Skull","floor":22,"potions_obtained":[],"gold_loss":0,"cards_obtained":[]}],"is_beta":false,"boss_relics":[{"not_picked":["Tiny House","Fusion Hammer"],"picked":"Mark of Pain"},{"not_picked":["Runic Dome","White Beast Statue"],"picked":"Snecko Eye"}],"items_purged_floors":[19],"is_endless":false,"potions_floor_spawned":[1,3,11,21,25,27,29,33],"killed_by":"3 Darklings","ascension_level":20}