{"path_per_floor":["M","M","?","M","M","E","R","E","T","?","R","?","E","$","R","B",null,"M","?","M","?","M","R","E","R","T","R","?"],"character_chosen":"IRONCLAD","items_purchased":["Rampage","Metallicize","Battle Trance"],"gold_per_floor":[119,130,130,143,162,196,196,229,229,253,253,253,284,29,29,154,154,172,172,152,152,172,172,211,211,211,211,211,211],"floor_reached":29,"campfire_rested":0,"playtime":2224,"current_hp_per_floor":[77,75,75,77,79,58,58,53,53,63,63,40,36,36,36,30,84,74,71,64,64,75,75,35,35,45,45,45,0],"items_purged":["Strike_R"],"gold":211,"score":414,"play_id":"02a47ddb-78ea-44b2-9ec4-c7f6dc37eacf","local_time":"20180503173549","is_prod":false,"is_daily":false,"chose_seed":false,"is_ascension_mode":true,"campfire_upgraded":6,"timestamp":1525340149,"path_taken":["M","M","?","M","M","E","R","E","T","?","R","?","E","$","R","BOSS","M","?","M","?","M","R","E","R","T","R","?","E"],"build_version":"2018-05-02","seed_source_timestamp":0,"purchased_purges":1,"victory":false,"master_deck":["Defend_R","Defend_R","Defend_R","Bash+1","AscendersBane","True Grit+1","Disarm","Feed+1","Metallicize+1","Pommel Strike","Cleave","Thunderclap","Barricade+1","Rampage+1","Metallicize","Battle Trance","Double Tap","Body Slam+1","Body Slam+1","True Grit+1","Bite+1","Bite+1","Bite+1","Bite+1","Bite+1","Entrench+1"],"max_hp_per_floor":[80,80,80,80,83,86,86,90,90,94,94,94,98,98,98,102,102,102,71,75,75,75,75,75,75,85,85,85,85],"relics":["Burning Blood","Dream Catcher","Oddly Smooth Stone","Orichalcum","Whetstone","Odd Mushroom","Golden Idol","Molten Egg 2","Orrery","Omamori","Pear"],"card_choices":[{"not_picked":["Cleave","Shrug It Off"],"picked":"True Grit","floor":1},{"not_picked":["Power Through","Flex"],"picked":"Disarm","floor":2},{"not_picked":["Havoc","Headbutt"],"picked":"Feed","floor":4},{"not_picked":["Body Slam","Burning Pact"],"picked":"Metallicize","floor":5},{"not_picked":["Combust","Bloodletting"],"picked":"Pommel Strike","floor":6},{"not_picked":["Ghostly Armor","Flame Barrier"],"picked":"Cleave","floor":8},{"not_picked":["Burning Pact","Warcry"],"picked":"Thunderclap","floor":10},{"not_picked":["Shrug It Off","Fire Breathing"],"picked":"Barricade","floor":13},{"not_picked":["Limit Break","Berserk"],"picked":"Double Tap","floor":16},{"not_picked":["Disarm","Perfected Strike"],"picked":"Body Slam","floor":17},{"not_picked":["Second Wind","Twin Strike"],"picked":"Body Slam","floor":17},{"not_picked":["Dual Wield","Flex"],"picked":"True Grit","floor":17},{"not_picked":["Shockwave","Bloodletting"],"picked":"Entrench","floor":24}],"player_experience":330214,"potions_floor_usage":[6,6,10,16],"damage_taken":[{"damage":1,"enemies":"2 Louse","floor":1,"turns":2},{"damage":8,"enemies":"Jaw Worm","floor":2,"turns":5},{"damage":4,"enemies":"Cultist","floor":4,"turns":4},{"damage":7,"enemies":"Blue Slaver","floor":5,"turns":7},{"damage":30,"enemies":"Lagavulin","floor":6,"turns":7},{"damage":15,"enemies":"3 Sentries","floor":8,"turns":15},{"damage":0,"enemies":"The Mushroom Lair","floor":10,"turns":2},{"damage":14,"enemies":"Lagavulin","floor":13,"turns":6},{"damage":16,"enemies":"Slime Boss","floor":16,"turns":10},{"damage":16,"enemies":"Spheric Guardian","floor":18,"turns":8},{"damage":20,"enemies":"2 Thieves","floor":20,"turns":5},{"damage":20,"enemies":"Centurion and Healer","floor":22,"turns":10},{"damage":61,"enemies":"Slavers","floor":24,"turns":6},{"damage":65,"enemies":"Gremlin Leader","floor":29,"turns":6}],"event_choices":[{"event_name":"Liars Game","player_choice":"disagreed","floor":3,"damage_taken":0},{"event_name":"Mushrooms","player_choice":"Fought Mushrooms","floor":10,"damage_taken":0},{"event_name":"Golden Idol","player_choice":"Take Damage","floor":12,"damage_taken":0},{"event_name":"Vampires","player_choice":"Became a vampire","floor":19,"damage_taken":0},{"event_name":"Drug Dealer","player_choice":"Ignored","floor":21,"damage_taken":0},{"event_name":"Back to Basics","player_choice":"Elegance","floor":28,"damage_taken":0}],"boss_relics":[{"not_picked":["Calling Bell","Pandora\u0027s Box"],"picked":"Orrery"}],"potions_floor_spawned":[2,4,6,8,10,18],"seed_played":"6509444218915498804","killed_by":"Gremlin Leader","ascension_level":10,"is_trial":false}