{"gold_per_floor":[119,33,33,33,33,33,59,59,59,59,74,138,162,186,198,284,296,322,0,0,12,12,12,44,44,44,44,73,613,238,249,249,327,327,345,359,73,73,87,87,121,121,145,171,18,36,56,56,56,56,56,56,56,56,86,86],"floor_reached":57,"playtime":2667,"items_purged":["Doom and Gloom","Rip and Tear","Tempest"],"score":3079,"play_id":"59d63382-2958-49c6-997a-d7b7f8517453","local_time":"20190320230304","is_ascension_mode":true,"campfire_choices":[{"data":"Defragment","floor":6,"key":"SMITH"},{"data":"Double Energy","floor":8,"key":"SMITH"},{"data":"1","floor":10,"key":"LIFT"},{"data":"Darkness","floor":15,"key":"SMITH"},{"data":"Consume","floor":23,"key":"SMITH"},{"floor":25,"key":"REST"},{"floor":27,"key":"REST"},{"floor":32,"key":"REST"},{"data":"Capacitor","floor":40,"key":"SMITH"},{"data":"Reboot","floor":42,"key":"SMITH"},{"floor":49,"key":"RECALL"},{"data":"Reboot","floor":53,"key":"SMITH"}],"neow_cost":"NONE","seed_source_timestamp":100060283469400,"circlet_count":0,"master_deck":["AscendersBane","Dualcast","Coolheaded+1","Defragment+1","Double Energy+1","Darkness+1","FTL","Multi-Cast","BootSequence","Chill","Consume+1","Force Field","Conserve Battery","Glacier","Capacitor+1","Turbo","Coolheaded","Cold Snap","Reboot+1","Self Repair+1","Echo Form","Hologram+1","Glacier","Defragment+1","Reboot+1"],"relics":["Cracked Core","NeowsBlessing","War Paint","Girya","Tiny Chest","MawBank","Pandora\u0027s Box","Membership Card","Nilry\u0027s Codex","DataDisk","Bag of Preparation","Potion Belt","Blood Vial","Sozu","Lantern","Meat on the Bone","Juzu Bracelet","Happy Flower","Frozen Egg 2","Runic Capacitor","Letter Opener"],"potions_floor_usage":[12,16,28,56,56,56],"damage_taken":[{"damage":0,"enemies":"Cultist","floor":1,"turns":1},{"damage":0,"enemies":"Gremlin Nob","floor":7,"turns":1},{"damage":0,"enemies":"2 Louse","floor":11,"turns":1},{"damage":29,"enemies":"3 Sentries","floor":12,"turns":7},{"damage":6,"enemies":"Small Slimes","floor":14,"turns":3},{"damage":27,"enemies":"Hexaghost","floor":16,"turns":8},{"damage":0,"enemies":"Spheric Guardian","floor":18,"turns":2},{"damage":9,"enemies":"Shell Parasite","floor":21,"turns":4},{"damage":17,"enemies":"Book of Stabbing","floor":24,"turns":7},{"damage":0,"enemies":"Gremlin Leader","floor":28,"turns":7},{"damage":0,"enemies":"Snake Plant","floor":31,"turns":3},{"damage":0,"enemies":"Champ","floor":33,"turns":11},{"damage":8,"enemies":"3 Darklings","floor":35,"turns":5},{"damage":11,"enemies":"Orb Walker","floor":36,"turns":3},{"damage":0,"enemies":"Jaw Worm Horde","floor":39,"turns":6},{"damage":31,"enemies":"Nemesis","floor":41,"turns":9},{"damage":2,"enemies":"Reptomancer","floor":44,"turns":7},{"damage":0,"enemies":"3 Darklings","floor":46,"turns":9},{"damage":0,"enemies":"Transient","floor":47,"turns":6},{"damage":3,"enemies":"Awakened One","floor":50,"turns":15},{"damage":0,"enemies":"Donu and Deca","floor":51,"turns":8},{"damage":7,"enemies":"Shield and Spear","floor":55,"turns":12},{"damage":41,"enemies":"The Heart","floor":56,"turns":15}],"seed_played":"6814695048485753194","potions_obtained":[{"floor":7,"key":"Swift Potion"},{"floor":11,"key":"Regen Potion"},{"floor":12,"key":"FearPotion"},{"floor":24,"key":"Swift Potion"},{"floor":28,"key":"PowerPotion"},{"floor":33,"key":"Ancient Potion"}],"is_trial":false,"path_per_floor":["M","$","$","?","?","R","E","R","T","R","M","E","T","M","R","B",null,"M","$","?","M","$","R","E","R","T","R","E","?","$","M","R","B",null,"M","M","$","?","M","R","E","R","T","E","$","M","M","?","R","B","B",null,"R","$","E","B",null],"character_chosen":"DEFECT","items_purchased":["Defragment","Membership Card","Glacier","Capacitor","Potion Belt","Blood Vial","Cold Snap","Energy Potion","Swift Potion","Reboot","Lantern","Meat on the Bone","Runic Capacitor","Defragment+1"],"campfire_rested":3,"item_purchase_floors":[2,19,19,19,30,30,30,30,30,30,37,37,45,45],"current_hp_per_floor":[64,64,64,64,69,69,69,69,69,69,69,55,55,49,49,22,63,63,63,42,33,33,33,16,38,38,60,60,11,11,13,35,47,69,73,74,74,74,76,76,65,65,65,75,75,76,76,72,72,72,72,72,72,72,72,53],"gold":86,"neow_bonus":"THREE_ENEMY_KILL","is_prod":false,"is_daily":false,"chose_seed":false,"campfire_upgraded":7,"win_rate":0,"timestamp":1553090584,"path_taken":["M","?","$","?","?","R","E","R","T","R","M","E","?","M","R","BOSS","M","$","?","M","$","R","E","R","T","R","E","?","$","?","R","BOSS","M","M","$","?","M","R","E","R","T","E","?","M","M","?","R","BOSS","BOSS","R","$","E","BOSS"],"build_version":"2019-01-23","purchased_purges":3,"victory":true,"max_hp_per_floor":[71,71,71,71,76,76,76,76,76,76,76,76,76,76,76,76,76,76,76,76,76,76,76,76,76,76,76,76,76,76,76,76,76,76,76,76,76,76,76,76,76,76,76,76,76,76,76,72,72,72,72,72,72,72,72,72],"card_choices":[{"not_picked":["Hologram","Barrage"],"picked":"Coolheaded","floor":1},{"not_picked":["Rebound","Steam"],"picked":"Double Energy","floor":7},{"not_picked":["Streamline","Conserve Battery"],"picked":"Darkness","floor":11},{"not_picked":["Redo","Beam Cell"],"picked":"FTL","floor":12},{"not_picked":["Static Discharge","Ball Lightning","Steam"],"picked":"SKIP","floor":14},{"not_picked":["Hyperbeam","Meteor Strike"],"picked":"Multi-Cast","floor":16},{"not_picked":["Consume","Doom and Gloom","Fusion"],"picked":"SKIP","floor":18},{"not_picked":["Stack","Sweeping Beam"],"picked":"Turbo","floor":21},{"not_picked":["Sunder","Rebound"],"picked":"Coolheaded","floor":24},{"not_picked":["Steam","Doom and Gloom+1","Scrape"],"picked":"SKIP","floor":28},{"not_picked":["Capacitor","Chaos"],"picked":"Self Repair+1","floor":31},{"not_picked":["Buffer","Amplify"],"picked":"Echo Form","floor":33},{"not_picked":["Gash","Darkness","Rebound+1"],"picked":"SKIP","floor":35},{"not_picked":["Rebound+1","FTL","Steam"],"picked":"SKIP","floor":36},{"not_picked":["Redo","Stack","Compile Driver"],"picked":"SKIP","floor":39},{"not_picked":["Cold Snap","Go for the Eyes+1"],"picked":"Hologram+1","floor":41},{"not_picked":["Reprogram","Streamline"],"picked":"Glacier","floor":44},{"not_picked":["Stack","Hello World+1","Streamline"],"picked":"SKIP","floor":46},{"not_picked":["Compile Driver","Leap+1"],"picked":"Reboot","floor":47},{"not_picked":["Leap","Steam Power","Aggregate"],"picked":"SKIP","floor":55}],"player_experience":2428972,"relics_obtained":[{"floor":7,"key":"War Paint"},{"floor":9,"key":"Girya"},{"floor":12,"key":"Tiny Chest"},{"floor":13,"key":"MawBank"},{"floor":20,"key":"Nilry\u0027s Codex"},{"floor":24,"key":"DataDisk"},{"floor":28,"key":"Bag of Preparation"},{"floor":41,"key":"Juzu Bracelet"},{"floor":43,"key":"Happy Flower"},{"floor":44,"key":"Frozen Egg 2"},{"floor":55,"key":"Letter Opener"}],"event_choices":[{"damage_healed":0,"gold_gain":0,"player_choice":"Ignored","damage_taken":0,"max_hp_gain":0,"max_hp_loss":0,"event_name":"Liars Game","floor":4,"gold_loss":0},{"damage_healed":0,"gold_gain":0,"player_choice":"Donut","damage_taken":0,"max_hp_gain":5,"max_hp_loss":0,"event_name":"Big Fish","floor":5,"gold_loss":0},{"damage_healed":0,"gold_gain":0,"player_choice":"Obtained Book","damage_taken":21,"max_hp_gain":0,"max_hp_loss":0,"event_name":"Cursed Tome","floor":20,"gold_loss":0},{"damage_healed":0,"gold_gain":540,"player_choice":"GOLD GOLD GOLD GOLD GOLD GOLD ","damage_taken":49,"max_hp_gain":0,"max_hp_loss":0,"event_name":"Knowing Skull","floor":29,"potions_obtained":[],"gold_loss":0,"cards_obtained":[]},{"cards_removed":["Zap"],"damage_healed":0,"gold_gain":0,"player_choice":"Purged","damage_taken":0,"max_hp_gain":0,"max_hp_loss":0,"event_name":"Purifier","floor":38,"gold_loss":0},{"damage_healed":0,"gold_gain":0,"player_choice":"Max HP","damage_taken":0,"max_hp_gain":0,"max_hp_loss":4,"event_name":"Winding Halls","floor":48,"gold_loss":0}],"is_beta":false,"boss_relics":[{"not_picked":["Calling Bell","Busted Crown"],"picked":"Pandora\u0027s Box"},{"not_picked":["Tiny House","Black Star"],"picked":"Sozu"}],"items_purged_floors":[19,30,37],"is_endless":false,"potions_floor_spawned":[7,11,12,24,28,33,36,41,44,55],"ascension_level":20}