{"gold_per_floor":[112,112,122,133,151,177,177,200,225,255,255],"floor_reached":11,"playtime":236,"items_purged":[],"score":166,"play_id":"a4b646fc-cd90-45d9-9415-b60dc584e634","local_time":"20190424140913","is_ascension_mode":true,"campfire_choices":[{"data":"Bash","floor":7,"key":"SMITH"}],"neow_cost":"NONE","seed_source_timestamp":181436019542500,"circlet_count":0,"master_deck":["AscendersBane","Strike_R","Strike_R","Strike_R","Strike_R","Strike_R","Defend_R","Defend_R","Defend_R","Defend_R","Bash+1","Pain","Pommel Strike","Perfected Strike","Immolate","Pommel Strike"],"relics":["Burning Blood","NeowsBlessing","WarpedTongs","PreservedInsect","Odd Mushroom","Red Skull"],"potions_floor_usage":[10,11],"damage_taken":[{"damage":0,"enemies":"Jaw Worm","floor":1,"turns":1},{"damage":0,"enemies":"Cultist","floor":3,"turns":1},{"damage":2,"enemies":"Small Slimes","floor":4,"turns":1},{"damage":12,"enemies":"2 Fungi Beasts","floor":5,"turns":4},{"damage":34,"enemies":"Gremlin Nob","floor":6,"turns":4},{"damage":20,"enemies":"The Mushroom Lair","floor":8,"turns":4},{"damage":23,"enemies":"Lagavulin","floor":10,"turns":4},{"damage":2,"enemies":"Large Slime","floor":11,"turns":2}],"seed_played":"8868654868050111123","potions_obtained":[{"floor":3,"key":"SteroidPotion"},{"floor":5,"key":"Block Potion"},{"floor":6,"key":"AttackPotion"}],"is_trial":false,"path_per_floor":["M","?","M","M","M","E","R","?","T","E","M"],"character_chosen":"IRONCLAD","items_purchased":[],"campfire_rested":0,"item_purchase_floors":[],"current_hp_per_floor":[74,74,75,75,69,41,41,27,27,10,8],"gold":255,"neow_bonus":"THREE_ENEMY_KILL","is_prod":false,"is_daily":false,"chose_seed":false,"campfire_upgraded":1,"win_rate":0,"timestamp":1556082553,"path_taken":["M","?","M","?","?","E","R","?","T","E","M"],"build_version":"2019-01-23","purchased_purges":0,"victory":false,"max_hp_per_floor":[75,75,75,75,75,75,75,75,75,75,75],"card_choices":[{"not_picked":["Flex","Pummel","Body Slam"],"picked":"SKIP","floor":1},{"not_picked":["Corruption","Sword Boomerang"],"picked":"Pommel Strike","floor":3},{"not_picked":["Shrug It Off","Heavy Blade"],"picked":"Perfected Strike","floor":4},{"not_picked":["Uppercut","Clothesline","Headbutt"],"picked":"SKIP","floor":5},{"not_picked":["Uppercut","Clothesline","Headbutt"],"picked":"SKIP","floor":5},{"not_picked":["Bloodletting","Body Slam","Thunderclap"],"picked":"SKIP","floor":6},{"not_picked":["Hemokinesis","Second Wind"],"picked":"Immolate","floor":8},{"not_picked":["Spot Weakness","Iron Wave"],"picked":"Pommel Strike","floor":10}],"player_experience":3337553,"relics_obtained":[{"floor":6,"key":"PreservedInsect"},{"floor":8,"key":"Odd Mushroom"},{"floor":10,"key":"Red Skull"}],"event_choices":[{"damage_healed":0,"gold_gain":0,"player_choice":"Rummage","damage_taken":0,"relics_obtained":["WarpedTongs"],"max_hp_gain":0,"max_hp_loss":0,"event_name":"Accursed Blacksmith","floor":2,"gold_loss":0,"cards_obtained":["Pain"]},{"damage_healed":0,"gold_gain":0,"player_choice":"Fought Mushrooms","damage_taken":0,"max_hp_gain":0,"max_hp_loss":0,"event_name":"Mushrooms","floor":8,"gold_loss":0}],"is_beta":false,"boss_relics":[],"items_purged_floors":[],"is_endless":false,"potions_floor_spawned":[3,5,6,8],"killed_by":"Large Slime","ascension_level":20}