{"gold_per_floor":[115,115,115,190,209,248,269,34,34,34,34,49,83,97,97,221,221,244,244,232,248,262,262,275,275,275,298,298,341,357,357,357,477,477,500,500,518,531,546,546,570,570,570,609,630,670,670,8,8,8],"floor_reached":50,"playtime":3661,"items_purged":[],"score":636,"play_id":"612d09e2-e11b-499a-b95b-412ba7fc071f","local_time":"20181223165922","is_ascension_mode":false,"campfire_choices":[{"floor":11,"key":"REST"},{"floor":15,"key":"REST"},{"floor":23,"key":"RECALL"},{"data":"Storm","floor":25,"key":"SMITH"},{"data":"White Noise","floor":28,"key":"SMITH"},{"floor":32,"key":"REST"},{"data":"Fission","floor":40,"key":"SMITH"},{"floor":42,"key":"REST"},{"data":"White Noise","floor":47,"key":"SMITH"},{"data":"Jack Of All Trades","floor":49,"key":"SMITH"}],"neow_cost":"NONE","seed_source_timestamp":83993688979694,"circlet_count":0,"master_deck":["Strike_B","Strike_B","Strike_B","Strike_B","Defend_B","Defend_B","Defend_B","Defend_B","Zap","Dualcast","Barrage","Loop","Glacier","White Noise+1","Loop","Bandage Up","Conserve Battery","Cold Snap+1","Ball Lightning+1","Fission+1","Cold Snap+1","Hello World","Redo+1","Storm+1","Steam+1","White Noise+1","Capacitor","Electrodynamics","Chill","Glacier+1","BootSequence+1","Stack+1","Defragment","Aggregate+1","Cold Snap+1","Loop","Ball Lightning+1","Cold Snap+1","Chill","Jack Of All Trades+1","Seek"],"relics":["Cracked Core","NeowsBlessing","Golden Idol","Anchor","Meat on the Bone","Molten Egg 2","Eternal Feather","Nilry\u0027s Codex","Bottled Lightning","Mummified Hand","Black Star","Sundial","Juzu Bracelet","Omamori","Ginger","Mercury Hourglass","Art of War"],"potions_floor_usage":[7,16,20,22,24,27,33,38,39,50],"damage_taken":[{"damage":0,"enemies":"2 Louse","floor":1,"turns":1},{"damage":0,"enemies":"Jaw Worm","floor":5,"turns":1},{"damage":0,"enemies":"3 Sentries","floor":6,"turns":1},{"damage":6,"enemies":"Cultist","floor":7,"turns":3},{"damage":4,"enemies":"Blue Slaver","floor":12,"turns":3},{"damage":61,"enemies":"Gremlin Nob","floor":13,"turns":6},{"damage":0,"enemies":"Large Slime","floor":14,"turns":6},{"damage":45,"enemies":"Slime Boss","floor":16,"turns":8},{"damage":1,"enemies":"Shell Parasite","floor":18,"turns":6},{"damage":10,"enemies":"2 Thieves","floor":20,"turns":4},{"damage":30,"enemies":"Centurion and Healer","floor":21,"turns":8},{"damage":0,"enemies":"Snake Plant","floor":22,"turns":5},{"damage":0,"enemies":"Cultist and Chosen","floor":24,"turns":6},{"damage":10,"enemies":"Snecko","floor":27,"turns":5},{"damage":46,"enemies":"Slavers","floor":29,"turns":5},{"damage":1,"enemies":"Sentry and Sphere","floor":30,"turns":6},{"damage":45,"enemies":"Automaton","floor":33,"turns":9},{"damage":2,"enemies":"3 Shapes","floor":35,"turns":5},{"damage":0,"enemies":"Orb Walker","floor":37,"turns":3},{"damage":28,"enemies":"Spire Growth","floor":38,"turns":4},{"damage":15,"enemies":"Transient","floor":39,"turns":5},{"damage":23,"enemies":"Maw","floor":41,"turns":8},{"damage":15,"enemies":"Reptomancer","floor":44,"turns":5},{"damage":9,"enemies":"Jaw Worm Horde","floor":45,"turns":6},{"damage":0,"enemies":"Nemesis","floor":46,"turns":7},{"damage":78,"enemies":"Awakened One","floor":50,"turns":10}],"seed_played":"2958898763059474319","potions_obtained":[{"floor":1,"key":"GamblersBrew"},{"floor":6,"key":"Ancient Potion"},{"floor":14,"key":"SteroidPotion"},{"floor":16,"key":"Fire Potion"},{"floor":21,"key":"Block Potion"},{"floor":22,"key":"Dexterity Potion"},{"floor":29,"key":"GamblersBrew"},{"floor":30,"key":"SpeedPotion"},{"floor":37,"key":"SkillPotion"},{"floor":38,"key":"Block Potion"}],"is_trial":false,"path_per_floor":["M","?","?","?","M","E","M","$","T","$","R","M","E","M","R","B",null,"M","?","M","M","M","R","M","R","T","M","R","E","M","?","R","B",null,"M","?","M","M","M","R","M","R","T","E","M","E","R","$","R","B"],"character_chosen":"DEFECT","items_purchased":["White Noise","Loop","Bandage Up","Block Potion","Loop","Art of War","Ball Lightning+1","Cold Snap+1","Chill","Jack Of All Trades","Seek"],"campfire_rested":4,"item_purchase_floors":[8,8,8,48,48,48,48,48,48,48,48],"current_hp_per_floor":[75,75,57,46,46,46,40,40,40,40,62,62,17,33,55,26,75,75,59,53,39,43,55,59,74,74,64,75,45,48,48,75,46,75,75,75,75,47,48,66,47,75,75,64,59,63,75,75,75,0],"gold":8,"neow_bonus":"THREE_ENEMY_KILL","is_prod":false,"is_daily":false,"chose_seed":false,"campfire_upgraded":5,"win_rate":0,"timestamp":1545577162,"path_taken":["M","?","?","?","M","E","M","?","T","$","R","?","E","M","R","BOSS","M","?","M","M","M","R","M","R","T","M","R","E","M","?","R","BOSS","M","?","M","?","M","R","M","R","T","E","M","E","R","$","R","BOSS"],"build_version":"2018-12-20","purchased_purges":0,"victory":false,"max_hp_per_floor":[75,75,75,75,75,75,75,75,75,75,75,75,75,75,75,75,75,75,75,75,75,75,75,75,75,75,75,75,75,75,75,75,75,75,75,75,75,75,75,75,75,75,75,75,75,75,75,75,75,75],"card_choices":[{"not_picked":["Genetic Algorithm","Go for the Eyes"],"picked":"Barrage","floor":1},{"not_picked":["Redo","Leap"],"picked":"Loop","floor":5},{"not_picked":["Leap","Skim"],"picked":"Glacier","floor":6},{"not_picked":["Steam Power","Auto Shields","Reprogram"],"picked":"SKIP","floor":7},{"not_picked":["Rebound","Sweeping Beam"],"picked":"Conserve Battery","floor":12},{"not_picked":["Reboot","Streamline"],"picked":"Cold Snap","floor":13},{"not_picked":["Compile Driver+1","Beam Cell+1"],"picked":"Ball Lightning+1","floor":14},{"not_picked":["Meteor Strike+1","Hyperbeam+1"],"picked":"Fission","floor":16},{"not_picked":["Streamline+1","Redo"],"picked":"Cold Snap+1","floor":18},{"not_picked":["Streamline+1","Coolheaded"],"picked":"Hello World","floor":20},{"not_picked":["Conserve Battery+1","All For One+1"],"picked":"Redo+1","floor":21},{"not_picked":["Streamline+1","Redo"],"picked":"Storm","floor":22},{"not_picked":["Double Energy","Auto Shields"],"picked":"Steam+1","floor":24},{"not_picked":["Rebound+1","Auto Shields","Streamline+1"],"picked":"SKIP","floor":27},{"not_picked":["Go for the Eyes+1","Coolheaded"],"picked":"White Noise","floor":29},{"not_picked":["Go for the Eyes+1","Steam+1"],"picked":"Capacitor","floor":30},{"not_picked":["Hyperbeam+1","Machine Learning"],"picked":"Electrodynamics","floor":33},{"not_picked":["Leap","Beam Cell+1"],"picked":"Chill","floor":35},{"not_picked":["Reinforced Body+1","Tempest"],"picked":"Glacier+1","floor":37},{"not_picked":["Compile Driver+1","Beam Cell+1"],"picked":"BootSequence+1","floor":38},{"not_picked":["Gash+1","Beam Cell+1"],"picked":"Stack+1","floor":39},{"not_picked":["Coolheaded+1","Hyperbeam+1"],"picked":"Defragment","floor":41},{"not_picked":["Scrape+1","Coolheaded","Stack"],"picked":"SKIP","floor":44},{"not_picked":["Go for the Eyes+1","Redo"],"picked":"Aggregate+1","floor":45},{"not_picked":["Consume+1","Gash+1"],"picked":"Cold Snap+1","floor":46}],"player_experience":866028,"relics_obtained":[{"floor":6,"key":"Anchor"},{"floor":9,"key":"Meat on the Bone"},{"floor":13,"key":"Molten Egg 2"},{"floor":19,"key":"Nilry\u0027s Codex"},{"floor":26,"key":"Bottled Lightning"},{"floor":29,"key":"Mummified Hand"},{"floor":44,"key":"Juzu Bracelet"},{"floor":44,"key":"Omamori"},{"floor":46,"key":"Ginger"},{"floor":46,"key":"Mercury Hourglass"}],"event_choices":[{"damage_healed":0,"gold_gain":0,"player_choice":"Leave","damage_taken":0,"max_hp_gain":0,"max_hp_loss":0,"event_name":"The Cleric","floor":2,"gold_loss":0},{"damage_healed":0,"gold_gain":0,"player_choice":"Take Damage","damage_taken":18,"relics_obtained":["Golden Idol"],"max_hp_gain":0,"max_hp_loss":0,"event_name":"Golden Idol","floor":3,"gold_loss":0},{"damage_healed":0,"gold_gain":75,"player_choice":"Gather Gold","damage_taken":11,"max_hp_gain":0,"max_hp_loss":0,"event_name":"World of Goop","floor":4,"gold_loss":0},{"damage_healed":0,"gold_gain":0,"player_choice":"Obtained Book","damage_taken":16,"max_hp_gain":0,"max_hp_loss":0,"event_name":"Cursed Tome","floor":19,"gold_loss":0},{"damage_healed":0,"gold_gain":0,"player_choice":"Ignored","damage_taken":0,"max_hp_gain":0,"max_hp_loss":0,"event_name":"Vampires","floor":31,"gold_loss":0},{"damage_healed":0,"gold_gain":0,"player_choice":"Gave Potion","damage_taken":0,"relics_obtained":["Sundial"],"max_hp_gain":0,"max_hp_loss":0,"event_name":"WeMeetAgain","floor":36,"gold_loss":0}],"is_beta":false,"boss_relics":[{"not_picked":["Cursed Key","Busted Crown"],"picked":"Eternal Feather"},{"not_picked":["Philosopher\u0027s Stone","Calling Bell"],"picked":"Black Star"}],"items_purged_floors":[],"is_endless":false,"potions_floor_spawned":[1,6,14,16,21,22,29,30,37,38],"killed_by":"Awakened One","ascension_level":0}