{"gold_per_floor":[16,33,33,52,52,90,90,131,157,157,34,34,52,125,125,251,251,275,37,58,81,206,206,222,222,222,247,280,295,309,345,345,466,466,479,493,493,507,231,231,255,255,255,255,255,279,12,43,43,43],"floor_reached":51,"playtime":2574,"items_purged":["Sunder","Gash"],"score":943,"play_id":"d0ffb835-3e65-499a-84be-427ac196a741","local_time":"20180917013129","is_ascension_mode":true,"campfire_choices":[{"floor":7.0,"key":"REST"},{"floor":10.0,"key":"REST"},{"data":"Defragment","floor":12.0,"key":"SMITH"},{"data":"Defragment","floor":15.0,"key":"SMITH"},{"floor":23.0,"key":"REST"},{"data":"Fission","floor":25.0,"key":"SMITH"},{"floor":32.0,"key":"REST"},{"floor":40,"key":"REST"},{"floor":42,"key":"REST"},{"floor":44,"key":"REST"},{"floor":49,"key":"REST"}],"neow_cost":"NO_GOLD","seed_source_timestamp":0,"circlet_count":0,"master_deck":["Zap","Dualcast","Cold Snap","White Noise","Ball Lightning","Defragment+1","Conserve Battery","FTL","Defragment+1","Cold Snap","Rainbow","Hologram","White Noise","Defragment","Leap","Redo","Capacitor","Redo","FTL","Coolheaded+1","Fission+1","Cold Snap+1","Redo+1","Ball Lightning","Gash+1","White Noise+1","Machine Learning+1","Conserve Battery+1","Compile Driver+1","Leap+1","Capacitor+1","Chaos+1","Ball Lightning+1","Defragment+1"],"special_seed":0,"relics":["Cracked Core","Potion Belt","Golden Idol","Dream Catcher","Boot","Bag of Marbles","Cables","Pandora\u0027s Box","Singing Bowl","Prayer Wheel","Bottled Tornado","Frozen Egg 2","Red Mask","The Courier","Fusion Hammer","ClockworkSouvenir","Kunai","Emotion Chip","Centennial Puzzle","Ornamental Fan"],"potions_floor_usage":[50,50],"damage_taken":[{"damage":1.0,"enemies":"2 Louse","floor":1.0,"turns":2.0},{"damage":2.0,"enemies":"Jaw Worm","floor":2.0,"turns":3.0},{"damage":0.0,"enemies":"Small Slimes","floor":4.0,"turns":2.0},{"damage":28.0,"enemies":"Gremlin Nob","floor":6.0,"turns":4.0},{"damage":6.0,"enemies":"3 Sentries","floor":8.0,"turns":6.0},{"damage":0.0,"enemies":"2 Fungi Beasts","floor":13.0,"turns":3.0},{"damage":25.0,"enemies":"3 Sentries","floor":14.0,"turns":6.0},{"damage":25.0,"enemies":"The Guardian","floor":16.0,"turns":9.0},{"damage":10.0,"enemies":"3 Byrds","floor":18.0,"turns":3.0},{"damage":5.0,"enemies":"Chosen","floor":20.0,"turns":4.0},{"damage":3.0,"enemies":"Snecko","floor":21.0,"turns":4.0},{"damage":20.0,"enemies":"Colosseum Slavers","floor":22.0,"turns":4.0},{"damage":37.0,"enemies":"Colosseum Nobs","floor":22.0,"turns":6.0},{"damage":7.0,"enemies":"Centurion and Healer","floor":24.0,"turns":3.0},{"damage":0.0,"enemies":"Sentry and Sphere","floor":27.0,"turns":5.0},{"damage":8.0,"enemies":"Masked Bandits","floor":28.0,"turns":3.0},{"damage":18.0,"enemies":"Snake Plant","floor":29.0,"turns":3.0},{"damage":4.0,"enemies":"Chosen and Byrds","floor":30.0,"turns":5.0},{"damage":12.0,"enemies":"Book of Stabbing","floor":31.0,"turns":4.0},{"damage":25.0,"enemies":"Automaton","floor":33.0,"turns":6.0},{"damage":47,"enemies":"3 Darklings","floor":35,"turns":5},{"damage":0,"enemies":"Orb Walker","floor":36,"turns":3},{"damage":20,"enemies":"4 Shapes","floor":38,"turns":5},{"damage":12,"enemies":"Maw","floor":41,"turns":6},{"damage":48,"enemies":"Mind Bloom Boss Battle","floor":45,"turns":4},{"damage":11,"enemies":"Spire Growth","floor":46,"turns":4},{"damage":18,"enemies":"2 Orb Walkers","floor":48,"turns":2},{"damage":96,"enemies":"Donu and Deca","floor":50,"turns":7}],"seed_played":"-6498929245555843226","potions_obtained":[{"floor":1.0,"key":"SkillPotion"},{"floor":4.0,"key":"SpeedPotion"},{"floor":14.0,"key":"Regen Potion"},{"floor":20.0,"key":"Regen Potion"},{"floor":24.0,"key":"FairyPotion"},{"floor":27.0,"key":"AttackPotion"},{"floor":28.0,"key":"Regen Potion"},{"floor":33.0,"key":"FairyPotion"},{"floor":36,"key":"FairyPotion"},{"floor":41,"key":"Poison Potion"}],"is_trial":false,"path_per_floor":["M","M","?","M","?","E","R","E","T","R","$","R","M","?","R","B",null,"M","$","M","M","?","R","M","R","T","M","?","M","M","E","R","B",null,"M","M","?","M","$","R","M","R","T","R","?","M","$","E","R","B"],"character_chosen":"DEFECT","items_purchased":["Conserve Battery","FTL","Singing Bowl","Capacitor+1","ClockworkSouvenir","Regen Potion","Centennial Puzzle"],"campfire_rested":8,"item_purchase_floors":[11,11,19,39,39,47,47],"current_hp_per_floor":[88,86,74,74,52,24,50,44,44,70,70,70,70,45,45,35,89,79,79,83,82,40,67,67,67,67,71,65,58,54,44,74,49,103,56,60,60,42,42,76,66,101,101,115,67,60,60,44,82,1],"gold":43,"neow_bonus":"TWENTY_PERCENT_HP_BONUS","is_prod":false,"is_daily":false,"chose_seed":false,"campfire_upgraded":3,"win_rate":0,"timestamp":1537162289,"path_taken":["M","M","?","M","?","E","R","E","T","R","?","R","M","?","R","BOSS","M","$","M","M","?","R","?","R","T","M","?","M","M","E","R","BOSS","M","M","?","?","$","R","M","R","T","R","?","M","?","E","R","BOSS"],"build_version":"2018-09-06","purchased_purges":2,"victory":true,"max_hp_per_floor":[89,89,89,89,89,89,89,89,89,89,89,89,89,89,89,89,89,89,89,91,93,93,93,93,93,93,97,99,101,101,103,103,103,103,103,107,107,109,109,111,113,115,115,115,115,119,119,121,123,123],"card_choices":[{"not_picked":["Static Discharge","Sweeping Beam"],"picked":"Cold Snap","floor":1.0},{"not_picked":["Conserve Battery","Hello World"],"picked":"Sunder","floor":2.0},{"not_picked":["Skim","Gash","Scrape"],"picked":"SKIP","floor":4.0},{"not_picked":["Stack","Redo"],"picked":"White Noise","floor":6.0},{"not_picked":["Scrape","Steam"],"picked":"Ball Lightning","floor":7.0},{"not_picked":["Redo","Barrage"],"picked":"Defragment","floor":8.0},{"not_picked":["Leap","Stack"],"picked":"Defragment","floor":13.0},{"not_picked":["Sweeping Beam","Skim"],"picked":"Cold Snap","floor":14.0},{"not_picked":["Biased Cognition","Meteor Strike"],"picked":"Rainbow","floor":16.0},{"not_picked":["Doom and Gloom","Stack"],"picked":"FTL","floor":18.0},{"not_picked":["Recycle","Steam","Gash"],"picked":"Singing Bowl","floor":20.0},{"not_picked":["Steam+1","Stack","Glacier"],"picked":"Singing Bowl","floor":21.0},{"not_picked":["Redo","Rebound"],"picked":"Coolheaded+1","floor":22.0},{"not_picked":["Aggregate+1","Beam Cell"],"picked":"Fission","floor":23.0},{"not_picked":["Stack+1","Darkness+1"],"picked":"Cold Snap+1","floor":24.0},{"not_picked":["Hello World","Hologram","Rebound"],"picked":"SKIP","floor":24.0},{"not_picked":["Static Discharge+1","White Noise","Streamline+1"],"picked":"Singing Bowl","floor":27.0},{"not_picked":["Sweeping Beam","Heatsinks+1","Double Energy"],"picked":"Singing Bowl","floor":27.0},{"not_picked":["White Noise","Skim","Recycle+1"],"picked":"Singing Bowl","floor":28.0},{"not_picked":["Seek","Barrage+1"],"picked":"Redo+1","floor":29.0},{"not_picked":["Sweeping Beam","Rebound","Steam Power"],"picked":"Singing Bowl","floor":29.0},{"not_picked":["Genetic Algorithm+1","Redo"],"picked":"Ball Lightning","floor":30.0},{"not_picked":["Skim","Auto Shields"],"picked":"Gash+1","floor":30.0},{"not_picked":["Turbo+1","Hologram","Undo"],"picked":"Singing Bowl","floor":31.0},{"not_picked":["Auto Shields","Go for the Eyes"],"picked":"White Noise+1","floor":32.0},{"not_picked":["Buffer+1","Meteor Strike"],"picked":"Machine Learning+1","floor":33.0},{"not_picked":["Redo+1","Cold Snap+1"],"picked":"Conserve Battery+1","floor":35},{"not_picked":["Doom and Gloom","Redo","Compile Driver+1"],"picked":"SKIP","floor":35},{"not_picked":["Doom and Gloom","Redo"],"picked":"Compile Driver+1","floor":35},{"not_picked":["Lockon+1","Stack+1","Rebound"],"picked":"Singing Bowl","floor":36},{"not_picked":["Aggregate","Steam","Heatsinks+1"],"picked":"Singing Bowl","floor":36},{"not_picked":["Genetic Algorithm+1","Hologram+1"],"picked":"Leap+1","floor":38},{"not_picked":["Beam Cell","Hologram","Cold Snap"],"picked":"Singing Bowl","floor":38},{"not_picked":["BootSequence","Hyperbeam","Gash"],"picked":"Singing Bowl","floor":40},{"not_picked":["Hologram+1","Rebound"],"picked":"Chaos+1","floor":41},{"not_picked":["Sweeping Beam+1","Rainbow","Capacitor+1"],"picked":"Singing Bowl","floor":41},{"not_picked":["Hologram","Beam Cell","Go for the Eyes"],"picked":"Singing Bowl","floor":42},{"not_picked":["Static Discharge+1","Consume+1"],"picked":"Ball Lightning+1","floor":44},{"not_picked":["Leap","Hologram+1"],"picked":"Defragment+1","floor":45},{"not_picked":["BootSequence","Recycle+1","Leap"],"picked":"Singing Bowl","floor":46},{"not_picked":["Leap","Hologram","Gash"],"picked":"Singing Bowl","floor":46},{"not_picked":["Reboot","Beam Cell","Sunder"],"picked":"Singing Bowl","floor":48},{"not_picked":["Undo","Leap+1","Ball Lightning+1"],"picked":"Singing Bowl","floor":49}],"player_experience":118884,"relics_obtained":[{"floor":6.0,"key":"Dream Catcher"},{"floor":8.0,"key":"Boot"},{"floor":9.0,"key":"Bag of Marbles"},{"floor":14.0,"key":"Cables"},{"floor":22.0,"key":"Prayer Wheel"},{"floor":22.0,"key":"Bottled Tornado"},{"floor":26.0,"key":"Frozen Egg 2"},{"floor":28.0,"key":"Red Mask"},{"floor":31.0,"key":"The Courier"},{"floor":43,"key":"Kunai"},{"floor":45,"key":"Emotion Chip"},{"floor":48,"key":"Ornamental Fan"}],"event_choices":[{"event_name":"Scrap Ooze","player_choice":"success","floor":3.0,"damage_taken":12.0},{"event_name":"Golden Idol","player_choice":"Take Damage","floor":5.0,"damage_taken":0.0},{"event_name":"Dead Adventurer","player_choice":"Searched \u00271\u0027 times","floor":14.0,"damage_taken":0.0},{"event_name":"Colosseum","player_choice":"Fight","floor":22.0,"damage_taken":0.0},{"event_name":"Colosseum","player_choice":"Fought Nobs","floor":22.0,"damage_taken":0.0},{"event_name":"Masked Bandits","player_choice":"Fought Bandits","floor":28.0,"damage_taken":0.0},{"event_name":"Mysterious Sphere","player_choice":"Ignore","floor":37,"damage_taken":0},{"event_name":"MindBloom","player_choice":"Fight","floor":45,"damage_taken":0}],"is_beta":false,"boss_relics":[{"not_picked":["Runic Dome","FrozenCore"],"picked":"Pandora\u0027s Box"},{"not_picked":["Cursed Key","Coffee Dripper"],"picked":"Fusion Hammer"}],"items_purged_floors":[39,47],"is_endless":false,"potions_floor_spawned":[1,4,14,20,24,27,28,33,36,41,48],"ascension_level":4}