{"path_per_floor":["M","M","?","M","$","E","M","E","T","M","E","R","M","?","R","B",null,"M","$","M","M","$","R","E","M","T","E","?","M","E","M","R","B",null,"M","M","?","T","M","E","R","E","T","E","M","M","?","E","R","B"],"character_chosen":"IRONCLAD","items_purchased":["Sever Soul","Madness","Block Potion"],"gold_per_floor":[15,31,31,51,51,76,94,123,123,137,163,163,176,176,176,295,295,313,74,87,108,57,57,96,112,137,171,171,190,233,247,247,367,367,383,396,396,469,482,522,522,562,592,625,645,658,658,699,699,699],"floor_reached":51,"campfire_rested":0,"playtime":6071,"current_hp_per_floor":[80,80,80,80,80,80,80,72,79,84,85,85,86,86,86,47,87,87,87,82,70,70,70,75,80,80,72,72,78,83,82,82,69,99,91,80,99,99,103,92,92,94,94,93,111,111,111,118,118,124],"items_purged":["Strike_R"],"gold":699,"score":836,"play_id":"315d438f-38b7-48f5-b5ef-244fe35147ef","is_prod":false,"is_daily":false,"is_ascension_mode":true,"campfire_upgraded":6,"path_taken":["M","M","?","M","$","E","M","E","T","M","E","R","M","?","R","BOSS","M","$","M","M","$","R","E","M","T","E","?","M","E","M","R","BOSS","M","M","?","?","M","E","R","E","T","E","M","M","?","E","R","BOSS"],"build_version":"2018-02-22-PROD2","purchased_purges":1,"victory":true,"master_deck":["Strike_R+1","Strike_R","Strike_R","Defend_R","Defend_R","Defend_R","Defend_R","Bash","Corruption+1","Power Through","Warcry","Pummel+1","Seeing Red","Rupture+1","Injury","Feed","Feel No Pain+1","Sever Soul","Madness","Carnage+1","Havoc+1","True Grit","Sever Soul","Immolate","Havoc+1","Feel No Pain+1","Writhe","Feel No Pain","Body Slam+1","Sentinel","Havoc+1","Havoc+1","Rupture+1"],"max_hp_per_floor":[80,80,80,80,80,80,80,80,87,87,87,87,87,87,87,87,87,87,87,87,90,90,90,90,90,90,90,90,93,96,99,99,99,99,99,99,99,99,105,108,108,108,108,108,111,111,111,121,121,124],"relics":["Burning Blood","Dead Branch","Dream Catcher","Lantern","Strawberry","Blue Candle","Golden Idol","Question Card","The Courier","Prayer Wheel","Shovel","Whetstone","Runic Cube","Meat on the Bone","Omamori","Happy Flower","Tiny Chest","Pen Nib","Pear"],"card_choices":[{"not_picked":["Battle Trance","Pommel Strike"],"picked":"Corruption"},{"not_picked":["Body Slam","Blood for Blood"],"picked":"Clothesline"},{"not_picked":["Twin Strike","Iron Wave"],"picked":"Warcry"},{"not_picked":["Body Slam","Spot Weakness"],"picked":"Pummel"},{"not_picked":["Sword Boomerang","Flex"],"picked":"Seeing Red"},{"not_picked":["Dual Wield","Cleave"],"picked":"Rupture"},{"not_picked":["Berserk","Demon Form"],"picked":"Feed"},{"not_picked":["Shrug It Off","Reckless Charge","Wild Strike"],"picked":"Feel No Pain"},{"not_picked":["Body Slam","Perfected Strike","Pommel Strike"],"picked":"Carnage"},{"not_picked":["Thunderclap","Feel No Pain","Sword Boomerang"],"picked":"Havoc"},{"not_picked":["Perfected Strike","Hemokinesis","Flex"],"picked":"True Grit"},{"not_picked":["Twin Strike","Thunderclap","Brutality"],"picked":"Sever Soul"},{"not_picked":["Brutality","Berserk","Double Tap"],"picked":"Immolate"},{"not_picked":["Flex","Rupture","Combust"],"picked":"Havoc"},{"not_picked":["Clothesline","Iron Wave","Anger"],"picked":"Feel No Pain"},{"not_picked":["Whirlwind","Wild Strike","Heavy Blade"],"picked":"Feel No Pain"},{"not_picked":["Sever Soul","Sword Boomerang","Limit Break"],"picked":"Body Slam"},{"not_picked":["Juggernaut","Cleave","Rampage"],"picked":"Sentinel"},{"not_picked":["Twin Strike","Anger","True Grit"],"picked":"Havoc"},{"not_picked":["Offering","Perfected Strike","Shockwave"],"picked":"Havoc"},{"not_picked":["Cleave","Headbutt","Flame Barrier"],"picked":"Rupture"}],"player_experience":171731,"potions_floor_usage":[4,6,10,11,16,24,27,27,27,29,50,50,50],"damage_taken":[{"damage":6,"enemies":"Jaw Worm","floor":1,"turns":4},{"damage":5,"enemies":"Cultist","floor":2,"turns":4},{"damage":2,"enemies":"2 Louse","floor":4,"turns":3},{"damage":0,"enemies":"Gremlin Nob","floor":6,"turns":3},{"damage":1,"enemies":"2 Fungi Beasts","floor":7,"turns":4},{"damage":14,"enemies":"3 Sentries","floor":8,"turns":7},{"damage":1,"enemies":"Large Slime","floor":10,"turns":4},{"damage":8,"enemies":"Lagavulin","floor":11,"turns":5},{"damage":5,"enemies":"Exordium Thugs","floor":13,"turns":3},{"damage":51,"enemies":"Hexaghost","floor":16,"turns":7},{"damage":5,"enemies":"Chosen","floor":18,"turns":3},{"damage":11,"enemies":"Shell Parasite","floor":20,"turns":4},{"damage":21,"enemies":"Centurion and Healer","floor":21,"turns":3},{"damage":1,"enemies":"Book of Stabbing","floor":24,"turns":7},{"damage":1,"enemies":"Snake Plant","floor":25,"turns":4},{"damage":14,"enemies":"Slavers","floor":27,"turns":6},{"damage":3,"enemies":"3 Cultists","floor":29,"turns":8},{"damage":4,"enemies":"Gremlin Leader","floor":30,"turns":2},{"damage":10,"enemies":"Cultist and Chosen","floor":31,"turns":5},{"damage":19,"enemies":"Champ","floor":33,"turns":4},{"damage":16,"enemies":"3 Shapes","floor":35,"turns":6},{"damage":17,"enemies":"3 Darklings","floor":36,"turns":2},{"damage":8,"enemies":"Sphere and 2 Shapes","floor":39,"turns":4},{"damage":20,"enemies":"2 Orb Walkers","floor":40,"turns":4},{"damage":18,"enemies":"Giant Head","floor":42,"turns":4},{"damage":7,"enemies":"Nemesis","floor":44,"turns":3},{"damage":6,"enemies":"Maw","floor":45,"turns":4},{"damage":5,"enemies":"3 Darklings","floor":46,"turns":3},{"damage":9,"enemies":"Giant Head","floor":48,"turns":5},{"damage":8,"enemies":"Donu and Deca","floor":50,"turns":7}],"event_choices":[{"event_name":"Transmorgrifier","player_choice":"Transform","floor":3,"damage_taken":0},{"event_name":"Golden Idol","player_choice":"Take Wound","floor":14,"damage_taken":0},{"event_name":"Back to Basics","player_choice":"Elegance","floor":28,"damage_taken":0},{"event_name":"Winding Halls","player_choice":"Writhe","floor":37,"damage_taken":0},{"event_name":"The Lab","player_choice":"Got Potions","floor":47,"damage_taken":0}],"boss_relics":[{"not_picked":["Philosopher\u0027s Stone","Tiny House"],"picked":"Question Card"},{"not_picked":["Orrery","Runic Dome"],"picked":"Runic Cube"}],"potions_floor_spawned":[1,2,8,10,13,21,24,25,27,42,44,45],"seed_played":"3362565630121518206","ascension_level":1,"is_trial":false}