{"gold_per_floor":[109,109,49,69,88,121,138,172,172,172,222,222,247,314,314,388,388,400,450,500,149,162,162,188,218,218,285,300,300,275,303,303,377,377,391,402,422,472,144,174,224,150,176,209,272,369,369,399,399,399,399,399,399,54,79,79],"floor_reached":57,"playtime":5603,"items_purged":["Writhe","Decay","Strike_R","Perfected Strike+1"],"score":2917,"play_id":"ff5f7611-d792-42ae-95be-6c86a990761b","local_time":"20190322234653","is_ascension_mode":true,"campfire_choices":[{"data":"Shockwave","floor":10.0,"key":"SMITH"},{"data":"Pommel Strike","floor":12.0,"key":"SMITH"},{"data":"Shrug It Off","floor":15.0,"key":"SMITH"},{"data":"True Grit","floor":23.0,"key":"SMITH"},{"floor":29.0,"key":"REST"},{"data":"Corruption","floor":32.0,"key":"SMITH"},{"floor":47,"key":"REST"},{"floor":49,"key":"RECALL"},{"data":"Demon Form","floor":53,"key":"SMITH"}],"neow_cost":"NONE","seed_source_timestamp":2372905220215924,"circlet_count":0,"master_deck":["AscendersBane","Strike_R","Strike_R","Strike_R+1","Defend_R","Defend_R","Defend_R","Bash","Shrug It Off+1","Wild Strike","Pommel Strike+1","Shockwave+1","Twin Strike","Ghostly Armor","Anger","Demon Form+1","Corruption+1","Battle Trance","Havoc","Metallicize","True Grit+1","Heavy Blade","Shockwave","Sword Boomerang","Reaper","Power Through+1","Parasite","Feel No Pain","Madness","Madness","Shrug It Off","Spot Weakness","Warcry","Normality","Barricade","Sentinel","Demon Form","Shrug It Off","Shrug It Off"],"special_seed":0,"relics":["Burning Blood","Smiling Mask","SsserpentHead","Dead Branch","Whetstone","Bottled Lightning","Du-Vu Doll","Cursed Key","Dodecahedron","Orichalcum","Self Forming Clay","Pear","Art of War","Runic Cube","OrangePellets","Singing Bowl","Gambling Chip","Magic Flower","Mummified Hand","Boot"],"potions_floor_usage":[44,47,56],"damage_taken":[{"damage":0.0,"enemies":"2 Louse","floor":1.0,"turns":2.0},{"damage":0.0,"enemies":"Cultist","floor":4.0,"turns":2.0},{"damage":0.0,"enemies":"Small Slimes","floor":5.0,"turns":2.0},{"damage":6.0,"enemies":"Gremlin Nob","floor":6.0,"turns":3.0},{"damage":20.0,"enemies":"Exordium Thugs","floor":7.0,"turns":5.0},{"damage":22.0,"enemies":"3 Sentries","floor":8.0,"turns":6.0},{"damage":6.0,"enemies":"Gremlin Nob","floor":13.0,"turns":3.0},{"damage":3.0,"enemies":"Looter","floor":14.0,"turns":2.0},{"damage":20.0,"enemies":"Slime Boss","floor":16.0,"turns":6.0},{"damage":18.0,"enemies":"Shell Parasite","floor":18.0,"turns":4.0},{"damage":0.0,"enemies":"3 Byrds","floor":22.0,"turns":5.0},{"damage":32.0,"enemies":"Slavers","floor":24.0,"turns":4.0},{"damage":28.0,"enemies":"3 Cultists","floor":27.0,"turns":6.0},{"damage":14.0,"enemies":"Snake Plant","floor":28.0,"turns":3.0},{"damage":9.0,"enemies":"Book of Stabbing","floor":31.0,"turns":3.0},{"damage":15,"enemies":"Champ","floor":33,"turns":8},{"damage":22,"enemies":"3 Darklings","floor":35,"turns":6},{"damage":5,"enemies":"Orb Walker","floor":36,"turns":4},{"damage":9,"enemies":"Writhing Mass","floor":37,"turns":6},{"damage":0,"enemies":"Giant Head","floor":40,"turns":7},{"damage":21,"enemies":"Nemesis","floor":44,"turns":5},{"damage":2,"enemies":"Spire Growth","floor":45,"turns":5},{"damage":63,"enemies":"2 Orb Walkers","floor":46,"turns":6},{"damage":21,"enemies":"Reptomancer","floor":48,"turns":4},{"damage":29,"enemies":"Time Eater","floor":50,"turns":9},{"damage":19,"enemies":"Donu and Deca","floor":51,"turns":8},{"damage":6,"enemies":"Shield and Spear","floor":55,"turns":3},{"damage":30,"enemies":"The Heart","floor":56,"turns":8}],"seed_played":"-196040354787213006","potions_obtained":[{"floor":4.0,"key":"FearPotion"},{"floor":7.0,"key":"FearPotion"},{"floor":8.0,"key":"Weak Potion"},{"floor":18.0,"key":"Block Potion"},{"floor":25.0,"key":"AttackPotion"},{"floor":37,"key":"EssenceOfSteel"},{"floor":46,"key":"Fruit Juice"}],"is_trial":false,"path_per_floor":["M","?","$","M","M","E","M","E","T","R","?","R","E","M","R","B",null,"M","?","?","$","M","R","E","?","T","M","M","R","?","E","R","B",null,"M","M","M","?","$","E","?","$","T","E","M","?","R","E","R","B","B",null,"R","$","E","B",null],"character_chosen":"IRONCLAD","items_purchased":["Shrug It Off","Wild Strike","Orichalcum","Havoc","Metallicize","OrangePellets","Shrug It Off","Warcry","Demon Form","Shrug It Off","Ancient Potion"],"campfire_rested":2,"item_purchase_floors":[3,3,21,21,21,39,39,42,54,54,54],"current_hp_per_floor":[74,74,74,75,75,75,61,45,45,45,45,45,45,48,48,34,65,53,53,53,53,59,59,33,33,43,21,13,38,38,35,35,26,70,72,73,79,64,64,78,78,78,78,63,85,30,63,94,94,94,94,94,94,94,94,94],"gold":79,"neow_bonus":"RANDOM_COMMON_RELIC","is_prod":false,"is_daily":false,"chose_seed":false,"campfire_upgraded":6,"win_rate":0,"timestamp":1553269613,"path_taken":["M","?","?","M","M","E","M","E","T","R","?","R","E","?","R","BOSS","M","?","?","$","M","R","E","?","T","?","M","R","?","E","R","BOSS","M","M","M","?","$","E","?","$","T","E","?","?","R","E","R","BOSS","BOSS","R","$","E","BOSS"],"build_version":"2019-03-15","purchased_purges":4,"victory":true,"max_hp_per_floor":[75,75,75,75,75,75,75,75,75,75,75,75,75,75,75,75,75,75,75,75,75,75,75,75,75,85,85,85,85,85,85,85,85,85,85,85,85,85,85,85,85,85,85,85,87,89,94,94,94,94,94,94,94,94,94,94],"card_choices":[{"not_picked":["Wild Strike","Sword Boomerang"],"picked":"Perfected Strike","floor":1.0},{"not_picked":["Flex","Body Slam"],"picked":"Pommel Strike","floor":4.0},{"not_picked":["Thunderclap","Havoc"],"picked":"Shockwave","floor":5.0},{"not_picked":["Headbutt","Armaments"],"picked":"Twin Strike","floor":6.0},{"not_picked":["Clothesline","Juggernaut","Entrench"],"picked":"SKIP","floor":7.0},{"not_picked":["Thunderclap","Rupture"],"picked":"Ghostly Armor","floor":8.0},{"not_picked":["Wild Strike","Havoc"],"picked":"Anger","floor":13.0},{"not_picked":["Heavy Blade","Clothesline","Iron Wave"],"picked":"SKIP","floor":14.0},{"not_picked":["Bludgeon","Barricade"],"picked":"Demon Form","floor":16.0},{"not_picked":["Flex","Body Slam"],"picked":"Corruption","floor":18.0},{"not_picked":["Sentinel","Perfected Strike"],"picked":"True Grit","floor":22.0},{"not_picked":["Perfected Strike","Brutality"],"picked":"Headbutt","floor":24.0},{"not_picked":["Shockwave","Twin Strike"],"picked":"Heavy Blade","floor":27.0},{"not_picked":["Fire Breathing","Cleave"],"picked":"Shockwave","floor":28.0},{"not_picked":["Flex+1","Body Slam"],"picked":"Sword Boomerang","floor":31.0},{"not_picked":["Limit Break","Immolate"],"picked":"Reaper","floor":33},{"not_picked":["Cleave","True Grit"],"picked":"Power Through+1","floor":35},{"not_picked":["Iron Wave","Perfected Strike","Twin Strike+1"],"picked":"SKIP","floor":36},{"not_picked":["Body Slam","Intimidate"],"picked":"Feel No Pain","floor":37},{"not_picked":["Cleave","Dropkick"],"picked":"Spot Weakness","floor":40},{"not_picked":["Uppercut+1","Bludgeon"],"picked":"Barricade","floor":44},{"not_picked":["Armaments","Wild Strike","Cleave"],"picked":"Singing Bowl","floor":45},{"not_picked":["Flex","Thunderclap","Pommel Strike"],"picked":"Singing Bowl","floor":46},{"not_picked":["Shockwave","Iron Wave"],"picked":"Sentinel","floor":48},{"not_picked":["Dark Embrace","Sword Boomerang"],"picked":"Shrug It Off","floor":55}],"player_experience":746298,"relics_obtained":[{"floor":6.0,"key":"Dead Branch"},{"floor":8.0,"key":"Whetstone"},{"floor":9.0,"key":"Bottled Lightning"},{"floor":13.0,"key":"Du-Vu Doll"},{"floor":24.0,"key":"Self Forming Clay"},{"floor":26.0,"key":"Pear"},{"floor":31.0,"key":"Art of War"},{"floor":40,"key":"Singing Bowl"},{"floor":44,"key":"Gambling Chip"},{"floor":46,"key":"Magic Flower"},{"floor":48,"key":"Mummified Hand"},{"floor":55,"key":"Boot"}],"event_choices":[{"damage_healed":0.0,"max_hp_gain":0.0,"max_hp_loss":0.0,"gold_gain":0.0,"event_name":"FaceTrader","player_choice":"Trade","floor":2.0,"gold_loss":0.0,"damage_taken":0.0,"relics_obtained":["SsserpentHead"]},{"cards_removed":["Defend_R"],"damage_healed":0.0,"max_hp_gain":0.0,"max_hp_loss":0.0,"gold_gain":0.0,"event_name":"Bonfire Elementals","player_choice":"Offered Basic","floor":11.0,"gold_loss":0.0,"damage_taken":0.0},{"damage_healed":0.0,"max_hp_gain":0.0,"max_hp_loss":0.0,"gold_gain":0.0,"event_name":"The Library","player_choice":"Read","floor":19.0,"gold_loss":0.0,"damage_taken":0.0,"cards_obtained":["Battle Trance"]},{"damage_healed":0.0,"max_hp_gain":0.0,"max_hp_loss":0.0,"gold_gain":0.0,"event_name":"The Mausoleum","player_choice":"Opened","floor":20.0,"gold_loss":0.0,"damage_taken":0.0,"relics_obtained":["Dodecahedron"],"cards_obtained":["Writhe"]},{"damage_healed":0.0,"max_hp_gain":0.0,"max_hp_loss":0.0,"gold_gain":0.0,"event_name":"The Woman in Blue","player_choice":"Bought 1 Potion","floor":25.0,"gold_loss":0.0,"damage_taken":0.0},{"cards_removed":["Strike_R"],"damage_healed":0.0,"max_hp_gain":0.0,"max_hp_loss":0.0,"gold_gain":0.0,"event_name":"Beggar","player_choice":"Gave Gold","floor":30.0,"gold_loss":75.0,"damage_taken":0.0},{"damage_healed":0,"gold_gain":0,"player_choice":"Embrace Madness","damage_taken":15,"max_hp_gain":0,"max_hp_loss":0,"event_name":"Winding Halls","floor":38,"gold_loss":0,"cards_obtained":["Madness","Madness"]},{"cards_removed":["Headbutt"],"damage_healed":0,"gold_gain":0,"player_choice":"Removed Attack","damage_taken":0,"max_hp_gain":0,"max_hp_loss":0,"event_name":"Falling","floor":41,"gold_loss":0},{"damage_healed":0,"gold_gain":0,"player_choice":"Fight","damage_taken":0,"max_hp_gain":0,"max_hp_loss":0,"event_name":"Mysterious Sphere","floor":46,"gold_loss":0}],"is_beta":true,"boss_relics":[{"not_picked":["Mark of Pain","Philosopher\u0027s Stone"],"picked":"Cursed Key"},{"not_picked":["Black Blood","Tiny House"],"picked":"Runic Cube"}],"items_purged_floors":[21,39,42,54],"is_endless":false,"potions_floor_spawned":[4,7,8,18,22,37,46],"ascension_level":20}