{"gold_per_floor":[113,132,143,16,16,16,16,42,122,133,58,58,85,104,104,176,176,196,471,481,500,49,49,49],"floor_reached":24,"playtime":954,"items_purged":["Defend_B","Regret"],"score":412,"play_id":"e9ab3840-2cfb-4527-bd35-df9314e004fc","local_time":"20190406210421","is_ascension_mode":true,"campfire_choices":[{"data":"Zap","floor":6,"key":"SMITH"},{"data":"Hologram","floor":12,"key":"SMITH"},{"data":"Defragment","floor":15,"key":"SMITH"},{"data":"Streamline","floor":23,"key":"SMITH"}],"neow_cost":"NONE","seed_source_timestamp":726580460834500,"circlet_count":0,"master_deck":["AscendersBane","Strike_B","Strike_B","Strike_B","Defend_B","Defend_B+1","Defend_B+1","Zap+1","Dualcast","Conserve Battery","Self Repair","Rip and Tear","Cold Snap","Hologram+1","Coolheaded","Defragment+1","Capacitor","Biased Cognition","Coolheaded","Coolheaded","Streamline+1"],"relics":["Cracked Core","NeowsBlessing","War Paint","Sundial","Smiling Mask","Nuclear Battery","Medical Kit","Lantern"],"potions_floor_usage":[13,16,20,24],"damage_taken":[{"damage":0,"enemies":"Jaw Worm","floor":1,"turns":1},{"damage":0,"enemies":"2 Louse","floor":2,"turns":1},{"damage":0,"enemies":"Cultist","floor":3,"turns":1},{"damage":26,"enemies":"3 Sentries","floor":8,"turns":10},{"damage":6,"enemies":"3 Louse","floor":10,"turns":3},{"damage":24,"enemies":"Gremlin Nob","floor":13,"turns":4},{"damage":2,"enemies":"Blue Slaver","floor":14,"turns":4},{"damage":24,"enemies":"The Guardian","floor":16,"turns":11},{"damage":17,"enemies":"Shell Parasite","floor":18,"turns":7},{"damage":3,"enemies":"3 Byrds","floor":20,"turns":6},{"damage":14,"enemies":"Snecko","floor":21,"turns":9},{"damage":45,"enemies":"Slavers","floor":24,"turns":7}],"seed_played":"-9067546577621310965","potions_obtained":[{"floor":2,"key":"PowerPotion"},{"floor":8,"key":"PowerPotion"},{"floor":16,"key":"Swift Potion"},{"floor":18,"key":"Swift Potion"}],"is_trial":false,"path_per_floor":["M","M","M","$","?","R","?","E","T","M","$","R","E","M","R","B",null,"M","?","M","M","$","R","E"],"character_chosen":"DEFECT","items_purchased":["Self Repair","Rip and Tear","Medical Kit","Lantern","Streamline"],"campfire_rested":0,"item_purchase_floors":[4,4,22,22,22],"current_hp_per_floor":[64,64,64,64,64,64,64,45,45,46,46,46,29,34,34,17,58,48,48,52,45,45,45,0],"gold":49,"neow_bonus":"THREE_ENEMY_KILL","is_prod":false,"is_daily":false,"chose_seed":false,"campfire_upgraded":4,"win_rate":0,"timestamp":1554552261,"path_taken":["M","M","M","$","?","R","?","E","T","M","?","R","E","?","R","BOSS","M","?","M","?","$","R","E"],"build_version":"2019-01-23","purchased_purges":2,"victory":false,"max_hp_per_floor":[71,71,71,71,71,71,71,71,71,71,71,71,71,71,71,71,71,71,71,71,71,71,71,71],"card_choices":[{"not_picked":["Steam","Hologram","Beam Cell"],"picked":"SKIP","floor":1},{"not_picked":["Force Field","Hologram"],"picked":"Conserve Battery","floor":2},{"not_picked":["Go for the Eyes","Scrape","Gash"],"picked":"SKIP","floor":3},{"not_picked":["Steam","Go for the Eyes"],"picked":"Hologram","floor":8},{"not_picked":["Turbo","Conserve Battery"],"picked":"Coolheaded","floor":10},{"not_picked":["Fusion","Rebound"],"picked":"Defragment","floor":13},{"not_picked":["Sweeping Beam","Gash"],"picked":"Capacitor","floor":14},{"not_picked":["Thunder Strike","Buffer"],"picked":"Biased Cognition","floor":16},{"not_picked":["Reinforced Body","Lockon"],"picked":"Coolheaded","floor":18},{"not_picked":["Stack","Reinforced Body","Steam"],"picked":"SKIP","floor":20},{"not_picked":["Double Energy","Stack"],"picked":"Coolheaded","floor":21}],"player_experience":2926155,"relics_obtained":[{"floor":8,"key":"War Paint"},{"floor":9,"key":"Sundial"},{"floor":13,"key":"Smiling Mask"}],"event_choices":[{"damage_healed":0,"gold_gain":0,"cards_transformed":["Strike_B"],"player_choice":"Change","damage_taken":0,"max_hp_gain":0,"max_hp_loss":0,"event_name":"Living Wall","floor":5,"gold_loss":0,"cards_obtained":["Cold Snap"]},{"damage_healed":0,"gold_gain":0,"player_choice":"Leave","damage_taken":0,"max_hp_gain":0,"max_hp_loss":0,"event_name":"The Cleric","floor":7,"gold_loss":0},{"damage_healed":0,"gold_gain":275,"player_choice":"Desecrate","damage_taken":0,"max_hp_gain":0,"max_hp_loss":0,"event_name":"Golden Shrine","floor":19,"gold_loss":0,"cards_obtained":["Regret"]}],"is_beta":false,"boss_relics":[{"not_picked":["FrozenCore","Runic Dome"],"picked":"Nuclear Battery"}],"items_purged_floors":[11,22],"is_endless":false,"potions_floor_spawned":[2,8,10,16,18],"killed_by":"Slavers","ascension_level":20}