{"gold_per_floor":[116,128,128,146,165,165,193,193,193,205,62,62,87,99,99,172,172,182,182,160,435,360,360],"floor_reached":23,"playtime":736,"items_purged":["Defend_B","Regret"],"score":402,"play_id":"b1c74675-81de-4531-8bfa-9a7a66337bbd","local_time":"20190222224146","is_ascension_mode":true,"campfire_choices":[{"floor":6,"key":"REST"},{"floor":8,"key":"REST"},{"floor":12,"key":"REST"},{"floor":15,"key":"RECALL"}],"neow_cost":"NONE","seed_source_timestamp":211565282779200,"circlet_count":0,"master_deck":["AscendersBane","Strike_B","Strike_B","Strike_B","Strike_B","Defend_B","Defend_B","Zap","Dualcast","Cold Snap","Self Repair","Darkness","BootSequence","Defragment","White Noise","Fission","Cold Snap"],"relics":["Fusion Hammer","Oddly Smooth Stone","Smiling Mask","Meat on the Bone","Inserter"],"potions_floor_usage":[5,16],"damage_taken":[{"damage":0,"enemies":"Cultist","floor":1,"turns":3},{"damage":0,"enemies":"2 Louse","floor":2,"turns":3},{"damage":0,"enemies":"Jaw Worm","floor":4,"turns":5},{"damage":35,"enemies":"Gremlin Gang","floor":5,"turns":5},{"damage":37,"enemies":"3 Sentries","floor":7,"turns":7},{"damage":3,"enemies":"Looter","floor":10,"turns":3},{"damage":11,"enemies":"Lagavulin","floor":13,"turns":7},{"damage":0,"enemies":"2 Fungi Beasts","floor":14,"turns":4},{"damage":31,"enemies":"Slime Boss","floor":16,"turns":8},{"damage":33,"enemies":"Shell Parasite","floor":18,"turns":7},{"damage":32,"enemies":"2 Thieves","floor":20,"turns":5},{"damage":0,"enemies":"Slavers","floor":23,"turns":1}],"seed_played":"2904846425011688472","potions_obtained":[{"floor":1,"key":"AttackPotion"},{"floor":4,"key":"EssenceOfSteel"},{"floor":7,"key":"Dexterity Potion"},{"floor":18,"key":"Energy Potion"}],"is_trial":false,"path_per_floor":["M","M","?","M","M","R","E","R","T","M","$","R","E","M","R","B",null,"M","?","M","?","$","E"],"character_chosen":"DEFECT","items_purchased":["Defragment","Explosive Potion","Cold Snap"],"campfire_rested":3,"item_purchase_floors":[11,11,22],"current_hp_per_floor":[64,64,64,64,36,57,27,48,48,52,52,71,67,71,71,47,65,51,51,38,38,38,38],"gold":360,"neow_bonus":"BOSS_RELIC","is_prod":false,"is_daily":false,"chose_seed":false,"campfire_upgraded":0,"win_rate":0,"timestamp":1550842906,"path_taken":["M","M","?","M","?","R","E","R","T","M","$","R","E","M","R","BOSS","M","?","?","?","$","E"],"build_version":"2019-01-23","purchased_purges":2,"victory":false,"max_hp_per_floor":[71,71,71,71,71,71,71,71,71,71,71,71,71,71,71,71,71,71,71,71,71,71,71],"card_choices":[{"not_picked":["Storm","Sweeping Beam"],"picked":"Cold Snap","floor":1},{"not_picked":["Tempest","Go for the Eyes","Conserve Battery"],"picked":"SKIP","floor":2},{"not_picked":["Skim","Steam"],"picked":"Self Repair","floor":4},{"not_picked":["Fission","Redo"],"picked":"Darkness","floor":5},{"not_picked":["Gash","Compile Driver"],"picked":"BootSequence","floor":7},{"not_picked":["Recycle","Lockon","Undo"],"picked":"SKIP","floor":10},{"not_picked":["Storm","Tempest"],"picked":"White Noise","floor":13},{"not_picked":["Steam","Storm","Lockon"],"picked":"SKIP","floor":14},{"not_picked":["Hyperbeam","Meteor Strike"],"picked":"Fission","floor":16},{"not_picked":["Tempest","Compile Driver","Beam Cell+1"],"picked":"SKIP","floor":18},{"not_picked":["Steam","Ball Lightning","Streamline"],"picked":"SKIP","floor":20}],"player_experience":1749309,"relics_obtained":[{"floor":7,"key":"Oddly Smooth Stone"},{"floor":9,"key":"Smiling Mask"},{"floor":13,"key":"Meat on the Bone"}],"event_choices":[{"damage_healed":0,"gold_gain":0,"player_choice":"0 cards matched","damage_taken":0,"max_hp_gain":0,"max_hp_loss":0,"event_name":"Match and Keep!","floor":3,"gold_loss":0,"cards_obtained":[]},{"cards_removed":["Defend_B"],"damage_healed":0,"gold_gain":0,"player_choice":"Purged","damage_taken":0,"max_hp_gain":0,"max_hp_loss":0,"event_name":"Purifier","floor":19,"gold_loss":0},{"damage_healed":0,"gold_gain":275,"player_choice":"Desecrate","damage_taken":0,"max_hp_gain":0,"max_hp_loss":0,"event_name":"Golden Shrine","floor":21,"gold_loss":0,"cards_obtained":["Regret"]}],"is_beta":false,"boss_relics":[{"not_picked":["Coffee Dripper","Velvet Choker"],"picked":"Inserter"}],"items_purged_floors":[11,22],"is_endless":false,"potions_floor_spawned":[1,4,7,13,18],"killed_by":"Slavers","ascension_level":20}