{"gold_per_floor":[10,85,98,98,98,98,127,138,162,162,172,189,189,208,208,287,287,307,327,89,114,134,159,159,176,227,261,288,300,312,356,368,455,467,493,505,517,541,573,612,359,359,410,423,202,219,319,350,350,350,350,350,350,66,95,95],"floor_reached":57,"playtime":2686,"items_purged":["Strike_R","Fiend Fire"],"score":2919,"play_id":"dff98f9c-9abe-428a-9416-1fff2b18f762","local_time":"20190424150607","is_ascension_mode":true,"campfire_choices":[{"data":"Carnage","floor":6,"key":"SMITH"},{"data":"Bash","floor":10,"key":"SMITH"},{"data":"Pommel Strike","floor":13,"key":"SMITH"},{"data":"Flame Barrier","floor":15,"key":"SMITH"},{"data":"Entrench","floor":24,"key":"SMITH"},{"data":"Armaments","floor":30,"key":"SMITH"},{"floor":32,"key":"REST"},{"data":"Barricade","floor":42,"key":"SMITH"},{"floor":49,"key":"RECALL"},{"data":"Dark Embrace","floor":53,"key":"SMITH"}],"neow_cost":"NO_GOLD","seed_source_timestamp":182382729446300,"circlet_count":0,"master_deck":["AscendersBane","Defend_R","Defend_R","Defend_R","Defend_R","Bash+1","Second Wind","Pommel Strike+1","Carnage+1","Shrug It Off","Sentinel","Flame Barrier+1","Juggernaut","Shockwave+1","Feel No Pain","Entrench+1","Disarm","Body Slam","Armaments+1","Berserk","Corruption+1","Barricade+1","Shrug It Off+1","Intimidate","Dark Embrace+1","Warcry","Shrug It Off","Disarm","Battle Trance+1"],"relics":["Burning Blood","Centennial Puzzle","PreservedInsect","Runic Dome","Red Skull","Bag of Preparation","MawBank","Du-Vu Doll","Runic Pyramid","Potion Belt","Pantograph","Bronze Scales","Ancient Tea Set","Girya","Regal Pillow","Gambling Chip"],"potions_floor_usage":[16,16,23,27,33,33,56,56,56,56],"damage_taken":[{"damage":21,"enemies":"Jaw Worm","floor":1,"turns":4},{"damage":4,"enemies":"Small Slimes","floor":3,"turns":4},{"damage":10,"enemies":"3 Sentries","floor":7,"turns":7},{"damage":0,"enemies":"2 Louse","floor":8,"turns":3},{"damage":12,"enemies":"Gremlin Gang","floor":11,"turns":5},{"damage":6,"enemies":"Red Slaver","floor":12,"turns":2},{"damage":2,"enemies":"Exordium Wildlife","floor":14,"turns":3},{"damage":0,"enemies":"Slime Boss","floor":16,"turns":8},{"damage":11,"enemies":"2 Thieves","floor":18,"turns":4},{"damage":2,"enemies":"3 Byrds","floor":19,"turns":3},{"damage":23,"enemies":"Centurion and Healer","floor":22,"turns":4},{"damage":11,"enemies":"Slavers","floor":23,"turns":4},{"damage":9,"enemies":"Cultist and Chosen","floor":25,"turns":5},{"damage":22,"enemies":"Gremlin Leader","floor":27,"turns":6},{"damage":0,"enemies":"3 Cultists","floor":28,"turns":5},{"damage":10,"enemies":"Book of Stabbing","floor":31,"turns":6},{"damage":47,"enemies":"Automaton","floor":33,"turns":9},{"damage":6,"enemies":"3 Shapes","floor":35,"turns":4},{"damage":20,"enemies":"3 Darklings","floor":38,"turns":7},{"damage":3,"enemies":"Maw","floor":39,"turns":7},{"damage":15,"enemies":"Nemesis","floor":40,"turns":5},{"damage":2,"enemies":"4 Shapes","floor":44,"turns":6},{"damage":0,"enemies":"Writhing Mass","floor":46,"turns":4},{"damage":3,"enemies":"Mind Bloom Boss Battle","floor":47,"turns":5},{"damage":5,"enemies":"Reptomancer","floor":48,"turns":3},{"damage":37,"enemies":"Awakened One","floor":50,"turns":5},{"damage":39,"enemies":"Time Eater","floor":51,"turns":10},{"damage":9,"enemies":"Shield and Spear","floor":55,"turns":3},{"damage":8,"enemies":"The Heart","floor":56,"turns":4}],"seed_played":"7650772608611384432","potions_obtained":[{"floor":1,"key":"PowerPotion"},{"floor":3,"key":"PowerPotion"},{"floor":16,"key":"Swift Potion"},{"floor":18,"key":"EssenceOfSteel"},{"floor":23,"key":"Explosive Potion"},{"floor":27,"key":"PowerPotion"},{"floor":31,"key":"SkillPotion"},{"floor":38,"key":"Weak Potion"},{"floor":44,"key":"Dexterity Potion"},{"floor":46,"key":"SteroidPotion"}],"is_trial":false,"path_per_floor":["M","?","M","?","?","R","E","M","T","R","M","M","R","M","R","B",null,"M","M","$","T","M","E","R","M","T","E","M","?","R","E","R","B",null,"M","?","?","M","M","E","$","R","T","M","$","M","?","E","R","B","B",null,"R","$","E","B",null],"character_chosen":"IRONCLAD","items_purchased":["Red Skull","Pantograph","PowerPotion","Ancient Tea Set","PowerPotion","Shrug It Off","Disarm"],"campfire_rested":1,"item_purchase_floors":[20,41,45,45,54,54,54],"current_hp_per_floor":[53,42,44,69,69,69,65,71,71,71,65,65,65,69,69,75,75,70,74,74,74,57,52,52,49,49,33,39,39,39,35,57,16,60,60,60,60,46,49,40,40,40,40,44,44,50,75,75,75,44,36,65,65,65,62,73],"gold":95,"neow_bonus":"REMOVE_TWO","is_prod":false,"is_daily":false,"chose_seed":false,"campfire_upgraded":8,"win_rate":0,"timestamp":1556085967,"path_taken":["M","?","M","?","?","R","E","M","T","R","?","M","R","M","R","BOSS","M","?","$","?","M","E","R","M","T","E","M","?","R","E","R","BOSS","M","?","?","?","M","E","$","R","T","M","$","M","?","E","R","BOSS","BOSS","R","$","E","BOSS"],"build_version":"2019-01-23","purchased_purges":2,"victory":true,"max_hp_per_floor":[75,75,75,75,75,75,75,75,75,75,75,75,75,75,75,75,75,75,75,75,75,75,75,75,75,75,75,75,75,75,75,75,75,75,75,75,75,75,75,75,75,75,75,75,75,75,75,75,75,75,75,75,75,75,75,75],"card_choices":[{"not_picked":["Anger","Heavy Blade"],"picked":"Second Wind","floor":1},{"not_picked":["Hemokinesis","Heavy Blade"],"picked":"Pommel Strike","floor":3},{"not_picked":["Heavy Blade","Hemokinesis","Clash"],"picked":"SKIP","floor":7},{"not_picked":["Heavy Blade","Hemokinesis","Clash"],"picked":"SKIP","floor":7},{"not_picked":["Burning Pact","Second Wind"],"picked":"Shrug It Off","floor":8},{"not_picked":["Rupture","Thunderclap","Headbutt"],"picked":"SKIP","floor":11},{"not_picked":["Sentinel","Clash","Blood for Blood"],"picked":"SKIP","floor":12},{"not_picked":["Clash","Blood for Blood"],"picked":"Sentinel","floor":12},{"not_picked":["Armaments","Dropkick"],"picked":"Flame Barrier","floor":14},{"not_picked":["Reaper","Berserk"],"picked":"Juggernaut","floor":16},{"not_picked":["Hemokinesis","Perfected Strike","Pommel Strike"],"picked":"SKIP","floor":18},{"not_picked":["Body Slam","Perfected Strike"],"picked":"Shockwave+1","floor":19},{"not_picked":["Perfected Strike","Pummel"],"picked":"Feel No Pain","floor":22},{"not_picked":["Searing Blow","Clash+1"],"picked":"Entrench","floor":23},{"not_picked":["Warcry","Anger+1"],"picked":"Disarm","floor":25},{"not_picked":["Burning Pact","Seeing Red+1"],"picked":"Body Slam","floor":27},{"not_picked":["Sword Boomerang","Twin Strike"],"picked":"Armaments","floor":28},{"not_picked":["Wild Strike","Berserk"],"picked":"Entrench","floor":31},{"not_picked":["Bludgeon","Immolate"],"picked":"Fiend Fire","floor":33},{"not_picked":["Perfected Strike","Combust","Iron Wave"],"picked":"SKIP","floor":35},{"not_picked":["Perfected Strike","Clothesline+1"],"picked":"Corruption+1","floor":38},{"not_picked":["Flex+1","Armaments"],"picked":"Barricade","floor":39},{"not_picked":["Flex","Twin Strike"],"picked":"Shrug It Off+1","floor":40},{"not_picked":["Thunderclap","Pommel Strike"],"picked":"Intimidate","floor":44},{"not_picked":["Heavy Blade","Thunderclap","Clash+1"],"picked":"SKIP","floor":46},{"not_picked":["Heavy Blade","Thunderclap","Clash+1"],"picked":"SKIP","floor":46},{"not_picked":["True Grit+1","Pommel Strike+1"],"picked":"Dark Embrace","floor":47},{"not_picked":["Wild Strike","Infernal Blade+1"],"picked":"Warcry","floor":48},{"not_picked":["Rage","Iron Wave"],"picked":"Battle Trance+1","floor":55}],"player_experience":3338472,"relics_obtained":[{"floor":7,"key":"Centennial Puzzle"},{"floor":9,"key":"PreservedInsect"},{"floor":21,"key":"Bag of Preparation"},{"floor":27,"key":"MawBank"},{"floor":31,"key":"Du-Vu Doll"},{"floor":40,"key":"Potion Belt"},{"floor":43,"key":"Bronze Scales"},{"floor":47,"key":"Girya"},{"floor":48,"key":"Regal Pillow"},{"floor":55,"key":"Gambling Chip"}],"event_choices":[{"damage_healed":0,"gold_gain":75,"player_choice":"Gather Gold","damage_taken":11,"max_hp_gain":0,"max_hp_loss":0,"event_name":"World of Goop","floor":2,"gold_loss":0},{"damage_healed":25,"gold_gain":0,"player_choice":"Banana","damage_taken":0,"max_hp_gain":0,"max_hp_loss":0,"event_name":"Big Fish","floor":4,"gold_loss":0},{"damage_healed":0,"gold_gain":0,"cards_transformed":["Strike_R"],"player_choice":"Transformed","damage_taken":0,"max_hp_gain":0,"max_hp_loss":0,"event_name":"Transmorgrifier","floor":5,"gold_loss":0,"cards_obtained":["Carnage"]},{"damage_healed":0,"gold_gain":0,"player_choice":"Ignored","damage_taken":0,"max_hp_gain":0,"max_hp_loss":0,"event_name":"The Mausoleum","floor":29,"gold_loss":0},{"cards_removed":["Entrench"],"damage_healed":0,"gold_gain":0,"player_choice":"Removed Skill","damage_taken":0,"max_hp_gain":0,"max_hp_loss":0,"event_name":"Falling","floor":36,"gold_loss":0},{"damage_healed":0,"gold_gain":0,"cards_transformed":["Strike_R"],"player_choice":"Transformed","damage_taken":0,"max_hp_gain":0,"max_hp_loss":0,"event_name":"Transmorgrifier","floor":37,"gold_loss":0,"cards_obtained":["Berserk"]},{"damage_healed":0,"gold_gain":0,"player_choice":"Fight","damage_taken":0,"max_hp_gain":0,"max_hp_loss":0,"event_name":"MindBloom","floor":47,"gold_loss":0}],"is_beta":false,"boss_relics":[{"not_picked":["Astrolabe","Busted Crown"],"picked":"Runic Dome"},{"not_picked":["Orrery","Eternal Feather"],"picked":"Runic Pyramid"}],"items_purged_floors":[20,54],"is_endless":false,"potions_floor_spawned":[1,3,8,16,18,23,27,31,38,44,46,48],"ascension_level":20}