{"path_per_floor":["M","?","?","$","M","R","E","R","T","M","$","E","?","M","R"],"character_chosen":"IRONCLAD","items_purchased":["True Grit","Fiend Fire"],"gold_per_floor":[10,85,85,37,56,56,87,87,112,130,53,78,78,94,94,94],"floor_reached":16,"campfire_rested":1,"playtime":718,"current_hp_per_floor":[68,57,57,57,59,59,25,25,25,26,26,22,15,15,39,0],"items_purged":[],"gold":94,"score":162,"play_id":"a9d03aff-f644-4595-a68d-6aabdafc25cf","local_time":"20180411140152","is_prod":false,"is_daily":false,"chose_seed":false,"is_ascension_mode":true,"campfire_upgraded":2,"timestamp":1523426512,"path_taken":["M","?","?","?","?","R","E","R","T","M","$","E","?","M","R","BOSS"],"build_version":"2018-04-10","seed_source_timestamp":1382855396921992,"purchased_purges":0,"victory":false,"master_deck":["Strike_R","Strike_R+1","Strike_R+1","Strike_R","Strike_R","Defend_R","Defend_R","Defend_R","Bash","AscendersBane","Dark Embrace+1","Feel No Pain+1","True Grit","Rage","Sentinel","Clash","Fiend Fire","Thunderclap"],"max_hp_per_floor":[80,80,80,80,80,80,80,80,80,80,80,80,80,80,80,80],"relics":["Burning Blood","Whetstone","Prayer Wheel","Dream Catcher"],"card_choices":[{"not_picked":["Fiend Fire","Juggernaut"],"picked":"Dark Embrace","floor":0},{"not_picked":["Warcry","Iron Wave"],"picked":"Feel No Pain","floor":1},{"not_picked":["Headbutt","Clash"],"picked":"Rage","floor":5},{"not_picked":["Cleave","Dark Embrace"],"picked":"Sentinel","floor":7},{"not_picked":["Pommel Strike","Sword Boomerang"],"picked":"Clash","floor":10},{"not_picked":["Flame Barrier","Intimidate"],"picked":"Thunderclap","floor":15}],"player_experience":263597,"potions_floor_usage":[7,12,12],"damage_taken":[{"damage":10,"enemies":"Small Slimes","floor":1,"turns":4},{"damage":4,"enemies":"2 Louse","floor":5,"turns":4},{"damage":40,"enemies":"Gremlin Nob","floor":7,"turns":6},{"damage":5,"enemies":"Jaw Worm","floor":10,"turns":6},{"damage":10,"enemies":"Lagavulin","floor":12,"turns":8},{"damage":6,"enemies":"Blue Slaver","floor":14,"turns":5},{"damage":42,"enemies":"Hexaghost","floor":16,"turns":9}],"event_choices":[{"event_name":"World of Goop","player_choice":"Gather Gold","floor":2,"damage_taken":0},{"event_name":"Liars Game","player_choice":"disagreed","floor":3,"damage_taken":0},{"event_name":"Golden Wing","player_choice":"Card Removal","floor":13,"damage_taken":0}],"boss_relics":[],"potions_floor_spawned":[1,7,10],"seed_played":"-4918924512505191601","killed_by":"Hexaghost","ascension_level":10,"is_trial":false}