{"gold_per_floor":[109,109,109,34,34,34,59,59,59,94,113,156,180,213,213,302,302,321,321,321,321,321,321,340,59,59,59,59,86,121,133,133,133],"floor_reached":33,"playtime":736,"items_purged":[],"score":658,"play_id":"ce6a502d-5d16-4508-ab42-3f29f80c4117","local_time":"20190328112722","is_ascension_mode":true,"campfire_choices":[{"data":"Inflame","floor":6.0,"key":"SMITH"},{"data":"Fiend Fire","floor":8.0,"key":"SMITH"},{"floor":15.0,"key":"REST"},{"data":"Offering","floor":23.0,"key":"SMITH"},{"data":"Armaments","floor":32.0,"key":"SMITH"}],"neow_cost":"NONE","seed_source_timestamp":33092359147100,"circlet_count":0,"master_deck":["AscendersBane","Strike_R","Strike_R+1","Strike_R","Defend_R","Defend_R","Defend_R","Defend_R","Bash+1","Inflame+1","Fiend Fire+1","Armaments+1","Offering+1","Armaments+1","Ghostly","Ghostly","Ghostly","Dropkick","Dropkick+1","Feel No Pain"],"special_seed":0,"relics":["Burning Blood","NeowsBlessing","Bloody Idol","Juzu Bracelet","Vajra","Bronze Scales","Whetstone","Black Star","Enchiridion","Sundial","Orichalcum","Smiling Mask","Blue Candle","Unceasing Top"],"potions_floor_usage":[33],"damage_taken":[{"damage":0.0,"enemies":"Jaw Worm","floor":1.0,"turns":1.0},{"damage":0.0,"enemies":"Small Slimes","floor":7.0,"turns":1.0},{"damage":0.0,"enemies":"Lagavulin","floor":10.0,"turns":1.0},{"damage":7.0,"enemies":"2 Louse","floor":11.0,"turns":3.0},{"damage":31.0,"enemies":"3 Sentries","floor":12.0,"turns":6.0},{"damage":11.0,"enemies":"Looter","floor":13.0,"turns":3.0},{"damage":15.0,"enemies":"Lagavulin","floor":14.0,"turns":5.0},{"damage":33.0,"enemies":"Slime Boss","floor":16.0,"turns":6.0},{"damage":17.0,"enemies":"Spheric Guardian","floor":18.0,"turns":3.0},{"damage":3.0,"enemies":"3 Byrds","floor":24.0,"turns":3.0},{"damage":1.0,"enemies":"Book of Stabbing","floor":30.0,"turns":3.0},{"damage":1.0,"enemies":"Snake Plant","floor":31.0,"turns":3.0},{"damage":36,"enemies":"Collector","floor":33,"turns":5}],"seed_played":"-3708237863062491985","potions_obtained":[{"floor":1.0,"key":"Fruit Juice"},{"floor":7.0,"key":"EntropicBrew"},{"floor":13.0,"key":"AttackPotion"},{"floor":18.0,"key":"SkillPotion"},{"floor":30.0,"key":"Block Potion"}],"is_trial":false,"path_per_floor":["M","$","?","?","?","R","M","R","T","E","M","E","M","E","R","B",null,"M","?","?","?","?","R","M","$","T","?","?","T","E","M","R","B"],"character_chosen":"IRONCLAD","items_purchased":["Sundial"],"campfire_rested":1,"item_purchase_floors":[25],"current_hp_per_floor":[74,74,74,74,48,48,59,59,59,65,64,39,34,25,49,22,66,55,40,40,40,19,19,22,22,22,22,22,27,37,40,40,4],"gold":133,"neow_bonus":"THREE_ENEMY_KILL","is_prod":false,"is_daily":false,"chose_seed":false,"campfire_upgraded":4,"win_rate":0,"timestamp":1553740042,"path_taken":["M","$","?","?","?","R","M","R","T","E","M","E","M","E","R","BOSS","M","?","?","?","?","R","M","$","T","?","?","?","E","M","R","BOSS"],"build_version":"2019-01-23","purchased_purges":0,"victory":false,"max_hp_per_floor":[75,75,75,75,75,75,80,80,80,80,80,80,80,80,80,80,80,80,40,40,40,40,40,40,40,40,40,40,40,40,40,40,40],"card_choices":[{"not_picked":["Disarm","Shrug It Off"],"picked":"Inflame","floor":1.0},{"not_picked":["Body Slam","Pommel Strike","Armaments"],"picked":"SKIP","floor":7.0},{"not_picked":["Armaments","Twin Strike","Wild Strike"],"picked":"SKIP","floor":10.0},{"not_picked":["Clash","Thunderclap","Dual Wield"],"picked":"SKIP","floor":11.0},{"not_picked":["Heavy Blade","Twin Strike"],"picked":"Armaments","floor":12.0},{"not_picked":["Searing Blow","Iron Wave","Havoc"],"picked":"SKIP","floor":13.0},{"not_picked":["Searing Blow","Twin Strike","Dual Wield"],"picked":"SKIP","floor":14.0},{"not_picked":["Barricade","Juggernaut"],"picked":"Offering","floor":16.0},{"not_picked":["Pommel Strike","Anger"],"picked":"Armaments+1","floor":18.0},{"not_picked":["Sever Soul+1","Armaments"],"picked":"Dropkick+1","floor":24.0},{"not_picked":["Twin Strike","Fire Breathing"],"picked":"Feel No Pain","floor":30.0},{"not_picked":["Sword Boomerang+1","Armaments","Wild Strike"],"picked":"SKIP","floor":31.0}],"player_experience":2660341,"relics_obtained":[{"floor":9.0,"key":"Juzu Bracelet"},{"floor":10.0,"key":"Vajra"},{"floor":12.0,"key":"Bronze Scales"},{"floor":14.0,"key":"Whetstone"},{"floor":22.0,"key":"Enchiridion"},{"floor":26.0,"key":"Orichalcum"},{"floor":29.0,"key":"Smiling Mask"},{"floor":30.0,"key":"Blue Candle"},{"floor":30.0,"key":"Unceasing Top"}],"event_choices":[{"damage_healed":0.0,"max_hp_gain":0.0,"max_hp_loss":0.0,"gold_gain":0.0,"cards_transformed":["Strike_R"],"event_name":"Living Wall","player_choice":"Change","floor":3.0,"gold_loss":0.0,"damage_taken":0.0,"cards_obtained":["Fiend Fire"]},{"cards_removed":["Strike_R"],"damage_healed":0.0,"max_hp_gain":0.0,"max_hp_loss":0.0,"gold_gain":0.0,"event_name":"The Cleric","player_choice":"Card Removal","floor":4.0,"gold_loss":75.0,"damage_taken":0.0},{"damage_healed":0.0,"max_hp_gain":0.0,"max_hp_loss":0.0,"gold_gain":0.0,"event_name":"Golden Idol","player_choice":"Take Damage","floor":5.0,"gold_loss":0.0,"damage_taken":26.0,"relics_obtained":["Golden Idol"]},{"damage_healed":0.0,"max_hp_gain":0.0,"max_hp_loss":40.0,"gold_gain":0.0,"event_name":"Ghosts","player_choice":"Became a Ghost","floor":19.0,"gold_loss":0.0,"damage_taken":0.0,"cards_obtained":["Ghostly","Ghostly","Ghostly"]},{"damage_healed":0.0,"max_hp_gain":0.0,"max_hp_loss":0.0,"gold_gain":0.0,"event_name":"The Library","player_choice":"Read","floor":20.0,"gold_loss":0.0,"damage_taken":0.0,"cards_obtained":["Dropkick"]},{"damage_healed":0.0,"max_hp_gain":0.0,"max_hp_loss":0.0,"gold_gain":0.0,"event_name":"The Mausoleum","player_choice":"Ignored","floor":21.0,"gold_loss":0.0,"damage_taken":0.0},{"damage_healed":0.0,"max_hp_gain":0.0,"max_hp_loss":0.0,"gold_gain":0.0,"event_name":"Cursed Tome","player_choice":"Obtained Book","floor":22.0,"gold_loss":0.0,"damage_taken":21.0},{"damage_healed":0.0,"max_hp_gain":0.0,"max_hp_loss":0.0,"gold_gain":0.0,"event_name":"Forgotten Altar","player_choice":"Gave Idol","floor":27.0,"relics_lost":["Golden Idol"],"gold_loss":0.0,"damage_taken":0.0,"relics_obtained":["Bloody Idol"]},{"damage_healed":0.0,"max_hp_gain":0.0,"max_hp_loss":0.0,"gold_gain":0.0,"event_name":"Vampires","player_choice":"Ignored","floor":28.0,"gold_loss":0.0,"damage_taken":0.0}],"is_beta":false,"boss_relics":[{"not_picked":["Lizard Tail","Eternal Feather"],"picked":"Black Star"}],"items_purged_floors":[],"is_endless":false,"potions_floor_spawned":[1,7,13,18,30],"killed_by":"Collector","ascension_level":20}