{"gold_per_floor":[110,110,120,131,131,157,157,175,248,348,348,375,393,418,418,514,514,527,121,138,63,77,77,26,52,52,52,65,65],"floor_reached":29,"playtime":1633,"items_purged":["Strike_B"],"score":549,"play_id":"96524911-fab9-4d26-a21d-7738332e2296","local_time":"20180827214823","is_ascension_mode":true,"campfire_choices":[{"data":"Zap","floor":7,"key":"SMITH"},{"data":"Dualcast","floor":11,"key":"SMITH"},{"data":"Hologram","floor":15,"key":"SMITH"},{"floor":23,"key":"REST"},{"data":"White Noise","floor":27,"key":"SMITH"}],"neow_cost":"TEN_PERCENT_HP_LOSS","seed_source_timestamp":1306060749013,"circlet_count":0,"master_deck":["Strike_B+1","Strike_B+1","Defend_B","Defend_B","Defend_B","Zap+1","Dualcast+1","AscendersBane","Auto Shields","Hologram+1","Compile Driver","All For One","White Noise+1","Cold Snap","Doom and Gloom","Thunder Strike","Conserve Battery","Defragment","Barrage","Barrage+1","Go for the Eyes+1","Ball Lightning","Compile Driver","Seek"],"relics":["Cracked Core","Du-Vu Doll","Thread and Needle","Matryoshka","Whetstone","Calipers","Inserter","Pear","Mango","Lantern","Bottled Lightning"],"potions_floor_usage":[6,12,12,14,25,29],"damage_taken":[{"damage":0,"enemies":"2 Louse","floor":1,"turns":4},{"damage":1,"enemies":"Jaw Worm","floor":3,"turns":3},{"damage":0,"enemies":"Cultist","floor":4,"turns":4},{"damage":19,"enemies":"Lagavulin","floor":6,"turns":6},{"damage":0,"enemies":"Looter","floor":8,"turns":3},{"damage":25,"enemies":"Gremlin Nob","floor":12,"turns":5},{"damage":0,"enemies":"3 Louse","floor":13,"turns":1},{"damage":0,"enemies":"3 Sentries","floor":14,"turns":6},{"damage":0,"enemies":"Hexaghost","floor":16,"turns":9},{"damage":6,"enemies":"Chosen","floor":18,"turns":4},{"damage":3,"enemies":"Shell Parasite","floor":20,"turns":5},{"damage":28,"enemies":"Shelled Parasite and Fungi","floor":22,"turns":4},{"damage":31,"enemies":"Book of Stabbing","floor":25,"turns":4},{"damage":15,"enemies":"Centurion and Healer","floor":28,"turns":4},{"damage":34,"enemies":"Colosseum Slavers","floor":29,"turns":3}],"seed_played":"-4770570453706733160","potions_obtained":[{"floor":1,"key":"AttackPotion"},{"floor":6,"key":"EssenceOfSteel"},{"floor":8,"key":"GamblersBrew"},{"floor":13,"key":"EssenceOfSteel"},{"floor":18,"key":"LiquidBronze"},{"floor":28,"key":"Regen Potion"}],"is_trial":false,"path_per_floor":["M","?","M","M","$","E","R","M","T","?","R","E","M","E","R","B",null,"M","$","M","?","M","R","$","E","T","R","M"],"character_chosen":"DEFECT","items_purchased":["Defragment","Barrage","Pear","Ball Lightning"],"campfire_rested":1,"item_purchase_floors":[19,19,19,24],"current_hp_per_floor":[68,68,67,67,67,48,48,48,48,48,48,23,23,23,23,23,57,51,61,58,58,30,53,53,36,36,36,21,0],"gold":65,"neow_bonus":"ONE_RARE_RELIC","is_prod":false,"is_daily":false,"chose_seed":false,"campfire_upgraded":4,"win_rate":0,"timestamp":1535377703,"path_taken":["M","?","M","M","$","E","R","M","T","?","R","E","M","E","R","BOSS","M","$","M","?","M","R","$","E","T","R","M","?"],"build_version":"2018-08-23v2","purchased_purges":1,"victory":false,"max_hp_per_floor":[68,68,68,68,68,68,68,68,68,68,68,68,68,68,68,68,68,68,78,78,78,78,78,78,92,92,92,92,92],"card_choices":[{"not_picked":["Compile Driver","Hologram"],"picked":"Auto Shields","floor":1},{"not_picked":["Beam Cell","White Noise"],"picked":"Hologram","floor":3},{"not_picked":["Conserve Battery","Lockon"],"picked":"Compile Driver","floor":4},{"not_picked":["Reprogram","Gash","Hologram"],"picked":"SKIP","floor":6},{"not_picked":["Hologram","Redo"],"picked":"All For One","floor":8},{"not_picked":["Streamline","Lockon"],"picked":"White Noise","floor":12},{"not_picked":["Barrage","Rebound"],"picked":"Cold Snap","floor":13},{"not_picked":["Hologram","Barrage"],"picked":"Doom and Gloom","floor":14},{"not_picked":["Machine Learning","Buffer"],"picked":"Thunder Strike","floor":16},{"not_picked":["Doom and Gloom","Compile Driver"],"picked":"Conserve Battery","floor":18},{"not_picked":["BootSequence","Chill"],"picked":"Barrage+1","floor":20},{"not_picked":["Genetic Algorithm+1","Gash"],"picked":"Go for the Eyes+1","floor":22},{"not_picked":["Redo","Darkness+1"],"picked":"Compile Driver","floor":25},{"not_picked":["Cold Snap+1","Go for the Eyes"],"picked":"Seek","floor":28}],"player_experience":469712,"relics_obtained":[{"floor":6,"key":"Thread and Needle"},{"floor":9,"key":"Matryoshka"},{"floor":12,"key":"Whetstone"},{"floor":14,"key":"Calipers"},{"floor":25,"key":"Mango"},{"floor":26,"key":"Lantern"},{"floor":26,"key":"Bottled Lightning"}],"event_choices":[{"event_name":"Living Wall","player_choice":"Forget","floor":2,"damage_taken":0},{"event_name":"Golden Shrine","player_choice":"Pray","floor":10,"damage_taken":0},{"event_name":"Beggar","player_choice":"Gave Gold","floor":21,"damage_taken":0},{"event_name":"Colosseum","player_choice":"Fight","floor":29,"damage_taken":0}],"is_beta":true,"boss_relics":[{"not_picked":["Runic Dome","Calling Bell"],"picked":"Inserter"}],"items_purged_floors":[19],"is_endless":false,"potions_floor_spawned":[1,6,8,13,18,28],"killed_by":"Colosseum Slavers","ascension_level":11}