{"gold_per_floor":[359,375,375,375,389,389,420,433,433,29,29,48,48,81,81,158,158,172,172,190,222,272,272,300,300,300,300,314,330,348,365,365,439,439,450,450,496,513,530,530,530],"floor_reached":41,"playtime":2021,"items_purged":[],"score":1146,"play_id":"1bd6aa32-b00d-4b5e-9b12-2d3b43dbc447","local_time":"20190228184107","is_ascension_mode":true,"campfire_choices":[{"data":"Bash","floor":6,"key":"SMITH"},{"data":"Strike_R","floor":11,"key":"PURGE"},{"data":"Rampage","floor":13,"key":"SMITH"},{"data":"Strike_R","floor":15,"key":"PURGE"},{"data":"Strike_R+1","floor":23,"key":"PURGE"},{"data":"Strike_R+1","floor":25,"key":"PURGE"},{"data":"Barricade","floor":27,"key":"SMITH"},{"data":"True Grit","floor":32,"key":"SMITH"},{"data":"Rampage+1","floor":40,"key":"PURGE"}],"neow_cost":"TEN_PERCENT_HP_LOSS","seed_source_timestamp":207579837336000,"circlet_count":0,"master_deck":["AscendersBane","Defend_R+1","Defend_R+1","Defend_R+1","Defend_R+1","Bash+1","Evolve","Ghostly Armor","Impervious","True Grit+1","Dropkick","Barricade+1","Body Slam","Dropkick","Demon Form+1","Feel No Pain+1","Feed","Second Wind","Feel No Pain+1"],"relics":["Burning Blood","Mummified Hand","Peace Pipe","Girya","Medical Kit","Omamori","Coffee Dripper","Red Mask","Frozen Egg 2","Question Card","Philosopher\u0027s Stone","Ginger"],"potions_floor_usage":[7,7,14,16,21,24,33,38],"damage_taken":[{"damage":5,"enemies":"2 Louse","floor":1,"turns":3},{"damage":4,"enemies":"Jaw Worm","floor":2,"turns":4},{"damage":0,"enemies":"Small Slimes","floor":5,"turns":4},{"damage":8,"enemies":"Gremlin Nob","floor":7,"turns":3},{"damage":12,"enemies":"2 Fungi Beasts","floor":8,"turns":3},{"damage":21,"enemies":"Blue Slaver","floor":12,"turns":5},{"damage":17,"enemies":"Lagavulin","floor":14,"turns":8},{"damage":0,"enemies":"Hexaghost","floor":16,"turns":9},{"damage":24,"enemies":"Shell Parasite","floor":18,"turns":7},{"damage":2,"enemies":"Chosen","floor":20,"turns":5},{"damage":0,"enemies":"Masked Bandits","floor":21,"turns":5},{"damage":24,"enemies":"Slavers","floor":24,"turns":9},{"damage":7,"enemies":"Snecko","floor":28,"turns":8},{"damage":2,"enemies":"Centurion and Healer","floor":29,"turns":5},{"damage":10,"enemies":"Chosen and Byrds","floor":30,"turns":7},{"damage":10,"enemies":"Snake Plant","floor":31,"turns":4},{"damage":0,"enemies":"Champ","floor":33,"turns":5},{"damage":42,"enemies":"3 Shapes","floor":35,"turns":7},{"damage":16,"enemies":"2 Orb Walkers","floor":37,"turns":6},{"damage":46,"enemies":"3 Darklings","floor":38,"turns":9},{"damage":28,"enemies":"Spire Growth","floor":39,"turns":7},{"damage":0,"enemies":"Nemesis","floor":41,"turns":2}],"seed_played":"-2210142904004475540","potions_obtained":[{"floor":2,"key":"SteroidPotion"},{"floor":5,"key":"GamblersBrew"},{"floor":7,"key":"FearPotion"},{"floor":8,"key":"PowerPotion"},{"floor":18,"key":"AttackPotion"},{"floor":20,"key":"Weak Potion"},{"floor":21,"key":"FairyPotion"},{"floor":30,"key":"PowerPotion"},{"floor":37,"key":"BloodPotion"}],"is_trial":false,"path_per_floor":["M","M","?","?","M","R","E","M","T","$","R","M","R","E","R","B",null,"M","?","M","?","?","R","E","R","T","R","M","M","M","M","R","B",null,"M","?","?","M","M","R","E"],"character_chosen":"IRONCLAD","items_purchased":["Medical Kit","Impervious","True Grit"],"campfire_rested":0,"item_purchase_floors":[10,10,10],"current_hp_per_floor":[68,68,61,56,62,62,60,54,54,54,54,39,39,28,28,34,60,42,42,46,52,52,52,34,34,34,34,33,37,33,29,29,35,60,27,58,51,20,10,10,10],"gold":530,"neow_bonus":"TWO_FIFTY_GOLD","is_prod":false,"is_daily":false,"chose_seed":false,"campfire_upgraded":4,"win_rate":0,"timestamp":1551346867,"path_taken":["M","M","?","?","M","R","E","M","T","$","R","M","R","E","R","BOSS","M","?","M","?","?","R","E","R","T","R","M","M","?","M","R","BOSS","M","?","?","M","M","R","E"],"build_version":"2019-01-23","purchased_purges":0,"victory":false,"max_hp_per_floor":[68,68,68,68,68,68,68,68,68,68,68,68,68,68,68,68,68,68,68,68,68,68,68,68,68,68,68,68,68,68,68,68,68,68,71,58,61,64,64,64,64],"card_choices":[{"not_picked":["Perfected Strike","Clash","Heavy Blade"],"picked":"SKIP","floor":1},{"not_picked":["Inflame","Wild Strike"],"picked":"Evolve","floor":2},{"not_picked":["Clash","Wild Strike","Twin Strike"],"picked":"SKIP","floor":5},{"not_picked":["Iron Wave","Combust"],"picked":"Rampage","floor":7},{"not_picked":["Burning Pact","Havoc"],"picked":"Ghostly Armor","floor":8},{"not_picked":["Iron Wave","Thunderclap"],"picked":"Dropkick","floor":12},{"not_picked":["Pommel Strike","Berserk","Intimidate"],"picked":"SKIP","floor":14},{"not_picked":["Brutality","Berserk"],"picked":"Barricade","floor":16},{"not_picked":["Clothesline","Iron Wave"],"picked":"Body Slam","floor":18},{"not_picked":["Carnage","Anger"],"picked":"Dropkick","floor":20},{"not_picked":["Body Slam","Thunderclap","Anger"],"picked":"SKIP","floor":24},{"not_picked":["Disarm","Bloodletting","Corruption+1"],"picked":"Demon Form+1","floor":28},{"not_picked":["Searing Blow","Perfected Strike+1","Flex","Iron Wave+1"],"picked":"SKIP","floor":29},{"not_picked":["Flame Barrier","Twin Strike","Flex+1","Havoc"],"picked":"SKIP","floor":30},{"not_picked":["Uppercut","Ghostly Armor+1","Shrug It Off"],"picked":"Feel No Pain+1","floor":31},{"not_picked":["Exhume","Dark Embrace+1","Impervious"],"picked":"Feed","floor":33},{"not_picked":["Inflame+1","Cleave","True Grit","Headbutt"],"picked":"SKIP","floor":35},{"not_picked":["Perfected Strike+1","True Grit","Anger"],"picked":"Second Wind","floor":38},{"not_picked":["Wild Strike+1","Headbutt","Blood for Blood"],"picked":"Feel No Pain+1","floor":39}],"player_experience":1895563,"relics_obtained":[{"floor":7,"key":"Peace Pipe"},{"floor":9,"key":"Girya"},{"floor":14,"key":"Omamori"},{"floor":21,"key":"Red Mask"},{"floor":24,"key":"Frozen Egg 2"},{"floor":26,"key":"Question Card"},{"floor":37,"key":"Ginger"}],"event_choices":[{"cards_removed":["Strike_R"],"damage_healed":0,"gold_gain":0,"player_choice":"Card Removal","damage_taken":7,"max_hp_gain":0,"max_hp_loss":0,"event_name":"Golden Wing","floor":3,"gold_loss":0},{"damage_healed":0,"gold_gain":0,"player_choice":"Success","damage_taken":5,"relics_obtained":["Mummified Hand"],"max_hp_gain":0,"max_hp_loss":0,"event_name":"Scrap Ooze","floor":4,"gold_loss":0},{"damage_healed":0,"gold_gain":0,"player_choice":"Simplicity","damage_taken":0,"max_hp_gain":0,"max_hp_loss":0,"event_name":"Back to Basics","floor":19,"gold_loss":0,"cards_upgraded":["Strike_R","Strike_R","Defend_R","Defend_R","Defend_R","Defend_R"]},{"damage_healed":0,"gold_gain":0,"player_choice":"Fought Bandits","damage_taken":0,"max_hp_gain":0,"max_hp_loss":0,"event_name":"Masked Bandits","floor":21,"gold_loss":0},{"damage_healed":0,"gold_gain":50,"player_choice":"Stole From Cult","damage_taken":0,"max_hp_gain":0,"max_hp_loss":0,"event_name":"Nest","floor":22,"gold_loss":0},{"damage_healed":58,"gold_gain":0,"player_choice":"Heal","damage_taken":0,"max_hp_gain":0,"max_hp_loss":13,"event_name":"The Moai Head","floor":36,"gold_loss":0},{"damage_healed":0,"gold_gain":0,"player_choice":"Fight","damage_taken":0,"max_hp_gain":0,"max_hp_loss":0,"event_name":"Mysterious Sphere","floor":37,"gold_loss":0}],"is_beta":false,"boss_relics":[{"not_picked":["Busted Crown","Runic Pyramid"],"picked":"Coffee Dripper"},{"not_picked":["Velvet Choker","Tiny House"],"picked":"Philosopher\u0027s Stone"}],"items_purged_floors":[],"is_endless":false,"potions_floor_spawned":[2,5,7,8,18,20,21,30,37],"killed_by":"Nemesis","ascension_level":20}