{"path_per_floor":["M","M","M","?","M","R","M","?","T","E","R","M","R","M","R","B",null,"M","M","?","?","M","R"],"character_chosen":"IRONCLAD","items_purchased":[],"gold_per_floor":[117,132,152,152,168,168,184,164,213,241,241,260,260,275,275,378,378,389,405,305,230,247,247],"floor_reached":24,"campfire_rested":0,"playtime":1654,"current_hp_per_floor":[65,71,72,72,70,70,60,60,60,36,36,36,36,42,42,11,72,67,30,30,30,23,23],"items_purged":[],"gold":247,"play_id":"58a20a16-df29-4db0-8eea-d39cdd3302ca","is_prod":false,"is_daily":false,"is_ascension_mode":false,"campfire_upgraded":5,"path_taken":["M","M","M","?","M","R","M","?","T","E","R","M","R","M","R","BOSS","M","M","?","?","M","R","M"],"build_version":"2018-01-25-PROD3","purchased_purges":0,"victory":false,"master_deck":["Strike_R","Strike_R","Defend_R","Defend_R","Defend_R","Defend_R","Bash+1","Bloodletting","Blood for Blood","Cleave","Flex+1","Clash","Whirlwind","Heavy Blade+1","Flex+1","Armaments+1","Double Tap","Spot Weakness+1","Twin Strike+1","J.A.X.","Uppercut"],"max_hp_per_floor":[72,72,72,72,72,72,72,72,72,72,72,72,72,72,72,72,72,72,72,72,72,72,72],"relics":["Burning Blood","Pen Nib","Anchor","Question Card"],"card_choices":[{"not_picked":["Warcry","Body Slam"],"picked":"Cleave"},{"not_picked":["Clothesline","Impervious"],"picked":"Flex"},{"not_picked":["Flame Barrier","Body Slam"],"picked":"Clash"},{"not_picked":["Cleave","Second Wind"],"picked":"Whirlwind"},{"not_picked":["Thunderclap","Rage"],"picked":"Heavy Blade"},{"not_picked":["Perfected Strike","Dual Wield"],"picked":"Flex"},{"not_picked":["Wild Strike","Body Slam"],"picked":"Armaments"},{"not_picked":["Juggernaut","Dark Embrace"],"picked":"Double Tap"},{"not_picked":["Anger","Cleave","Pommel Strike"],"picked":"Spot Weakness"},{"not_picked":["Cleave","Corruption","Perfected Strike"],"picked":"Twin Strike"},{"not_picked":["Armaments","Shrug It Off","Sword Boomerang"],"picked":"Uppercut"}],"player_experience":73788,"potions_floor_usage":[5,16,24,24],"damage_taken":[{"damage":13,"enemies":"Cultist","floor":1,"turns":4},{"damage":0,"enemies":"Small Slimes","floor":2,"turns":3},{"damage":5,"enemies":"2 Louse","floor":3,"turns":2},{"damage":8,"enemies":"2 Fungi Beasts","floor":5,"turns":4},{"damage":16,"enemies":"Lots of Slimes","floor":7,"turns":3},{"damage":30,"enemies":"3 Sentries","floor":10,"turns":4},{"damage":6,"enemies":"3 Louse","floor":12,"turns":4},{"damage":0,"enemies":"Looter","floor":14,"turns":2},{"damage":37,"enemies":"The Guardian","floor":16,"turns":6},{"damage":11,"enemies":"Chosen","floor":18,"turns":5},{"damage":43,"enemies":"3 Byrds","floor":19,"turns":4},{"damage":13,"enemies":"Centurion and Healer","floor":22,"turns":3},{"damage":27,"enemies":"Snecko","floor":24,"turns":4}],"event_choices":[{"event_name":"Living Wall","player_choice":"Grow","floor":4,"damage_taken":0},{"event_name":"The Woman in Blue","player_choice":"Bought 1 Potion","floor":8,"damage_taken":0},{"event_name":"Drug Dealer","player_choice":"Got JAXXED","floor":20,"damage_taken":0},{"event_name":"Beggar","player_choice":"Gave Gold","floor":21,"damage_taken":0}],"boss_relics":[{"not_picked":["Black Star","Snecko Eye"],"picked":"Question Card"}],"potions_floor_spawned":[2,7,12,16,18,22],"seed_played":"-8391642806999084138","killed_by":"Snecko","ascension_level":0,"is_trial":false}