{"gold_per_floor":[117,117,117,82,97,122,122,122,145,176,187,187,213,288,288,366,366,385,397,597,607,577,577,610,610,610,610],"floor_reached":27,"playtime":799,"items_purged":[],"score":544,"play_id":"4a961186-6685-4038-a4c8-94c982e9ed0b","local_time":"20190212123401","is_ascension_mode":true,"campfire_choices":[{"data":"Dualcast","floor":7,"key":"SMITH"},{"data":"Coolheaded","floor":15,"key":"SMITH"},{"floor":23,"key":"REST"},{"data":"Self Repair","floor":25,"key":"SMITH"}],"neow_cost":"NONE","seed_source_timestamp":7521686035800,"circlet_count":0,"master_deck":["AscendersBane","Strike_B","Strike_B","Strike_B","Defend_B","Defend_B","Defend_B","Defend_B","Zap+1","Dualcast+1","Streamline+1","Gash","Undo","Coolheaded+1","Melter","Cold Snap","Core Surge","Self Repair+1","White Noise","Shame"],"relics":["Cracked Core","NeowsBlessing","Pen Nib","FossilizedHelix","DataDisk","Juzu Bracelet","Dodecahedron","Cursed Key","Prayer Wheel","Meat on the Bone"],"potions_floor_usage":[10,27,27],"damage_taken":[{"damage":0,"enemies":"Cultist","floor":1,"turns":1},{"damage":0,"enemies":"Small Slimes","floor":5,"turns":1},{"damage":0,"enemies":"Lagavulin","floor":6,"turns":1},{"damage":27,"enemies":"3 Sentries","floor":10,"turns":8},{"damage":0,"enemies":"Jaw Worm","floor":11,"turns":2},{"damage":2,"enemies":"Lagavulin","floor":13,"turns":6},{"damage":9,"enemies":"The Guardian","floor":16,"turns":9},{"damage":3,"enemies":"Shell Parasite","floor":18,"turns":4},{"damage":2,"enemies":"2 Thieves","floor":19,"turns":5},{"damage":28,"enemies":"Snecko","floor":21,"turns":7},{"damage":22,"enemies":"Gremlin Leader","floor":24,"turns":9},{"damage":64,"enemies":"Slavers","floor":27,"turns":3}],"seed_played":"-923349281459021956","potions_obtained":[{"floor":5,"key":"Regen Potion"},{"floor":11,"key":"LiquidBronze"},{"floor":16,"key":"LiquidBronze"}],"is_trial":false,"path_per_floor":["M","?","$","?","M","E","R","T","T","E","M","?","E","?","R","B",null,"M","M","?","M","?","R","E","R","T","E"],"character_chosen":"DEFECT","items_purchased":[],"campfire_rested":1,"item_purchase_floors":[],"current_hp_per_floor":[64,43,43,60,60,60,60,60,60,48,48,48,46,35,35,26,60,57,62,62,41,41,62,47,47,47,0],"gold":610,"neow_bonus":"THREE_ENEMY_KILL","is_prod":false,"is_daily":false,"chose_seed":false,"campfire_upgraded":3,"win_rate":0,"timestamp":1549942441,"path_taken":["M","?","$","?","M","E","R","?","T","E","M","?","E","?","R","BOSS","M","M","?","M","?","R","E","R","T","E"],"build_version":"2019-01-23","purchased_purges":0,"victory":false,"max_hp_per_floor":[71,71,71,71,71,71,71,71,71,71,71,71,71,71,71,71,71,71,71,71,71,71,71,71,71,71,71],"card_choices":[{"not_picked":["Stack","Scrape"],"picked":"Streamline","floor":1},{"not_picked":["Steam","Compile Driver"],"picked":"Gash","floor":5},{"not_picked":["Recycle","Redo","Undo"],"picked":"SKIP","floor":6},{"not_picked":["Recycle","Redo"],"picked":"Undo","floor":6},{"not_picked":["Force Field","Skim"],"picked":"Coolheaded","floor":10},{"not_picked":["Skim","Ball Lightning","Steam"],"picked":"SKIP","floor":11},{"not_picked":["Redo","BootSequence"],"picked":"Cold Snap","floor":13},{"not_picked":["Hyperbeam","Meteor Strike"],"picked":"Core Surge","floor":16},{"not_picked":["Streamline","Leap"],"picked":"Self Repair","floor":18},{"not_picked":["Steam","Sunder"],"picked":"White Noise","floor":19},{"not_picked":["Tempest","Go for the Eyes","Skim"],"picked":"SKIP","floor":21},{"not_picked":["Go for the Eyes","Recycle","Lockon"],"picked":"SKIP","floor":24},{"not_picked":["Go for the Eyes","Recycle","Lockon"],"picked":"SKIP","floor":24}],"player_experience":1524749,"relics_obtained":[{"floor":6,"key":"Pen Nib"},{"floor":8,"key":"FossilizedHelix"},{"floor":9,"key":"DataDisk"},{"floor":10,"key":"Juzu Bracelet"},{"floor":13,"key":"Dodecahedron"},{"floor":24,"key":"Prayer Wheel"},{"floor":26,"key":"Meat on the Bone"}],"event_choices":[{"damage_healed":0,"gold_gain":0,"player_choice":"Entered Light","damage_taken":21,"max_hp_gain":0,"max_hp_loss":0,"event_name":"Shining Light","floor":2,"gold_loss":0,"cards_upgraded":["Zap","Streamline"]},{"damage_healed":17,"gold_gain":0,"player_choice":"Healed","damage_taken":0,"max_hp_gain":0,"max_hp_loss":0,"event_name":"The Cleric","floor":4,"gold_loss":35},{"damage_healed":0,"gold_gain":0,"cards_transformed":["Strike_B"],"player_choice":"Transformed","damage_taken":0,"max_hp_gain":0,"max_hp_loss":0,"event_name":"Transmorgrifier","floor":12,"gold_loss":0,"cards_obtained":["Melter"]},{"damage_healed":0,"gold_gain":75,"player_choice":"Gather Gold","damage_taken":11,"max_hp_gain":0,"max_hp_loss":0,"event_name":"World of Goop","floor":14,"gold_loss":0},{"damage_healed":0,"gold_gain":250,"player_choice":"Bet on Owner","damage_taken":0,"max_hp_gain":0,"max_hp_loss":0,"event_name":"The Joust","floor":20,"gold_loss":50},{"damage_healed":0,"gold_gain":0,"player_choice":"Bought 2 Potions","damage_taken":0,"max_hp_gain":0,"max_hp_loss":0,"event_name":"The Woman in Blue","floor":22,"gold_loss":0}],"is_beta":false,"boss_relics":[{"not_picked":["Pandora\u0027s Box","Velvet Choker"],"picked":"Cursed Key"}],"items_purged_floors":[],"is_endless":false,"potions_floor_spawned":[5,11,16,19,24],"killed_by":"Slavers","ascension_level":20}