{"gold_per_floor":[110,124,199,199,219,250,250,1,1,1,1],"floor_reached":11,"playtime":178,"items_purged":[],"score":142,"play_id":"91f62b67-33a6-46b5-99eb-af69a6556cf5","local_time":"20190326190205","is_ascension_mode":true,"campfire_choices":[{"floor":7,"key":"REST"},{"data":"Corruption","floor":10,"key":"SMITH"}],"neow_cost":"NONE","seed_source_timestamp":173339007321600,"circlet_count":0,"master_deck":["AscendersBane","Strike_R","Strike_R","Strike_R","Strike_R","Defend_R","Defend_R","Defend_R","Defend_R","Bash","Corruption+1","Feel No Pain","Feel No Pain"],"relics":["Burning Blood","NeowsBlessing","Champion Belt","Bag of Preparation","Du-Vu Doll"],"potions_floor_usage":[11],"damage_taken":[{"damage":0,"enemies":"Cultist","floor":1,"turns":1},{"damage":0,"enemies":"Jaw Worm","floor":2,"turns":1},{"damage":0,"enemies":"2 Louse","floor":5,"turns":1},{"damage":50,"enemies":"Lagavulin","floor":6,"turns":10},{"damage":30,"enemies":"Gremlin Nob","floor":11,"turns":5}],"seed_played":"-2481578930979699876","potions_obtained":[{"floor":1,"key":"Swift Potion"}],"is_trial":false,"path_per_floor":["M","M","?","?","M","E","R","$","T","R","E"],"character_chosen":"IRONCLAD","items_purchased":["Bag of Preparation","Feel No Pain"],"campfire_rested":1,"item_purchase_floors":[8,8],"current_hp_per_floor":[74,75,64,57,63,19,41,41,41,41,11],"gold":1,"neow_bonus":"THREE_ENEMY_KILL","is_prod":false,"is_daily":false,"chose_seed":false,"campfire_upgraded":1,"win_rate":0,"timestamp":1553594525,"path_taken":["M","?","?","?","M","E","R","$","T","R","E"],"build_version":"2019-01-23","purchased_purges":0,"victory":false,"max_hp_per_floor":[75,75,75,75,75,75,75,75,75,75,75],"card_choices":[{"not_picked":["Body Slam","Armaments"],"picked":"Corruption","floor":1},{"not_picked":["Dropkick","Rampage"],"picked":"Feel No Pain","floor":2},{"not_picked":["Blood for Blood","Combust","Clash"],"picked":"SKIP","floor":5},{"not_picked":["Reckless Charge","Havoc","Pommel Strike"],"picked":"SKIP","floor":6}],"player_experience":2608469,"relics_obtained":[{"floor":6,"key":"Champion Belt"},{"floor":9,"key":"Du-Vu Doll"}],"event_choices":[{"damage_healed":0,"gold_gain":75,"player_choice":"Gather Gold","damage_taken":11,"max_hp_gain":0,"max_hp_loss":0,"event_name":"World of Goop","floor":3,"gold_loss":0},{"cards_removed":["Strike_R"],"damage_healed":0,"gold_gain":0,"player_choice":"Card Removal","damage_taken":7,"max_hp_gain":0,"max_hp_loss":0,"event_name":"Golden Wing","floor":4,"gold_loss":0}],"is_beta":false,"boss_relics":[],"items_purged_floors":[],"is_endless":false,"potions_floor_spawned":[1],"killed_by":"Gremlin Nob","ascension_level":20}