{"gold_per_floor":[428,0,113,232,349,349,54,54,171,290,400,400,0,0,110,225,341,451],"floor_reached":19,"playtime":679,"items_purged":["Cleave+1","Bash+1"],"score":5305,"play_id":"b2cf06b4-4077-458e-ab17-cff7de0c04e0","local_time":"20190404224521","daily_mods":["Uncertain Future"],"is_ascension_mode":true,"campfire_choices":[{"data":"Bash","floor":8,"key":"SMITH"},{"floor":14,"key":"REST"}],"neow_cost":"","seed_source_timestamp":0,"circlet_count":0,"master_deck":["AscendersBane","Feel No Pain+1","Corruption+1","Warcry+1","Burning Pact+1","Armaments+1","Flex+1","Sentinel+1","Reaper+1","Dark Embrace+1","Flex+1","Body Slam+1","Exhume+1","Corruption+1","Blood for Blood+1","Battle Trance+1","Battle Trance+1","Body Slam+1","Offering+1","Dual Wield+1","Second Wind+1","Warcry+1","Shrug It Off+1","True Grit+1","Berserk+1","Fiend Fire+1","Armaments+1","Shrug It Off+1","Sentinel+1","True Grit+1"],"relics":["Burning Blood","The Courier","Molten Egg 2","Toxic Egg 2","Frozen Egg 2","Dead Branch","Happy Flower","Lantern","Calipers","FossilizedHelix","War Paint","Centennial Puzzle","Pandora\u0027s Box","Mercury Hourglass","Ginger","Dream Catcher","Philosopher\u0027s Stone","Sundial","Bag of Marbles","Pen Nib","Thread and Needle"],"potions_floor_usage":[18,18],"damage_taken":[{"damage":27,"enemies":"Hexaghost","floor":3,"turns":8},{"damage":0,"enemies":"Slime Boss","floor":4,"turns":7},{"damage":0,"enemies":"The Guardian","floor":5,"turns":5},{"damage":0,"enemies":"Automaton","floor":9,"turns":5},{"damage":0,"enemies":"Collector","floor":10,"turns":2},{"damage":0,"enemies":"Champ","floor":11,"turns":2},{"damage":25,"enemies":"Donu and Deca","floor":15,"turns":2},{"damage":6,"enemies":"Time Eater","floor":16,"turns":4},{"damage":0,"enemies":"Awakened One","floor":17,"turns":4},{"damage":10,"enemies":"The Heart","floor":18,"turns":5}],"seed_played":"1729345933079593374","potions_obtained":[{"floor":3,"key":"Swift Potion"},{"floor":5,"key":"GamblersBrew"}],"is_trial":true,"path_per_floor":["$","$","M","M","M","T","$","R","M","M","M","T","$","R","M","M","M","M",null],"character_chosen":"IRONCLAD","items_purchased":["Dead Branch","Feel No Pain+1","Happy Flower","Lantern","Corruption+1","Calipers","Warcry+1","Burning Pact+1","Battle Trance+1","Body Slam+1","Offering+1","Shrug It Off+1","True Grit+1","Berserk+1","Fiend Fire+1"],"campfire_rested":1,"item_purchase_floors":[1,1,1,1,2,2,2,2,7,7,7,13,13,13,13],"current_hp_per_floor":[68,68,47,53,59,59,59,59,75,75,75,75,75,75,75,75,75,71],"gold":451,"neow_bonus":"","is_prod":false,"is_daily":false,"chose_seed":false,"campfire_upgraded":1,"win_rate":0,"timestamp":1554385521,"path_taken":["$","$","M","M","M","T","$","R","M","M","M","T","$","R","M","M","M","M"],"build_version":"2019-01-23","purchased_purges":2,"victory":true,"max_hp_per_floor":[75,75,75,75,75,75,75,75,75,75,75,75,75,75,75,75,75,75],"card_choices":[{"not_picked":["Spot Weakness+1","Twin Strike+1"],"picked":"Armaments+1","floor":3},{"not_picked":["Wild Strike+1","Iron Wave+1"],"picked":"Flex+1","floor":4},{"not_picked":["Metallicize+1","Clash+1"],"picked":"Sentinel+1","floor":5},{"not_picked":["Twin Strike+1","Burning Pact+1"],"picked":"Dual Wield+1","floor":9},{"not_picked":["Whirlwind+1","Pommel Strike+1"],"picked":"Second Wind+1","floor":10},{"not_picked":["Feed+1","Iron Wave+1"],"picked":"Warcry+1","floor":11},{"not_picked":["Thunderclap+1","Wild Strike+1"],"picked":"Armaments+1","floor":14},{"not_picked":["Rupture+1","Flex+1"],"picked":"Shrug It Off+1","floor":15},{"not_picked":["Whirlwind+1","Perfected Strike+1"],"picked":"Sentinel+1","floor":16},{"not_picked":["Clash+1","Clothesline+1"],"picked":"True Grit+1","floor":17}],"player_experience":2879824,"relics_obtained":[{"floor":3,"key":"FossilizedHelix"},{"floor":4,"key":"War Paint"},{"floor":5,"key":"Centennial Puzzle"},{"floor":9,"key":"Mercury Hourglass"},{"floor":10,"key":"Ginger"},{"floor":11,"key":"Dream Catcher"},{"floor":15,"key":"Sundial"},{"floor":16,"key":"Bag of Marbles"},{"floor":17,"key":"Pen Nib"},{"floor":18,"key":"Thread and Needle"}],"event_choices":[],"is_beta":false,"boss_relics":[{"not_picked":["Runic Cube","Black Blood"],"picked":"Pandora\u0027s Box"},{"not_picked":["Eternal Feather","Velvet Choker"],"picked":"Philosopher\u0027s Stone"}],"items_purged_floors":[7,13],"is_endless":false,"potions_floor_spawned":[3,5,15,16],"ascension_level":20}