{"gold_per_floor":[117,117,23,23,103,103,136,136,136,136,159,198,219,238,238,337,337,351,376,376,390,315,315,315,334,359,383,383,407,407,426,426,516,516,531,551,576,600,216,250,250,284,284,299,332,355,379,379,379,379],"floor_reached":50,"playtime":2171,"items_purged":["Thunder Strike"],"score":1317,"play_id":"d5c0324a-b2d2-4607-a89b-cba66b49dd3a","local_time":"20190401140500","is_ascension_mode":true,"campfire_choices":[{"data":"Zap","floor":6.0,"key":"SMITH"},{"data":"Streamline","floor":8.0,"key":"SMITH"},{"data":"Coolheaded","floor":10.0,"key":"SMITH"},{"data":"Blizzard","floor":15.0,"key":"SMITH"},{"floor":23.0,"key":"REST"},{"data":"Coolheaded","floor":28.0,"key":"SMITH"},{"data":"Coolheaded","floor":30.0,"key":"SMITH"},{"data":"Hologram","floor":32.0,"key":"SMITH"},{"floor":41.0,"key":"RECALL"},{"floor":49.0,"key":"REST"}],"neow_cost":"NONE","seed_source_timestamp":267896212416699,"circlet_count":0,"master_deck":["AscendersBane","Zap+1","Dualcast","Chill","Coolheaded+1","Blizzard+1","Streamline+1","Echo Form+1","Coolheaded+1","Biased Cognition+1","Hologram+1","Consume+1","Coolheaded+1","Reboot","Reboot","Chill","Fission","Cold Snap","Amplify","Gash","White Noise","Recycle+1","Coolheaded","Recycle","Madness","Hologram","Conserve Battery+1","Buffer+1"],"special_seed":0,"relics":["Cracked Core","NeowsBlessing","Golden Idol","Frozen Egg 2","Bag of Marbles","Sundial","Question Card","Nuclear Battery","Ancient Tea Set","Pandora\u0027s Box","Membership Card","Bag of Preparation","Juzu Bracelet","PreservedInsect","Mercury Hourglass"],"potions_floor_usage":[],"damage_taken":[{"damage":0.0,"enemies":"2 Louse","floor":1.0,"turns":1.0},{"damage":0.0,"enemies":"Lagavulin","floor":7.0,"turns":1.0},{"damage":0.0,"enemies":"Jaw Worm","floor":11.0,"turns":1.0},{"damage":13.0,"enemies":"3 Sentries","floor":12.0,"turns":7.0},{"damage":8.0,"enemies":"Small Slimes","floor":13.0,"turns":2.0},{"damage":0.0,"enemies":"2 Fungi Beasts","floor":14.0,"turns":2.0},{"damage":5.0,"enemies":"Hexaghost","floor":16.0,"turns":8.0},{"damage":13.0,"enemies":"Spheric Guardian","floor":18.0,"turns":5.0},{"damage":19.0,"enemies":"3 Byrds","floor":19.0,"turns":5.0},{"damage":1.0,"enemies":"Sentry and Sphere","floor":21.0,"turns":7.0},{"damage":0.0,"enemies":"3 Cultists","floor":25.0,"turns":4.0},{"damage":1.0,"enemies":"Snecko","floor":27.0,"turns":7.0},{"damage":0.0,"enemies":"Centurion and Healer","floor":29.0,"turns":6.0},{"damage":0.0,"enemies":"Shelled Parasite and Fungi","floor":31.0,"turns":4.0},{"damage":17.0,"enemies":"Collector","floor":33.0,"turns":10.0},{"damage":0.0,"enemies":"Orb Walker","floor":35.0,"turns":4.0},{"damage":0.0,"enemies":"3 Shapes","floor":36.0,"turns":4.0},{"damage":31.0,"enemies":"Maw","floor":37.0,"turns":9.0},{"damage":5.0,"enemies":"3 Darklings","floor":38.0,"turns":4.0},{"damage":0.0,"enemies":"Nemesis","floor":40.0,"turns":5.0},{"damage":24.0,"enemies":"Reptomancer","floor":42.0,"turns":6.0},{"damage":0.0,"enemies":"Jaw Worm Horde","floor":44.0,"turns":1.0},{"damage":0.0,"enemies":"Nemesis","floor":45.0,"turns":7.0},{"damage":0.0,"enemies":"Writhing Mass","floor":46.0,"turns":5.0},{"damage":0.0,"enemies":"4 Shapes","floor":47.0,"turns":2.0},{"damage":35,"enemies":"Time Eater","floor":50,"turns":8}],"seed_played":"-5943201522385584421","potions_obtained":[{"floor":1.0,"key":"Regen Potion"},{"floor":11.0,"key":"Ancient Potion"},{"floor":14.0,"key":"SkillPotion"},{"floor":29.0,"key":"Regen Potion"},{"floor":31.0,"key":"Ancient Potion"},{"floor":33.0,"key":"FearPotion"},{"floor":35.0,"key":"GamblersBrew"},{"floor":42.0,"key":"FocusPotion"}],"is_trial":false,"path_per_floor":["M","?","$","?","T","R","E","R","T","R","M","E","M","M","R","B",null,"M","M","?","M","?","R","?","M","T","M","R","M","R","M","R","B",null,"M","M","M","M","$","E","R","E","T","M","E","M","M","?","R","B"],"character_chosen":"DEFECT","items_purchased":["Coolheaded","Blizzard","Membership Card","Bag of Preparation","Madness"],"campfire_rested":2,"item_purchase_floors":[3,3,39,39,39],"current_hp_per_floor":[64,57,57,33,33,33,33,33,33,33,33,35,27,27,27,22,59,46,27,27,26,26,47,47,47,47,46,46,46,46,46,46,29,61,61,61,30,25,25,25,25,1,1,1,1,1,1,1,22,0],"gold":379,"neow_bonus":"THREE_ENEMY_KILL","is_prod":false,"is_daily":false,"chose_seed":false,"campfire_upgraded":7,"win_rate":0,"timestamp":1554095100,"path_taken":["M","?","$","?","?","R","E","R","T","R","M","E","M","M","R","BOSS","M","M","?","M","?","R","?","M","T","M","R","?","R","M","R","BOSS","M","M","M","M","$","E","R","E","T","M","E","M","M","?","R","BOSS"],"build_version":"2019-01-23","purchased_purges":1,"victory":false,"max_hp_per_floor":[71,71,71,71,71,71,71,71,71,71,71,71,71,71,71,71,71,71,71,71,71,71,71,71,71,71,71,71,71,71,71,71,71,71,71,71,71,71,71,71,71,71,71,71,71,71,71,71,71,71],"card_choices":[{"not_picked":["Stack","Streamline"],"picked":"Chill","floor":1.0},{"not_picked":["Lockon","Rebound"],"picked":"Streamline","floor":7.0},{"not_picked":["Steam Power","Barrage","Gash"],"picked":"SKIP","floor":11.0},{"not_picked":["Conserve Battery","Aggregate"],"picked":"Echo Form+1","floor":12.0},{"not_picked":["Rebound","Stack","Barrage"],"picked":"Coolheaded","floor":13.0},{"not_picked":["Turbo","Rebound","Reinforced Body","Steam Power"],"picked":"SKIP","floor":14.0},{"not_picked":["Seek","Buffer+1","Machine Learning+1"],"picked":"Biased Cognition+1","floor":16.0},{"not_picked":["Hologram","Skim","Ball Lightning","Leap"],"picked":"SKIP","floor":18.0},{"not_picked":["Skim","Ball Lightning","Leap"],"picked":"Hologram","floor":18.0},{"not_picked":["Steam","Conserve Battery","Cold Snap"],"picked":"Consume+1","floor":19.0},{"not_picked":["Redo","Tempest","Gash"],"picked":"Coolheaded","floor":21.0},{"not_picked":["Scrape","Compile Driver","Ball Lightning","Auto Shields"],"picked":"SKIP","floor":25.0},{"not_picked":["Barrage","Redo","Hologram","Leap+1"],"picked":"SKIP","floor":27.0},{"not_picked":["Hello World+1","Compile Driver","Go for the Eyes"],"picked":"Reboot","floor":29.0},{"not_picked":["Barrage","Ball Lightning","Rebound"],"picked":"Chill","floor":31.0},{"not_picked":["Multi-Cast","Buffer+1","Creative AI+1"],"picked":"Fission","floor":33.0},{"not_picked":["Coolheaded+1","Streamline","Turbo"],"picked":"Recycle+1","floor":35.0},{"not_picked":["Cold Snap","Sweeping Beam","Steam Power","Go for the Eyes+1"],"picked":"SKIP","floor":36.0},{"not_picked":["Cold Snap","Sweeping Beam","Steam Power","Go for the Eyes+1"],"picked":"SKIP","floor":36.0},{"not_picked":["Tempest","Rebound+1","Consume"],"picked":"Coolheaded","floor":37.0},{"not_picked":["Doom and Gloom","BootSequence","Go for the Eyes+1"],"picked":"Recycle","floor":38.0},{"not_picked":["Hologram","Darkness","Streamline","Compile Driver"],"picked":"SKIP","floor":40.0},{"not_picked":["Darkness","Streamline","Compile Driver"],"picked":"Hologram","floor":40.0},{"not_picked":["Skim","Darkness+1","Streamline+1","Gash"],"picked":"SKIP","floor":42.0},{"not_picked":["Fission","Cold Snap","Turbo"],"picked":"Conserve Battery+1","floor":44.0},{"not_picked":["Turbo","Sweeping Beam","Rebound","Compile Driver"],"picked":"SKIP","floor":45.0},{"not_picked":["Streamline","Hologram","Consume","Turbo"],"picked":"SKIP","floor":46.0},{"not_picked":["Static Discharge+1","Leap","Compile Driver"],"picked":"Buffer+1","floor":47.0}],"player_experience":2798334,"relics_obtained":[{"floor":5.0,"key":"Frozen Egg 2"},{"floor":7.0,"key":"Bag of Marbles"},{"floor":9.0,"key":"Sundial"},{"floor":12.0,"key":"Question Card"},{"floor":26.0,"key":"Ancient Tea Set"},{"floor":40.0,"key":"Juzu Bracelet"},{"floor":42.0,"key":"PreservedInsect"},{"floor":45.0,"key":"Mercury Hourglass"}],"event_choices":[{"cards_removed":["Strike_B"],"damage_healed":0.0,"max_hp_gain":0.0,"max_hp_loss":0.0,"gold_gain":0.0,"event_name":"Golden Wing","player_choice":"Card Removal","floor":2.0,"gold_loss":0.0,"damage_taken":7.0},{"damage_healed":0.0,"max_hp_gain":0.0,"max_hp_loss":0.0,"gold_gain":0.0,"event_name":"Golden Idol","player_choice":"Take Damage","floor":4.0,"gold_loss":0.0,"damage_taken":24.0,"relics_obtained":["Golden Idol"]},{"cards_removed":["Strike_B"],"damage_healed":0.0,"max_hp_gain":0.0,"max_hp_loss":0.0,"gold_gain":0.0,"event_name":"Back to Basics","player_choice":"Elegance","floor":20.0,"gold_loss":0.0,"damage_taken":0.0},{"cards_removed":["Strike_B"],"damage_healed":0.0,"max_hp_gain":0.0,"max_hp_loss":0.0,"gold_gain":0.0,"event_name":"Beggar","player_choice":"Gave Gold","floor":22.0,"gold_loss":75.0,"damage_taken":0.0},{"damage_healed":0.0,"max_hp_gain":0.0,"max_hp_loss":0.0,"gold_gain":0.0,"event_name":"The Library","player_choice":"Read","floor":24.0,"gold_loss":0.0,"damage_taken":0.0,"cards_obtained":["Reboot"]},{"damage_healed":0.0,"max_hp_gain":0.0,"max_hp_loss":0.0,"gold_gain":0.0,"event_name":"Mysterious Sphere","player_choice":"Ignored","floor":48.0,"gold_loss":0.0,"damage_taken":0.0}],"is_beta":false,"boss_relics":[{"not_picked":["Eternal Feather","Orrery"],"picked":"Nuclear Battery"},{"not_picked":["Sozu","Velvet Choker"],"picked":"Pandora\u0027s Box"}],"items_purged_floors":[39],"is_endless":false,"potions_floor_spawned":[1,11,14,29,31,33,35,36,37,42],"killed_by":"Time Eater","ascension_level":20}