{"gold_per_floor":[119,119,119,44,44,44,77,93,93,93,112,112,112,112,112,205,205,221,55,70,70,29,70,70,70,93,141,78,114,126,158,170,276,288,325,43,43,168,181,181,456,456,508,549,549,562,148,181,181,181,181,181,181,40,78,78],"floor_reached":56,"playtime":1956,"items_purged":["Pain","Strike_R","Regret","Immolate+1"],"score":2045,"play_id":"f1e17455-9b23-46de-ab6f-19d9dc979628","local_time":"20190410193529","is_ascension_mode":true,"campfire_choices":[{"data":"Strike_R","floor":6.0,"key":"SMITH"},{"data":"Barricade","floor":10.0,"key":"SMITH"},{"data":"Body Slam","floor":12.0,"key":"SMITH"},{"data":"Shrug It Off","floor":15.0,"key":"SMITH"},{"data":"Immolate","floor":25.0,"key":"SMITH"},{"floor":32,"key":"REST"},{"data":"Entrench","floor":40,"key":"SMITH"},{"data":"Feel No Pain","floor":42,"key":"SMITH"},{"data":"True Grit","floor":45,"key":"SMITH"},{"floor":49,"key":"RECALL"},{"data":"Entrench","floor":53,"key":"SMITH"}],"neow_cost":"NONE","seed_source_timestamp":321024537110400,"circlet_count":0,"master_deck":["AscendersBane","Strike_R+1","Defend_R","Defend_R","Defend_R","Defend_R","Bash+1","Barricade+1","Shrug It Off+1","Body Slam+1","Impervious","Feel No Pain+1","Burning Pact","Dual Wield","Entrench+1","Fiend Fire","True Grit+1","Battle Trance","Feed","Evolve","Warcry+1","Pommel Strike+1","Entrench+1","Impatience","Entrench+1"],"special_seed":0,"relics":["Burning Blood","NeowsBlessing","WarpedTongs","Sundial","Ornamental Fan","Golden Idol","Philosopher\u0027s Stone","Bottled Tornado","MawBank","Smiling Mask","Lantern","White Beast Statue","Oddly Smooth Stone","Ginger","Letter Opener","Ice Cream","Anchor","Centennial Puzzle"],"potions_floor_usage":[46,56,56],"damage_taken":[{"damage":0.0,"enemies":"2 Louse","floor":1.0,"turns":1.0},{"damage":0.0,"enemies":"Gremlin Nob","floor":7.0,"turns":1.0},{"damage":0.0,"enemies":"Cultist","floor":8.0,"turns":1.0},{"damage":1.0,"enemies":"Small Slimes","floor":11.0,"turns":4.0},{"damage":5.0,"enemies":"The Guardian","floor":16.0,"turns":11.0},{"damage":8.0,"enemies":"2 Thieves","floor":18.0,"turns":4.0},{"damage":0.0,"enemies":"Chosen","floor":20.0,"turns":3.0},{"damage":20.0,"enemies":"Gremlin Leader","floor":23.0,"turns":5.0},{"damage":16.0,"enemies":"Colosseum Slavers","floor":24.0,"turns":4.0},{"damage":34.0,"enemies":"Slavers","floor":27.0,"turns":6.0},{"damage":11,"enemies":"3 Cultists","floor":29,"turns":5},{"damage":0,"enemies":"Centurion and Healer","floor":31,"turns":5},{"damage":19,"enemies":"Champ","floor":33,"turns":6},{"damage":10,"enemies":"3 Shapes","floor":35,"turns":10},{"damage":7,"enemies":"Mind Bloom Boss Battle","floor":38,"turns":6},{"damage":0,"enemies":"Orb Walker","floor":39,"turns":4},{"damage":39,"enemies":"Reptomancer","floor":44,"turns":7},{"damage":0,"enemies":"Writhing Mass","floor":46,"turns":13},{"damage":0,"enemies":"Nemesis","floor":48,"turns":5},{"damage":7,"enemies":"Time Eater","floor":50,"turns":7},{"damage":21,"enemies":"Awakened One","floor":51,"turns":11},{"damage":12,"enemies":"Shield and Spear","floor":55,"turns":8},{"damage":92,"enemies":"The Heart","floor":56,"turns":5}],"seed_played":"2489766294487820940","potions_obtained":[{"floor":7.0,"key":"FearPotion"},{"floor":11.0,"key":"Explosive Potion"},{"floor":18.0,"key":"EssenceOfSteel"},{"floor":27.0,"key":"Ancient Potion"},{"floor":35,"key":"Strength Potion"},{"floor":38,"key":"Weak Potion"},{"floor":44,"key":"Energy Potion"},{"floor":46,"key":"PowerPotion"},{"floor":55,"key":"Dexterity Potion"}],"is_trial":false,"path_per_floor":["M","?","$","$","?","R","E","M","T","R","M","R","?","?","R","B",null,"M","$","M","?","$","E","?","R","T","E","?","M","T","M","R","B",null,"M","$","?","?","M","R","?","R","T","E","R","M","$","E","R","B","B",null,"R","$","E","B"],"character_chosen":"IRONCLAD","items_purchased":["Feel No Pain","Burning Pact","Entrench","Oddly Smooth Stone","Evolve","Entrench","Ice Cream","Impatience"],"campfire_rested":1,"item_purchase_floors":[19,19,22,36,36,47,47,54],"current_hp_per_floor":[74,74,74,74,74,74,75,75,75,75,75,75,49,49,49,50,69,67,67,73,73,73,59,49,49,49,21,21,16,16,22,44,31,64,68,68,68,71,81,81,81,81,81,52,52,62,62,68,68,67,56,91,91,91,88,0],"gold":78,"neow_bonus":"THREE_ENEMY_KILL","is_prod":false,"is_daily":false,"chose_seed":false,"campfire_upgraded":9,"win_rate":0,"timestamp":1554892529,"path_taken":["M","?","?","$","?","R","E","?","T","R","M","R","?","?","R","BOSS","M","$","M","?","$","E","?","R","T","E","?","?","?","?","R","BOSS","M","$","?","?","?","R","?","R","T","E","R","M","$","E","R","BOSS","BOSS","R","$","E","BOSS"],"build_version":"2019-01-23","purchased_purges":4,"victory":false,"max_hp_per_floor":[75,75,75,75,75,75,75,75,75,75,75,75,75,75,75,75,75,75,75,75,75,75,75,75,75,75,75,75,75,75,75,75,75,75,83,83,83,87,91,91,91,91,91,95,95,99,99,99,99,99,103,103,103,103,106,106],"card_choices":[{"not_picked":["Havoc","Sword Boomerang","Twin Strike"],"picked":"SKIP","floor":1.0},{"not_picked":["Wild Strike","Warcry"],"picked":"Barricade","floor":7.0},{"not_picked":["Burning Pact","Headbutt"],"picked":"Shrug It Off","floor":8.0},{"not_picked":["Whirlwind","Warcry"],"picked":"Body Slam","floor":11.0},{"not_picked":["Berserk","Brutality"],"picked":"Impervious","floor":16.0},{"not_picked":["Twin Strike","Clash","Anger"],"picked":"SKIP","floor":18.0},{"not_picked":["Anger+1","Iron Wave","Hemokinesis"],"picked":"SKIP","floor":20.0},{"not_picked":["Infernal Blade","Dropkick","Sentinel"],"picked":"SKIP","floor":23.0},{"not_picked":["Searing Blow","Perfected Strike"],"picked":"Fiend Fire","floor":27.0},{"not_picked":["Burning Pact","Headbutt"],"picked":"True Grit","floor":29},{"not_picked":["Corruption+1","Thunderclap"],"picked":"Battle Trance","floor":31},{"not_picked":["Brutality","Barricade"],"picked":"Feed","floor":33},{"not_picked":["Flex","Rupture","Warcry"],"picked":"SKIP","floor":35},{"not_picked":["Pommel Strike","Cleave"],"picked":"Warcry+1","floor":39},{"not_picked":["Sword Boomerang","Iron Wave","Wild Strike"],"picked":"SKIP","floor":44},{"not_picked":["Flex","Twin Strike"],"picked":"Pommel Strike+1","floor":46},{"not_picked":["Body Slam","Uppercut","Metallicize"],"picked":"SKIP","floor":48},{"not_picked":["Headbutt","Heavy Blade"],"picked":"Entrench+1","floor":55}],"player_experience":3036747,"relics_obtained":[{"floor":7.0,"key":"Sundial"},{"floor":9.0,"key":"Ornamental Fan"},{"floor":23.0,"key":"Bottled Tornado"},{"floor":26.0,"key":"MawBank"},{"floor":27.0,"key":"Smiling Mask"},{"floor":30,"key":"Lantern"},{"floor":38,"key":"Ginger"},{"floor":44,"key":"Letter Opener"},{"floor":48,"key":"Anchor"},{"floor":55,"key":"Centennial Puzzle"}],"event_choices":[{"damage_healed":0.0,"max_hp_gain":0.0,"max_hp_loss":0.0,"gold_gain":0.0,"event_name":"Accursed Blacksmith","player_choice":"Rummage","floor":2.0,"gold_loss":0.0,"damage_taken":0.0,"relics_obtained":["WarpedTongs"],"cards_obtained":["Pain"]},{"damage_healed":0.0,"max_hp_gain":0.0,"max_hp_loss":0.0,"gold_gain":0.0,"event_name":"Upgrade Shrine","player_choice":"Upgraded","floor":5.0,"gold_loss":0.0,"damage_taken":0.0,"cards_upgraded":["Bash"]},{"damage_healed":0.0,"max_hp_gain":0.0,"max_hp_loss":0.0,"gold_gain":0.0,"event_name":"Golden Idol","player_choice":"Take Damage","floor":13.0,"gold_loss":0.0,"damage_taken":26.0,"relics_obtained":["Golden Idol"]},{"damage_healed":0.0,"max_hp_gain":0.0,"max_hp_loss":0.0,"gold_gain":0.0,"event_name":"Liars Game","player_choice":"Ignored","floor":14.0,"gold_loss":0.0,"damage_taken":0.0},{"damage_healed":0.0,"max_hp_gain":0.0,"max_hp_loss":0.0,"gold_gain":0.0,"cards_transformed":["Strike_R","Strike_R"],"event_name":"Drug Dealer","player_choice":"Became Test Subject","floor":21.0,"gold_loss":0.0,"damage_taken":0.0,"cards_obtained":["Immolate","Dual Wield"]},{"damage_healed":0.0,"max_hp_gain":0.0,"max_hp_loss":0.0,"gold_gain":0.0,"event_name":"Colosseum","player_choice":"Fight","floor":24.0,"gold_loss":0.0,"damage_taken":0.0},{"damage_healed":0.0,"max_hp_gain":0.0,"max_hp_loss":0.0,"gold_gain":0.0,"event_name":"Colosseum","player_choice":"Fled From Nobs","floor":24.0,"gold_loss":0.0,"damage_taken":0.0},{"cards_removed":["Strike_R"],"damage_healed":0.0,"max_hp_gain":0.0,"max_hp_loss":0.0,"gold_gain":0.0,"event_name":"Beggar","player_choice":"Gave Gold","floor":28.0,"gold_loss":75.0,"damage_taken":0.0},{"damage_healed":0,"gold_gain":0,"player_choice":"Ignored","damage_taken":0,"max_hp_gain":0,"max_hp_loss":0,"event_name":"Mysterious Sphere","floor":37,"gold_loss":0},{"damage_healed":0,"gold_gain":0,"player_choice":"Fight","damage_taken":0,"max_hp_gain":0,"max_hp_loss":0,"event_name":"MindBloom","floor":38,"gold_loss":0},{"damage_healed":0,"gold_gain":275,"player_choice":"Desecrate","damage_taken":0,"max_hp_gain":0,"max_hp_loss":0,"event_name":"Golden Shrine","floor":41,"gold_loss":0,"cards_obtained":["Regret"]}],"is_beta":false,"boss_relics":[{"not_picked":["Busted Crown","Mark of Pain"],"picked":"Philosopher\u0027s Stone"},{"not_picked":["Tiny House","Calling Bell"],"picked":"White Beast Statue"}],"items_purged_floors":[4,36,47,54],"is_endless":false,"potions_floor_spawned":[7,11,18,24,27,35,38,39,44,46,48,55],"killed_by":"The Heart","ascension_level":20}