{"gold_per_floor":[116,116,41,12,12,12,47,47,72,87,87,122,122,122,122,122],"floor_reached":16,"playtime":496,"items_purged":[],"score":258,"play_id":"109b11ea-dc24-45e9-a0fe-acde394e6378","local_time":"20190322190450","is_ascension_mode":true,"campfire_choices":[{"data":"Double Energy","floor":6,"key":"SMITH"},{"floor":8,"key":"REST"},{"data":"Consume","floor":11,"key":"SMITH"},{"floor":15,"key":"REST"}],"neow_cost":"NONE","seed_source_timestamp":260751126306900,"circlet_count":0,"master_deck":["AscendersBane","Dualcast","Reprogram","Meteor Strike","Rainbow","Self Repair","Steam","Consume+1","Double Energy+1","Capacitor","Conserve Battery","Doom and Gloom+1","Cold Snap+1","Recycle"],"relics":["Pandora\u0027s Box","Golden Idol","Molten Egg 2","Potion Belt","Juzu Bracelet"],"potions_floor_usage":[7,12],"damage_taken":[{"damage":8,"enemies":"2 Louse","floor":1,"turns":3},{"damage":61,"enemies":"3 Sentries","floor":7,"turns":14},{"damage":3,"enemies":"Small Slimes","floor":10,"turns":4},{"damage":35,"enemies":"Gremlin Nob","floor":12,"turns":4},{"damage":31,"enemies":"Slime Boss","floor":16,"turns":3}],"seed_played":"-7374627639937104380","potions_obtained":[{"floor":1,"key":"Regen Potion"},{"floor":10,"key":"Swift Potion"}],"is_trial":false,"path_per_floor":["M","?","?","$","?","R","E","R","T","M","R","E","?","$","R","B"],"character_chosen":"DEFECT","items_purchased":["Streamline"],"campfire_rested":2,"item_purchase_floors":[4],"current_hp_per_floor":[63,56,56,56,56,56,17,36,36,40,40,12,12,12,31,0],"gold":122,"neow_bonus":"BOSS_RELIC","is_prod":false,"is_daily":false,"chose_seed":false,"campfire_upgraded":2,"win_rate":0,"timestamp":1553249090,"path_taken":["M","?","?","?","?","R","E","R","T","M","R","E","?","$","R","BOSS"],"build_version":"2019-01-23","purchased_purges":0,"victory":false,"max_hp_per_floor":[71,71,71,71,64,64,64,64,64,64,64,64,64,64,64,64],"card_choices":[{"not_picked":["Reinforced Body","Redo"],"picked":"Capacitor","floor":1},{"not_picked":["Streamline","Leap"],"picked":"Conserve Battery","floor":7},{"not_picked":["Leap","Barrage+1"],"picked":"Doom and Gloom+1","floor":10},{"not_picked":["Auto Shields","All For One+1"],"picked":"Cold Snap+1","floor":12}],"player_experience":2474094,"relics_obtained":[{"floor":7,"key":"Molten Egg 2"},{"floor":9,"key":"Potion Belt"},{"floor":12,"key":"Juzu Bracelet"}],"event_choices":[{"cards_removed":["Fusion"],"damage_healed":0,"gold_gain":0,"player_choice":"Card Removal","damage_taken":7,"max_hp_gain":0,"max_hp_loss":0,"event_name":"Golden Wing","floor":2,"gold_loss":0},{"cards_removed":["Zap"],"damage_healed":0,"gold_gain":0,"player_choice":"Card Removal","damage_taken":0,"max_hp_gain":0,"max_hp_loss":0,"event_name":"The Cleric","floor":3,"gold_loss":75},{"damage_healed":0,"gold_gain":0,"player_choice":"Lose Max HP","damage_taken":0,"relics_obtained":["Golden Idol"],"max_hp_gain":0,"max_hp_loss":7,"event_name":"Golden Idol","floor":5,"gold_loss":0},{"damage_healed":0,"gold_gain":0,"cards_transformed":["Streamline"],"player_choice":"Change","damage_taken":0,"max_hp_gain":0,"max_hp_loss":0,"event_name":"Living Wall","floor":13,"gold_loss":0,"cards_obtained":["Recycle"]}],"is_beta":false,"boss_relics":[],"items_purged_floors":[],"is_endless":false,"potions_floor_spawned":[1,10],"killed_by":"Slime Boss","ascension_level":20}