{"gold_per_floor":[216,228,15,15,15,40,60,71,71,87,6,6,26,42,42,146,146,158,158,58,71,22,22,36,36,61,75,75,125,145,145],"floor_reached":31,"playtime":4064,"items_purged":["Defend_R","Fire Breathing+1"],"score":239,"play_id":"323c4eef-4720-41bb-a548-574cfdc241fd","local_time":"20190114160319","is_ascension_mode":false,"campfire_choices":[{"floor":12,"key":"REST"},{"floor":15,"key":"REST"},{"floor":23,"key":"REST"},{"floor":28,"key":"REST"}],"neow_cost":"NONE","seed_source_timestamp":312773059447432,"circlet_count":0,"master_deck":["Strike_R","Strike_R+1","Strike_R","Strike_R","Defend_R+1","Bash","Thunderclap","Shockwave","Double Tap+1","Inflame","Disarm","Perfected Strike","Flame Barrier+1","Pummel","Shrug It Off","Metallicize","Body Slam","Demon Form","Combust+1","Pommel Strike+1","Heavy Blade","Heavy Blade+1","Heavy Blade","Impervious","Inflame","Headbutt"],"relics":["Burning Blood","Ornamental Fan","Bottled Flame","Matryoshka","Astrolabe","Dodecahedron","War Paint"],"potions_floor_usage":[21,21],"damage_taken":[{"damage":5,"enemies":"Cultist","floor":1,"turns":4},{"damage":7,"enemies":"2 Louse","floor":2,"turns":3},{"damage":37,"enemies":"Lagavulin","floor":6,"turns":8},{"damage":3,"enemies":"Small Slimes","floor":7,"turns":3},{"damage":9,"enemies":"Looter","floor":8,"turns":4},{"damage":11,"enemies":"Blue Slaver","floor":10,"turns":4},{"damage":9,"enemies":"3 Louse","floor":13,"turns":5},{"damage":4,"enemies":"Exordium Wildlife","floor":14,"turns":5},{"damage":42,"enemies":"The Guardian","floor":16,"turns":13},{"damage":36,"enemies":"Spheric Guardian","floor":18,"turns":7},{"damage":6,"enemies":"Chosen","floor":21,"turns":4},{"damage":39,"enemies":"3 Cultists","floor":24,"turns":5},{"damage":28,"enemies":"Snecko","floor":27,"turns":5},{"damage":18,"enemies":"Snake Plant","floor":30,"turns":4},{"damage":35,"enemies":"Shelled Parasite and Fungi","floor":31,"turns":3}],"seed_played":"5402109085868115632","potions_obtained":[{"floor":1,"key":"Poison Potion"},{"floor":10,"key":"FearPotion"},{"floor":13,"key":"SkillPotion"},{"floor":21,"key":"SkillPotion"},{"floor":30,"key":"Weak Potion"}],"is_trial":false,"path_per_floor":["M","M","$","?","?","E","M","M","T","M","$","R","M","M","R","B",null,"M","?","$","M","$","R","M","$","T","M","R","?","M","M"],"character_chosen":"IRONCLAD","items_purchased":["Double Tap","Pummel","Shrug It Off","Heavy Blade"],"campfire_rested":4,"item_purchase_floors":[3,11,11,22],"current_hp_per_floor":[80,79,79,63,60,29,32,29,29,24,24,48,45,47,71,35,80,50,50,50,50,50,74,41,41,41,19,43,43,31,0],"gold":145,"neow_bonus":"HUNDRED_GOLD","is_prod":false,"is_daily":false,"chose_seed":false,"campfire_upgraded":0,"win_rate":0,"timestamp":1547449399,"path_taken":["M","M","$","?","?","E","M","M","T","M","$","R","M","M","R","BOSS","M","?","$","M","$","R","M","$","T","?","R","?","M","M"],"build_version":"2019-01-10","purchased_purges":2,"victory":false,"max_hp_per_floor":[80,80,80,80,80,80,80,80,80,80,80,80,80,80,80,80,80,80,80,80,80,80,80,80,80,80,80,80,80,80,80],"card_choices":[{"not_picked":["Disarm","Sever Soul"],"picked":"Thunderclap","floor":1},{"not_picked":["Warcry","True Grit"],"picked":"Shockwave","floor":2},{"not_picked":["Second Wind","Twin Strike"],"picked":"Inflame","floor":6},{"not_picked":["Uppercut","Anger"],"picked":"Disarm","floor":7},{"not_picked":["Thunderclap","Heavy Blade"],"picked":"Perfected Strike","floor":8},{"not_picked":["Power Through","Armaments"],"picked":"Flame Barrier","floor":10},{"not_picked":["Clash","Intimidate"],"picked":"Metallicize","floor":13},{"not_picked":["Cleave","Shrug It Off"],"picked":"Body Slam","floor":14},{"not_picked":["Feed","Bludgeon"],"picked":"Demon Form","floor":16},{"not_picked":["Infernal Blade","Uppercut"],"picked":"Heavy Blade","floor":18},{"not_picked":["True Grit","Fire Breathing"],"picked":"Heavy Blade+1","floor":21},{"not_picked":["Twin Strike+1","Inflame"],"picked":"Impervious","floor":24},{"not_picked":["Warcry","True Grit+1"],"picked":"Inflame","floor":27},{"not_picked":["Metallicize","Flex"],"picked":"Headbutt","floor":30}],"player_experience":18133,"relics_obtained":[{"floor":6,"key":"Bottled Flame"},{"floor":9,"key":"Matryoshka"},{"floor":26,"key":"Dodecahedron"},{"floor":26,"key":"War Paint"}],"event_choices":[{"damage_healed":0,"gold_gain":0,"player_choice":"Entered Light","damage_taken":16,"max_hp_gain":0,"max_hp_loss":0,"event_name":"Shining Light","floor":4,"gold_loss":0,"cards_upgraded":["Defend_R","Strike_R"]},{"damage_healed":0,"gold_gain":0,"player_choice":"Success","damage_taken":3,"relics_obtained":["Ornamental Fan"],"max_hp_gain":0,"max_hp_loss":0,"event_name":"Scrap Ooze","floor":5,"gold_loss":0},{"damage_healed":0,"gold_gain":0,"player_choice":"Got Potions","damage_taken":0,"max_hp_gain":0,"max_hp_loss":0,"event_name":"Lab","floor":19,"gold_loss":0},{"damage_healed":0,"gold_gain":100,"player_choice":"Bet on Murderer","damage_taken":0,"max_hp_gain":0,"max_hp_loss":0,"event_name":"The Joust","floor":29,"gold_loss":50}],"is_beta":false,"boss_relics":[{"not_picked":["Lizard Tail","Busted Crown"],"picked":"Astrolabe"}],"items_purged_floors":[3,20],"is_endless":false,"potions_floor_spawned":[1,10,13,14,16,21,30],"killed_by":"Shelled Parasite and Fungi","ascension_level":0}