{"gold_per_floor":[117,117,192,133,58,58,86,86,86,121,139,97,113,133,133,207,207,225,225,150,150,162,193,193,143,143,162,162,87,87],"floor_reached":30,"playtime":544,"items_purged":["Strike_B"],"score":608,"play_id":"76353130-50e1-4a72-b7b1-5417d3f552fe","local_time":"20190403130538","is_ascension_mode":true,"campfire_choices":[{"data":"Zap","floor":6,"key":"SMITH"},{"data":"Self Repair","floor":8,"key":"SMITH"},{"data":"Sunder","floor":15,"key":"SMITH"},{"data":"Defragment","floor":24,"key":"SMITH"},{"data":"Defragment","floor":28,"key":"SMITH"}],"neow_cost":"NONE","seed_source_timestamp":439067911708300,"circlet_count":0,"master_deck":["AscendersBane","Strike_B","Defend_B","Defend_B+1","Defend_B","Defend_B","Zap+1","Dualcast","Sunder+1","Cold Snap","Self Repair+1","Fission","Sunder+1","Darkness","Defragment+1","Defragment+1"],"relics":["Cracked Core","Symbiotic Virus","Regal Pillow","Ancient Tea Set","Runic Dome","Nloth\u0027s Gift","Bronze Scales"],"potions_floor_usage":[18,23,23,23,30,30],"damage_taken":[{"damage":0,"enemies":"Small Slimes","floor":1,"turns":1},{"damage":0,"enemies":"3 Sentries","floor":7,"turns":1},{"damage":0,"enemies":"Lagavulin","floor":10,"turns":1},{"damage":0,"enemies":"2 Louse","floor":11,"turns":3},{"damage":0,"enemies":"Jaw Worm","floor":13,"turns":4},{"damage":4,"enemies":"Blue Slaver","floor":14,"turns":3},{"damage":15,"enemies":"Slime Boss","floor":16,"turns":6},{"damage":6,"enemies":"Chosen","floor":18,"turns":4},{"damage":16,"enemies":"2 Thieves","floor":22,"turns":3},{"damage":19,"enemies":"Slavers","floor":23,"turns":3},{"damage":22,"enemies":"Centurion and Healer","floor":27,"turns":7},{"damage":34,"enemies":"Book of Stabbing","floor":30,"turns":4}],"seed_played":"6915879509262772665","potions_obtained":[{"floor":7,"key":"Block Potion"},{"floor":11,"key":"EntropicBrew"},{"floor":18,"key":"FocusPotion"},{"floor":23,"key":"Block Potion"}],"is_trial":false,"path_per_floor":["M","?","?","$","?","R","E","R","T","E","M","$","M","M","R","B",null,"M","?","?","?","M","E","R","?","T","M","R","$","E"],"character_chosen":"DEFECT","items_purchased":["Cold Snap","Darkness"],"campfire_rested":0,"item_purchase_floors":[4,12],"current_hp_per_floor":[64,43,32,32,32,32,32,32,32,32,42,42,52,58,58,53,67,71,71,71,71,65,46,46,46,46,34,34,34,0],"gold":87,"neow_bonus":"THREE_ENEMY_KILL","is_prod":false,"is_daily":false,"chose_seed":false,"campfire_upgraded":5,"win_rate":0,"timestamp":1554264338,"path_taken":["M","?","?","$","?","R","E","R","T","E","?","$","M","M","R","BOSS","M","?","?","?","?","E","R","?","T","?","R","$","E"],"build_version":"2019-01-23","purchased_purges":1,"victory":false,"max_hp_per_floor":[71,71,71,71,71,71,71,71,71,71,71,71,71,71,71,71,71,71,71,71,71,71,71,71,71,71,71,71,71,71],"card_choices":[{"not_picked":["Compile Driver","Steam Power"],"picked":"Sunder","floor":1},{"not_picked":["Redo","Gash"],"picked":"Self Repair","floor":7},{"not_picked":["Force Field","Conserve Battery"],"picked":"Fission","floor":10},{"not_picked":["Fusion","Redo"],"picked":"Sunder","floor":11},{"not_picked":["Scrape","Blizzard","Leap"],"picked":"SKIP","floor":13},{"not_picked":["Go for the Eyes","Conserve Battery","Undo"],"picked":"SKIP","floor":14},{"not_picked":["Sweeping Beam","Redo"],"picked":"Defragment","floor":18},{"not_picked":["Sweeping Beam","Storm+1"],"picked":"Defragment","floor":22},{"not_picked":["Go for the Eyes","Beam Cell","Steam+1"],"picked":"SKIP","floor":23},{"not_picked":["Sweeping Beam","Barrage","Chaos"],"picked":"SKIP","floor":27}],"player_experience":2827170,"relics_obtained":[{"floor":7,"key":"Symbiotic Virus"},{"floor":9,"key":"Regal Pillow"},{"floor":10,"key":"Ancient Tea Set"},{"floor":23,"key":"Bronze Scales"}],"event_choices":[{"damage_healed":0,"gold_gain":0,"player_choice":"Entered Light","damage_taken":21,"max_hp_gain":0,"max_hp_loss":0,"event_name":"Shining Light","floor":2,"gold_loss":0,"cards_upgraded":["Sunder","Defend_B"]},{"damage_healed":0,"gold_gain":75,"player_choice":"Gather Gold","damage_taken":11,"max_hp_gain":0,"max_hp_loss":0,"event_name":"World of Goop","floor":3,"gold_loss":0},{"cards_removed":["Strike_B"],"damage_healed":0,"gold_gain":0,"player_choice":"Card Removal","damage_taken":0,"max_hp_gain":0,"max_hp_loss":0,"event_name":"The Cleric","floor":5,"gold_loss":75},{"damage_healed":0,"gold_gain":0,"player_choice":"Ignored","damage_taken":0,"max_hp_gain":0,"max_hp_loss":0,"event_name":"Ghosts","floor":19,"gold_loss":0},{"cards_removed":["Strike_B"],"damage_healed":0,"gold_gain":0,"player_choice":"Gave Gold","damage_taken":0,"max_hp_gain":0,"max_hp_loss":0,"event_name":"Beggar","floor":20,"gold_loss":75},{"damage_healed":0,"gold_gain":0,"player_choice":"Traded Relic","damage_taken":0,"relics_obtained":["Nloth\u0027s Gift"],"max_hp_gain":0,"max_hp_loss":0,"event_name":"N\u0027loth","floor":21,"relics_lost":["NeowsBlessing"],"gold_loss":0},{"damage_healed":0,"gold_gain":0,"player_choice":"Bet on Murderer","damage_taken":0,"max_hp_gain":0,"max_hp_loss":0,"event_name":"The Joust","floor":25,"gold_loss":50}],"is_beta":false,"boss_relics":[{"not_picked":["Philosopher\u0027s Stone","Tiny House"],"picked":"Runic Dome"}],"items_purged_floors":[29],"is_endless":false,"potions_floor_spawned":[7,11,16,18,23],"killed_by":"Book of Stabbing","ascension_level":20}