{"path_per_floor":["M","M","?","?","M","E","R","M","T","E","R","M","M","E","R","B",null,"M","?","M","?","?","E","R","$","T","R","M","M","T","M","R","B",null,"M","M","M","M","?","R","E","R","T","M","R","E","M","E","R","B"],"character_chosen":"DEFECT","items_purchased":["Toxic Egg 2","Capacitor"],"gold_per_floor":[117,132,132,132,152,178,178,191,191,219,219,238,256,281,281,380,380,380,380,380,380,380,380,380,15,15,15,15,15,15,15,15,15,15,15,15,15,15,15,15,15,15,15,15,15,15,15,15,15,15],"floor_reached":51,"campfire_rested":3,"playtime":3825,"current_hp_per_floor":[75,75,75,75,75,60,60,50,50,48,48,48,39,25,25,48,68,49,49,45,45,45,1,23,23,23,23,18,14,14,22,22,57,71,68,58,46,55,50,50,35,57,57,48,48,42,52,52,77,25],"items_purged":["Strike_B"],"gold":15,"score":974,"play_id":"43935e2b-dd3a-40d7-b01d-16bc3b549c39","local_time":"20180509235027","is_prod":false,"is_daily":false,"chose_seed":false,"is_ascension_mode":true,"campfire_upgraded":7,"timestamp":1525881027,"path_taken":["M","M","?","?","M","E","R","?","T","E","R","?","M","E","R","BOSS","M","?","M","?","?","E","R","?","T","R","?","M","?","M","R","BOSS","M","M","M","M","?","R","E","R","T","?","R","E","M","E","R","BOSS"],"build_version":"2018-05-08","seed_source_timestamp":1084946854703069,"purchased_purges":1,"victory":true,"master_deck":["Strike_B","Defend_B","Defend_B","Defend_B","Defend_B","Zap","Dualcast","Reinforced Body","Sweeping Beam","Streamline+1","Blizzard+1","Cold Snap","Defragment+1","Meteor Strike+1","Chill","Multi-Cast","Coolheaded","Sweeping Beam+1","Rainbow+1","Capacitor+1","Blizzard","Self Repair+1","Echo Form","Melter","Tempest+1","Panache+1","Apotheosis+1","Coolheaded+1","Barrage+1","Barrage+1"],"max_hp_per_floor":[75,75,75,75,75,75,75,75,75,75,75,75,75,75,75,75,75,75,75,75,75,75,75,75,75,75,75,75,75,75,75,75,75,75,75,75,75,75,75,75,75,75,75,75,75,75,75,85,85,85],"relics":["Velvet Choker","Ginger","Pantograph","Toolbox","Darkstone Periapt","Ectoplasm","Tiny Chest","Toxic Egg 2","Shuriken","Meat on the Bone","White Beast Statue","Letter Opener","Lantern","Gremlin Horn","Pear"],"card_choices":[{"not_picked":["Go for the Eyes","Double Energy"],"picked":"Reinforced Body","floor":1},{"not_picked":["Go for the Eyes","Skim"],"picked":"Sweeping Beam","floor":2},{"not_picked":["Go for the Eyes","Axe Kick"],"picked":"Cold Snap","floor":6},{"not_picked":["Hologram","Chaos"],"picked":"Defragment","floor":8},{"not_picked":["Axe Kick","Loop"],"picked":"Meteor Strike","floor":10},{"not_picked":["Biased Cognition","Sunder"],"picked":"Chill","floor":14},{"not_picked":["All For One","Thunder Strike"],"picked":"Multi-Cast","floor":16},{"not_picked":["Genetic Algorithm","Steam"],"picked":"Coolheaded","floor":18},{"not_picked":["Hologram","Ball Lightning"],"picked":"Sweeping Beam","floor":20},{"not_picked":["Auto Shields","Hologram"],"picked":"Rainbow","floor":23},{"not_picked":["Turbo","Steam"],"picked":"Blizzard","floor":28},{"not_picked":["Capacitor","Turbo"],"picked":"Self Repair","floor":31},{"not_picked":["Fusion","Hyperbeam"],"picked":"Echo Form","floor":33},{"not_picked":["Skim","Stack"],"picked":"Melter","floor":35},{"not_picked":["FTL","Go for the Eyes"],"picked":"Tempest","floor":36},{"not_picked":["Secret Technique","Bandage Up"],"picked":"Panache","floor":39},{"not_picked":["Sadistic Nature","Bandage Up"],"picked":"Apotheosis","floor":39},{"not_picked":["Static Discharge","Beam Cell"],"picked":"Coolheaded","floor":41},{"not_picked":["Axe Kick","BootSequence"],"picked":"Barrage","floor":47},{"not_picked":["BootSequence","Stack"],"picked":"Barrage","floor":48}],"player_experience":358200,"potions_floor_usage":[10,16,16,33,35,35,38,41,41,41,48,50,50,50],"damage_taken":[{"damage":0,"enemies":"Small Slimes","floor":1,"turns":3},{"damage":0,"enemies":"Cultist","floor":2,"turns":3},{"damage":0,"enemies":"Jaw Worm","floor":5,"turns":4},{"damage":15,"enemies":"Lagavulin","floor":6,"turns":7},{"damage":10,"enemies":"Large Slime","floor":8,"turns":4},{"damage":2,"enemies":"3 Sentries","floor":10,"turns":8},{"damage":0,"enemies":"Blue Slaver","floor":12,"turns":3},{"damage":9,"enemies":"Looter","floor":13,"turns":3},{"damage":14,"enemies":"Gremlin Nob","floor":14,"turns":4},{"damage":2,"enemies":"Hexaghost","floor":16,"turns":10},{"damage":19,"enemies":"Shell Parasite","floor":18,"turns":6},{"damage":4,"enemies":"Spheric Guardian","floor":20,"turns":4},{"damage":44,"enemies":"Gremlin Leader","floor":23,"turns":8},{"damage":5,"enemies":"Snecko","floor":28,"turns":5},{"damage":4,"enemies":"Chosen and Byrds","floor":29,"turns":5},{"damage":4,"enemies":"3 Cultists","floor":31,"turns":5},{"damage":0,"enemies":"Champ","floor":33,"turns":8},{"damage":7,"enemies":"Flame Bruiser 1 Orb","floor":35,"turns":5},{"damage":10,"enemies":"Orb Walker","floor":36,"turns":3},{"damage":24,"enemies":"Sphere and 2 Shapes","floor":37,"turns":8},{"damage":22,"enemies":"3 Darklings","floor":38,"turns":4},{"damage":47,"enemies":"2 Orb Walkers","floor":41,"turns":5},{"damage":19,"enemies":"Flame Bruiser 2 Orb","floor":44,"turns":5},{"damage":38,"enemies":"Giant Head","floor":46,"turns":7},{"damage":0,"enemies":"4 Shapes","floor":47,"turns":4},{"damage":32,"enemies":"Nemesis","floor":48,"turns":9},{"damage":82,"enemies":"Donu and Deca","floor":50,"turns":9}],"event_choices":[{"event_name":"Match and Keep!","player_choice":"2 cards matched","floor":3,"damage_taken":0},{"event_name":"Living Wall","player_choice":"Forget","floor":4,"damage_taken":0},{"event_name":"Purifier","player_choice":"One Purge","floor":19,"damage_taken":0},{"event_name":"Drug Dealer","player_choice":"Ignored","floor":21,"damage_taken":0},{"event_name":"Upgrade Shrine","player_choice":"Upgraded","floor":22,"damage_taken":0},{"event_name":"SensoryStone","player_choice":"Memory 2","floor":39,"damage_taken":0}],"boss_relics":[{"not_picked":["Inserter","Astrolabe"],"picked":"Ectoplasm"},{"not_picked":["Cursed Key","Sozu"],"picked":"White Beast Statue"}],"potions_floor_spawned":[1,6,10,12,14,20,31,33,35,36,37,38,41,44,46,47,48],"seed_played":"-5559434605132680579","ascension_level":5,"is_trial":false}