{"gold_per_floor":[111,124,139,64,78,78,111,123,123,123,157,232,250,11,11,107,107,125,25,35,35,49,80,80,107,107,132,47,59,75,94,94,198,248,261,273,273,128,128,153,153,153,180,193,218,218,120,135,135,135],"floor_reached":51,"playtime":3930,"items_purged":["Zap","Strike_B","Strike_B"],"score":842,"play_id":"616fd6f5-beca-4869-808c-2fd1b6b278a2","local_time":"20181226012053","is_ascension_mode":true,"campfire_choices":[{"data":"Darkness","floor":6.0,"key":"SMITH"},{"data":"Lockon","floor":10.0,"key":"SMITH"},{"data":"Multi-Cast","floor":15.0,"key":"SMITH"},{"data":"Consume","floor":24.0,"key":"SMITH"},{"floor":32,"key":"REST"},{"data":"Defragment","floor":41,"key":"SMITH"},{"data":"Chill","floor":46,"key":"SMITH"},{"data":"Panacea","floor":49,"key":"SMITH"}],"neow_cost":"NONE","seed_source_timestamp":42767406869567,"circlet_count":0,"master_deck":["Strike_B","Strike_B","Defend_B+1","Defend_B","Defend_B","Defend_B","Dualcast","Darkness+1","Sweeping Beam","Cold Snap","FTL","Multi-Cast+1","Panacea+1","Seek","Consume+1","FTL","Defragment+1","Chill+1","Hologram","Coolheaded+1","Echo Form","Go for the Eyes","Undo","Skim","Capacitor+1","Compile Driver","Auto Shields"],"special_seed":0,"relics":["Velvet Choker","Shuriken","Blue Candle","Centennial Puzzle","Bag of Preparation","Inserter","Mango","Du-Vu Doll","StoneCalendar","Peace Pipe","Ancient Tea Set","Tiny House","DataDisk","Bottled Tornado","Oddly Smooth Stone","Smiling Mask"],"potions_floor_usage":[45,48,50],"damage_taken":[{"damage":0.0,"enemies":"2 Louse","floor":1.0,"turns":2.0},{"damage":1.0,"enemies":"Jaw Worm","floor":2.0,"turns":2.0},{"damage":0.0,"enemies":"Small Slimes","floor":3.0,"turns":4.0},{"damage":5.0,"enemies":"Looter","floor":5.0,"turns":3.0},{"damage":0.0,"enemies":"3 Sentries","floor":7.0,"turns":2.0},{"damage":5.0,"enemies":"Gremlin Gang","floor":8.0,"turns":3.0},{"damage":0.0,"enemies":"Lagavulin","floor":11.0,"turns":4.0},{"damage":8.0,"enemies":"Red Slaver","floor":13.0,"turns":3.0},{"damage":7.0,"enemies":"Hexaghost","floor":16.0,"turns":4.0},{"damage":0.0,"enemies":"Spheric Guardian","floor":18.0,"turns":2.0},{"damage":8.0,"enemies":"Shell Parasite","floor":20.0,"turns":3.0},{"damage":18.0,"enemies":"Centurion and Healer","floor":22.0,"turns":4.0},{"damage":7.0,"enemies":"Gremlin Leader","floor":23.0,"turns":6.0},{"damage":29.0,"enemies":"Slavers","floor":25.0,"turns":4.0},{"damage":13.0,"enemies":"Gremlin Leader","floor":27.0,"turns":7.0},{"damage":9.0,"enemies":"Snake Plant","floor":29.0,"turns":4.0},{"damage":2.0,"enemies":"Snecko","floor":30.0,"turns":7.0},{"damage":2,"enemies":"Centurion and Healer","floor":31,"turns":18},{"damage":2,"enemies":"Collector","floor":33,"turns":5},{"damage":7,"enemies":"Orb Walker","floor":35,"turns":3},{"damage":0,"enemies":"3 Shapes","floor":36,"turns":7},{"damage":4,"enemies":"Giant Head","floor":40,"turns":7},{"damage":0,"enemies":"Maw","floor":44,"turns":6},{"damage":6,"enemies":"Reptomancer","floor":45,"turns":8},{"damage":0,"enemies":"Writhing Mass","floor":48,"turns":5},{"damage":8,"enemies":"Time Eater","floor":50,"turns":11}],"seed_played":"7535256202616619413","potions_obtained":[{"floor":3.0,"key":"AttackPotion"},{"floor":5.0,"key":"AttackPotion"},{"floor":11.0,"key":"Poison Potion"},{"floor":16.0,"key":"Block Potion"},{"floor":18.0,"key":"Dexterity Potion"},{"floor":25.0,"key":"SpeedPotion"},{"floor":29.0,"key":"FocusPotion"},{"floor":33,"key":"Explosive Potion"},{"floor":34,"key":"AttackPotion"},{"floor":36,"key":"Block Potion"},{"floor":45,"key":"PowerPotion"},{"floor":48,"key":"Explosive Potion"}],"is_trial":false,"path_per_floor":["M","M","M","$","M","R","E","M","T","R","E","?","M","$","R","B",null,"M","$","M","$","M","E","R","E","T","E","?","M","M","M","R","B",null,"M","M","?","$","?","E","R","?","T","M","E","R","$","M","R","B",null],"character_chosen":"DEFECT","items_purchased":["Bag of Preparation","Panacea","DataDisk","Compile Driver"],"campfire_rested":1,"item_purchase_floors":[14,14,38,47],"current_hp_per_floor":[75,74,74,74,69,69,69,64,64,64,64,53,45,45,45,38,75,75,75,67,67,49,56,56,27,27,14,14,5,3,1,27,25,94,87,87,87,87,87,83,83,83,83,83,77,77,77,77,77,69],"gold":135,"neow_bonus":"BOSS_RELIC","is_prod":false,"is_daily":false,"chose_seed":false,"campfire_upgraded":7,"win_rate":0,"timestamp":1545758453,"path_taken":["M","M","M","$","M","R","E","M","T","R","E","?","M","$","R","BOSS","M","$","M","$","M","E","R","E","T","E","?","M","M","M","R","BOSS","M","M","?","$","?","E","R","?","T","M","E","R","$","M","R","BOSS"],"build_version":"2018-12-20","purchased_purges":3,"victory":true,"max_hp_per_floor":[75,75,75,75,75,75,75,75,75,75,75,75,75,75,75,75,75,75,75,75,75,75,89,89,89,89,89,89,89,89,89,89,89,94,94,94,94,94,89,89,89,89,89,89,89,89,89,89,89,89],"card_choices":[{"not_picked":["Compile Driver","Gash"],"picked":"Darkness","floor":1.0},{"not_picked":["Streamline","Hello World"],"picked":"Sweeping Beam","floor":2.0},{"not_picked":["Conserve Battery","Barrage"],"picked":"Cold Snap","floor":3.0},{"not_picked":["Melter","Storm"],"picked":"Lockon","floor":5.0},{"not_picked":["Skim","Beam Cell","Steam Power"],"picked":"SKIP","floor":7.0},{"not_picked":["Leap","Gash"],"picked":"FTL","floor":8.0},{"not_picked":["Chaos","Hologram"],"picked":"Multi-Cast","floor":11.0},{"not_picked":["Chaos","Reprogram","Ball Lightning"],"picked":"SKIP","floor":13.0},{"not_picked":["Electrodynamics","Fission"],"picked":"Seek","floor":16.0},{"not_picked":["Ball Lightning+1","FTL"],"picked":"Consume","floor":18.0},{"not_picked":["Capacitor+1","Undo+1"],"picked":"FTL","floor":20.0},{"not_picked":["Heatsinks+1","Hello World"],"picked":"Defragment","floor":22.0},{"not_picked":["Stack","Blizzard"],"picked":"Chill","floor":23.0},{"not_picked":["Scrape","Consume","Ball Lightning+1"],"picked":"SKIP","floor":25.0},{"not_picked":["Double Energy","Rebound","Scrape"],"picked":"SKIP","floor":27.0},{"not_picked":["Sweeping Beam","Beam Cell"],"picked":"Hologram","floor":29.0},{"not_picked":["Capacitor","Compile Driver+1"],"picked":"Coolheaded+1","floor":30.0},{"not_picked":["Streamline+1","Sunder"],"picked":"Echo Form","floor":31},{"not_picked":["FTL","Compile Driver"],"picked":"Go for the Eyes","floor":34},{"not_picked":["Hello World","Redo"],"picked":"Undo","floor":35},{"not_picked":["Redo+1","Melter"],"picked":"Skim","floor":36},{"not_picked":["Go for the Eyes+1","Beam Cell+1"],"picked":"Capacitor+1","floor":40},{"not_picked":["Thunder Strike","Hello World+1","Turbo"],"picked":"SKIP","floor":44},{"not_picked":["Steam","Sweeping Beam","FTL"],"picked":"SKIP","floor":45},{"not_picked":["Gash","Streamline"],"picked":"Auto Shields","floor":48}],"player_experience":688379,"relics_obtained":[{"floor":7.0,"key":"Shuriken"},{"floor":9.0,"key":"Blue Candle"},{"floor":11.0,"key":"Centennial Puzzle"},{"floor":23.0,"key":"Mango"},{"floor":25.0,"key":"Du-Vu Doll"},{"floor":26.0,"key":"StoneCalendar"},{"floor":27.0,"key":"Peace Pipe"},{"floor":40,"key":"Bottled Tornado"},{"floor":43,"key":"Oddly Smooth Stone"},{"floor":45,"key":"Smiling Mask"}],"event_choices":[{"damage_healed":0.0,"max_hp_gain":0.0,"max_hp_loss":0.0,"gold_gain":75.0,"event_name":"World of Goop","player_choice":"Gather Gold","floor":12.0,"gold_loss":0.0,"damage_taken":11.0},{"damage_healed":0.0,"max_hp_gain":0.0,"max_hp_loss":0.0,"gold_gain":0.0,"event_name":"Addict","player_choice":"Obtained Relic","floor":28.0,"gold_loss":85.0,"damage_taken":0.0,"relics_obtained":["Ancient Tea Set"]},{"cards_removed":["Lockon"],"damage_healed":0,"gold_gain":0,"player_choice":"Removed Attack","damage_taken":0,"max_hp_gain":0,"max_hp_loss":0,"event_name":"Falling","floor":37,"gold_loss":0},{"damage_healed":0,"gold_gain":0,"player_choice":"Max HP","damage_taken":0,"max_hp_gain":0,"max_hp_loss":5,"event_name":"Winding Halls","floor":39,"gold_loss":0},{"damage_healed":0,"gold_gain":0,"player_choice":"Bought 0 Potions","damage_taken":0,"max_hp_gain":0,"max_hp_loss":0,"event_name":"The Woman in Blue","floor":42,"gold_loss":0}],"is_beta":true,"boss_relics":[{"not_picked":["Cursed Key","Snecko Eye"],"picked":"Inserter"},{"not_picked":["Orrery","Coffee Dripper"],"picked":"Tiny House"}],"items_purged_floors":[4,19,47],"is_endless":false,"potions_floor_spawned":[3,5,11,16,18,22,25,29,33,36,45,48],"ascension_level":1}