{"gold_per_floor":[215,215,215,235,235,264,283,283,283,283,318,330,330,346,346,441,441,451,483,495,445,457,457,470,500,500,500,333,345,258,271,271,373,373,390,390,400,500,460,460,470,524,573,20,33,45,64,91,91,91,91,91,40,68,68],"floor_reached":56,"playtime":8442,"items_purged":[],"score":1319,"play_id":"f4f21626-e701-4b3f-ba3c-96ef4b8464b1","local_time":"20181222131534","is_ascension_mode":false,"campfire_choices":[{"floor":8,"key":"RECALL"},{"floor":10,"key":"REST"},{"floor":15,"key":"REST"},{"floor":23,"key":"REST"},{"floor":27,"key":"REST"},{"floor":32,"key":"REST"},{"data":"1","floor":40,"key":"LIFT"},{"data":"2","floor":49,"key":"LIFT"},{"data":"3","floor":52,"key":"LIFT"}],"neow_cost":"NONE","seed_source_timestamp":511766893711980,"circlet_count":0,"master_deck":["Strike_R+1","Strike_R","Strike_R","Strike_R","Strike_R","Defend_R","Defend_R","Defend_R","Defend_R","Bash","Havoc","Offering","Shrug It Off+1","Iron Wave","Havoc","Exhume","Infernal Blade","Iron Wave","Body Slam","Ghostly Armor","Feed","Spot Weakness","Corruption","True Grit+1","Feel No Pain+1","Finesse+1","Shockwave+1","Jack Of All Trades+1","Feel No Pain+1","Sentinel+1","Barricade+1","Intimidate+1","Madness+1","Madness+1","Shrug It Off+1","Body Slam+1","Armaments+1","Entrench+1","Infernal Blade+1","Corruption+1","Shrug It Off+1","Apotheosis+1","Warcry+1","Infernal Blade+1","Rage+1"],"relics":["Burning Blood","Dream Catcher","Pen Nib","Pantograph","Singing Bowl","Runic Cube","Red Mask","Frozen Egg 2","Toxic Egg 2","Fusion Hammer","Girya","Bag of Preparation","Ancient Tea Set","Paper Frog","Pear"],"potions_floor_usage":[6,11,12,18,24,25,35,38,41,45,48,48,54,55],"damage_taken":[{"damage":6,"enemies":"Jaw Worm","floor":1,"turns":4},{"damage":6,"enemies":"Small Slimes","floor":4,"turns":2},{"damage":28,"enemies":"Gremlin Nob","floor":6,"turns":4},{"damage":6,"enemies":"Cultist","floor":7,"turns":3},{"damage":36,"enemies":"Lagavulin","floor":11,"turns":6},{"damage":11,"enemies":"Large Slime","floor":12,"turns":8},{"damage":3,"enemies":"3 Louse","floor":14,"turns":4},{"damage":73,"enemies":"The Guardian","floor":16,"turns":15},{"damage":25,"enemies":"Shell Parasite","floor":18,"turns":6},{"damage":33,"enemies":"Masked Bandits","floor":19,"turns":6},{"damage":7,"enemies":"Chosen","floor":20,"turns":3},{"damage":30,"enemies":"Centurion and Healer","floor":22,"turns":13},{"damage":12,"enemies":"Snake Plant","floor":24,"turns":3},{"damage":22,"enemies":"Slavers","floor":25,"turns":5},{"damage":14,"enemies":"Cultist and Chosen","floor":29,"turns":6},{"damage":6,"enemies":"Snecko","floor":31,"turns":4},{"damage":78,"enemies":"Collector","floor":33,"turns":9},{"damage":4,"enemies":"3 Shapes","floor":35,"turns":3},{"damage":14,"enemies":"Orb Walker","floor":37,"turns":5},{"damage":6,"enemies":"Mind Bloom Boss Battle","floor":38,"turns":6},{"damage":17,"enemies":"3 Darklings","floor":41,"turns":6},{"damage":17,"enemies":"Nemesis","floor":42,"turns":5},{"damage":8,"enemies":"Writhing Mass","floor":45,"turns":2},{"damage":6,"enemies":"Spire Growth","floor":46,"turns":3},{"damage":6,"enemies":"Maw","floor":47,"turns":6},{"damage":0,"enemies":"Giant Head","floor":48,"turns":6},{"damage":32,"enemies":"Time Eater","floor":50,"turns":8},{"damage":15,"enemies":"Shield and Spear","floor":54,"turns":3},{"damage":10,"enemies":"The Heart","floor":55,"turns":8}],"seed_played":"4618039077345148148","potions_obtained":[{"floor":4,"key":"GamblersBrew"},{"floor":6,"key":"LiquidBronze"},{"floor":11,"key":"GamblersBrew"},{"floor":14,"key":"SteroidPotion"},{"floor":22,"key":"EssenceOfSteel"},{"floor":24,"key":"Dexterity Potion"},{"floor":33,"key":"Explosive Potion"},{"floor":35,"key":"Explosive Potion"},{"floor":37,"key":"PowerPotion"},{"floor":41,"key":"LiquidBronze"},{"floor":42,"key":"GamblersBrew"},{"floor":47,"key":"SpeedPotion"}],"is_trial":false,"path_per_floor":["M","?","?","M","$","E","M","R","T","R","E","M","?","M","R","B",null,"M","?","M","?","M","R","M","E","T","R","$","M","$","M","R","B",null,"M","?","M","?","?","R","M","E","T","$","M","M","M","E","R","B",null,"R","$","E","B",null],"character_chosen":"IRONCLAD","items_purchased":["Feel No Pain+1","Finesse+1","Jack Of All Trades+1","Infernal Blade+1","AttackPotion","Corruption+1","Shrug It Off+1","Apotheosis+1","Ancient Tea Set","SkillPotion"],"campfire_rested":5,"item_purchase_floors":[28,28,30,44,44,44,44,44,44,53],"current_hp_per_floor":[80,77,77,77,77,55,55,55,55,79,49,44,44,47,71,13,80,64,39,40,40,18,46,40,27,27,57,57,55,55,55,85,30,102,105,92,84,105,105,105,94,83,83,83,84,84,84,92,92,84,110,110,110,113,118],"gold":68,"neow_bonus":"HUNDRED_GOLD","is_prod":false,"is_daily":false,"chose_seed":false,"campfire_upgraded":0,"win_rate":0,"timestamp":1545477334,"path_taken":["M","?","?","M","$","E","?","R","T","R","E","M","?","M","R","BOSS","M","?","M","?","?","R","M","E","T","R","$","?","$","M","R","BOSS","M","?","M","?","?","R","M","E","T","$","M","M","M","E","R","BOSS","R","$","E","BOSS"],"build_version":"2018-12-20","purchased_purges":0,"victory":true,"max_hp_per_floor":[80,80,80,80,80,80,80,80,80,80,80,80,80,80,80,80,80,83,85,87,87,89,91,91,94,94,96,96,102,102,102,102,102,102,105,105,105,105,105,105,105,105,105,105,108,108,108,110,110,110,110,110,110,122,122],"card_choices":[{"not_picked":["Shrug It Off","Sword Boomerang"],"picked":"Havoc","floor":1},{"not_picked":["Seeing Red","Pommel Strike"],"picked":"Shrug It Off","floor":4},{"not_picked":["Headbutt","Wild Strike"],"picked":"Iron Wave","floor":6},{"not_picked":["Sword Boomerang","Iron Wave"],"picked":"Havoc","floor":7},{"not_picked":["Clash","Shrug It Off"],"picked":"Exhume","floor":10},{"not_picked":["Heavy Blade","Blood for Blood"],"picked":"Infernal Blade","floor":11},{"not_picked":["Armaments","Blood for Blood"],"picked":"Iron Wave","floor":12},{"not_picked":["Clash","Berserk"],"picked":"Body Slam","floor":14},{"not_picked":["Burning Pact","Wild Strike"],"picked":"Ghostly Armor","floor":15},{"not_picked":["Bludgeon","Offering"],"picked":"Feed","floor":16},{"not_picked":["Sword Boomerang","Shrug It Off"],"picked":"Spot Weakness","floor":18},{"not_picked":["Power Through","Clothesline","Iron Wave"],"picked":"Singing Bowl","floor":19},{"not_picked":["Havoc","Cleave","Flex"],"picked":"Singing Bowl","floor":20},{"not_picked":["Sentinel","Heavy Blade+1","Sword Boomerang"],"picked":"Singing Bowl","floor":22},{"not_picked":["Clash","Burning Pact","Uppercut"],"picked":"Singing Bowl","floor":23},{"not_picked":["Shrug It Off","Armaments"],"picked":"Corruption","floor":24},{"not_picked":["Body Slam","Barricade"],"picked":"True Grit+1","floor":25},{"not_picked":["Sword Boomerang","Rupture+1","Bloodletting+1"],"picked":"Singing Bowl","floor":27},{"not_picked":["Thunderclap","Pommel Strike"],"picked":"Shockwave+1","floor":29},{"not_picked":["Shockwave+1","Seeing Red+1"],"picked":"Feel No Pain+1","floor":31},{"not_picked":["Warcry+1","Anger+1"],"picked":"Sentinel+1","floor":32},{"not_picked":["Bludgeon","Feed"],"picked":"Barricade+1","floor":33},{"not_picked":["Blood for Blood","Twin Strike+1"],"picked":"Intimidate+1","floor":35},{"not_picked":["Perfected Strike","Cleave"],"picked":"Shrug It Off+1","floor":37},{"not_picked":["Pummel","Sentinel+1"],"picked":"Body Slam+1","floor":38},{"not_picked":["Thunderclap","Combust+1"],"picked":"Armaments+1","floor":41},{"not_picked":["Sword Boomerang","Shockwave+1"],"picked":"Entrench+1","floor":42},{"not_picked":["Armaments+1","Perfected Strike+1"],"picked":"Warcry+1","floor":45},{"not_picked":["Cleave+1","Wild Strike"],"picked":"Infernal Blade+1","floor":46},{"not_picked":["True Grit+1","Body Slam"],"picked":"Rage+1","floor":47},{"not_picked":["Wild Strike+1","Cleave","Clothesline"],"picked":"Singing Bowl","floor":48},{"not_picked":["Blood for Blood","True Grit+1","Immolate"],"picked":"Singing Bowl","floor":54}],"player_experience":848652,"relics_obtained":[{"floor":6,"key":"Pen Nib"},{"floor":9,"key":"Pantograph"},{"floor":11,"key":"Singing Bowl"},{"floor":19,"key":"Red Mask"},{"floor":25,"key":"Frozen Egg 2"},{"floor":26,"key":"Toxic Egg 2"},{"floor":38,"key":"Girya"},{"floor":42,"key":"Bag of Preparation"},{"floor":48,"key":"Paper Frog"},{"floor":54,"key":"Pear"}],"event_choices":[{"damage_healed":0,"gold_gain":0,"player_choice":"Success","damage_taken":3,"relics_obtained":["Dream Catcher"],"max_hp_gain":0,"max_hp_loss":0,"event_name":"Scrap Ooze","floor":2,"gold_loss":0},{"damage_healed":0,"gold_gain":0,"player_choice":"1 cards matched","damage_taken":0,"max_hp_gain":0,"max_hp_loss":0,"event_name":"Match and Keep!","floor":3,"gold_loss":0,"cards_obtained":["Offering"]},{"damage_healed":0,"gold_gain":0,"player_choice":"Ignored","damage_taken":0,"max_hp_gain":0,"max_hp_loss":0,"event_name":"Shining Light","floor":13,"gold_loss":0},{"damage_healed":0,"gold_gain":0,"player_choice":"Fought Bandits","damage_taken":0,"max_hp_gain":0,"max_hp_loss":0,"event_name":"Masked Bandits","floor":19,"gold_loss":0},{"damage_healed":0,"gold_gain":0,"player_choice":"Bet on Murderer","damage_taken":0,"max_hp_gain":0,"max_hp_loss":0,"event_name":"The Joust","floor":21,"gold_loss":50},{"damage_healed":0,"gold_gain":0,"player_choice":"Embrace Madness","damage_taken":13,"max_hp_gain":0,"max_hp_loss":0,"event_name":"Winding Halls","floor":36,"gold_loss":0,"cards_obtained":["Madness","Madness"]},{"damage_healed":0,"gold_gain":0,"player_choice":"Fight","damage_taken":0,"max_hp_gain":0,"max_hp_loss":0,"event_name":"MindBloom","floor":38,"gold_loss":0},{"damage_healed":0,"gold_gain":0,"player_choice":"Upgraded Two","damage_taken":0,"max_hp_gain":0,"max_hp_loss":0,"event_name":"Designer","floor":39,"gold_loss":40,"cards_upgraded":["Shrug It Off","Strike_R"]}],"is_beta":false,"boss_relics":[{"not_picked":["Coffee Dripper","Philosopher\u0027s Stone"],"picked":"Runic Cube"},{"not_picked":["Snecko Eye","Empty Cage"],"picked":"Fusion Hammer"}],"items_purged_floors":[],"is_endless":false,"potions_floor_spawned":[4,6,11,14,22,24,33,35,37,41,42,47],"ascension_level":0}