{"gold_per_floor":[116,116,131,56,56,95,207,244,283,295,287,299,311,323,335,446,458,493,526,538,76,95,95,95],"floor_reached":24,"playtime":636,"items_purged":["Strike_R","Strike_R"],"score":434,"play_id":"4aef7456-7c2b-4f5b-9345-dfd5ec8aa0c0","local_time":"20190426202203","is_ascension_mode":true,"campfire_choices":[{"data":"Whirlwind","floor":13,"key":"SMITH"},{"data":"Bash","floor":15,"key":"SMITH"},{"data":"Entrench","floor":23,"key":"SMITH"}],"neow_cost":"NONE","seed_source_timestamp":376201777899800,"circlet_count":0,"master_deck":["AscendersBane","Strike_R","Defend_R","Defend_R","Defend_R","Defend_R","Bash+1","Whirlwind+1","Shrug It Off","Entrench+1","Offering","Offering","Seeing Red","True Grit"],"relics":["Burning Blood","NeowsBlessing","Bloody Idol","MawBank","Bag of Preparation","Juzu Bracelet","Coffee Dripper","Omamori"],"potions_floor_usage":[16,16,19,24],"damage_taken":[{"damage":0,"enemies":"2 Louse","floor":1,"turns":1},{"damage":0,"enemies":"Cultist","floor":3,"turns":1},{"damage":0,"enemies":"3 Sentries","floor":6,"turns":2},{"damage":11,"enemies":"Jaw Worm","floor":8,"turns":5},{"damage":68,"enemies":"Slime Boss","floor":16,"turns":11},{"damage":6,"enemies":"Chosen","floor":18,"turns":3},{"damage":49,"enemies":"Spheric Guardian","floor":19,"turns":10},{"damage":12,"enemies":"Shelled Parasite and Fungi","floor":22,"turns":1},{"damage":23,"enemies":"Gremlin Leader","floor":24,"turns":3}],"seed_played":"-7215187089995521404","potions_obtained":[{"floor":8,"key":"Energy Potion"},{"floor":11,"key":"Swift Potion"},{"floor":16,"key":"SpeedPotion"}],"is_trial":false,"path_per_floor":["M","?","M","$","?","E","?","M","T","?","?","?","R","?","R","B",null,"M","M","?","$","M","R","E"],"character_chosen":"IRONCLAD","items_purchased":["Offering","Omamori","Seeing Red","Fire Potion"],"campfire_rested":0,"item_purchase_floors":[21,21,21,21],"current_hp_per_floor":[74,74,75,75,49,55,55,50,50,45,45,45,45,70,70,8,58,58,15,15,20,19,19,0],"gold":95,"neow_bonus":"THREE_ENEMY_KILL","is_prod":false,"is_daily":false,"chose_seed":false,"campfire_upgraded":3,"win_rate":0,"timestamp":1556277723,"path_taken":["M","?","M","?","?","E","?","?","T","?","?","?","R","?","R","BOSS","M","M","?","$","M","R","E"],"build_version":"2019-01-23","purchased_purges":2,"victory":false,"max_hp_per_floor":[75,75,75,75,75,75,75,75,75,75,75,75,75,75,75,75,75,75,75,75,75,75,75,75],"card_choices":[{"not_picked":["Flex","Iron Wave","Warcry"],"picked":"SKIP","floor":1},{"not_picked":["Sword Boomerang","True Grit"],"picked":"Whirlwind","floor":3},{"not_picked":["Power Through","Cleave"],"picked":"Shrug It Off","floor":6},{"not_picked":["Sever Soul","Anger"],"picked":"Entrench","floor":8},{"not_picked":["Impervious","Immolate"],"picked":"Offering","floor":16},{"not_picked":["Perfected Strike+1","Hemokinesis","Iron Wave"],"picked":"SKIP","floor":18},{"not_picked":["Carnage","Dropkick","Twin Strike+1"],"picked":"SKIP","floor":19},{"not_picked":["Headbutt","Metallicize"],"picked":"True Grit","floor":22}],"player_experience":3397357,"relics_obtained":[{"floor":6,"key":"MawBank"},{"floor":9,"key":"Bag of Preparation"}],"event_choices":[{"cards_removed":["Strike_R"],"damage_healed":0,"gold_gain":0,"player_choice":"Purged","damage_taken":0,"max_hp_gain":0,"max_hp_loss":0,"event_name":"Purifier","floor":2,"gold_loss":0},{"damage_healed":0,"gold_gain":0,"player_choice":"Take Damage","damage_taken":26,"relics_obtained":["Golden Idol"],"max_hp_gain":0,"max_hp_loss":0,"event_name":"Golden Idol","floor":5,"gold_loss":0},{"damage_healed":0,"gold_gain":100,"player_choice":"Gold","damage_taken":0,"max_hp_gain":0,"max_hp_loss":0,"event_name":"Wheel of Change","floor":7,"gold_loss":0},{"damage_healed":0,"gold_gain":0,"player_choice":"Success","damage_taken":5,"relics_obtained":["Juzu Bracelet"],"max_hp_gain":0,"max_hp_loss":0,"event_name":"Scrap Ooze","floor":10,"gold_loss":0},{"damage_healed":0,"gold_gain":0,"player_choice":"Bought 1 Potion","damage_taken":0,"max_hp_gain":0,"max_hp_loss":0,"event_name":"The Woman in Blue","floor":11,"gold_loss":0},{"cards_removed":["Strike_R"],"damage_healed":0,"gold_gain":0,"player_choice":"Forget","damage_taken":0,"max_hp_gain":0,"max_hp_loss":0,"event_name":"Living Wall","floor":12,"gold_loss":0},{"damage_healed":25,"gold_gain":0,"player_choice":"Banana","damage_taken":0,"max_hp_gain":0,"max_hp_loss":0,"event_name":"Big Fish","floor":14,"gold_loss":0},{"damage_healed":0,"gold_gain":0,"player_choice":"Gave Idol","damage_taken":0,"relics_obtained":["Bloody Idol"],"max_hp_gain":0,"max_hp_loss":0,"event_name":"Forgotten Altar","floor":20,"relics_lost":["Golden Idol"],"gold_loss":0}],"is_beta":false,"boss_relics":[{"not_picked":["Ectoplasm","Runic Cube"],"picked":"Coffee Dripper"}],"items_purged_floors":[4,21],"is_endless":false,"potions_floor_spawned":[8,16],"killed_by":"Gremlin Leader","ascension_level":20}