{"gold_per_floor":[217,136,61,61,61,61,92,92,142,154,189,206,206,217,217,292,292,307,307],"floor_reached":19,"playtime":816,"items_purged":[],"score":450,"play_id":"a7e9677b-d54b-49e1-9777-c4064f253385","local_time":"20190327192412","is_ascension_mode":true,"campfire_choices":[{"data":"Defragment","floor":6,"key":"SMITH"},{"data":"Streamline","floor":8,"key":"SMITH"},{"data":"Capacitor","floor":13,"key":"SMITH"},{"data":"Consume","floor":15,"key":"SMITH"}],"neow_cost":"NONE","seed_source_timestamp":60513858308800,"circlet_count":0,"master_deck":["AscendersBane","Strike_B","Strike_B","Strike_B","Strike_B","Defend_B","Defend_B","Defend_B","Zap+1","Dualcast","Hologram+1","Defragment+1","Streamline+1","Glacier","Capacitor+1","Coolheaded","Consume+1","Creative AI","Self Repair"],"relics":["Cracked Core","Pocketwatch","Potion Belt","DataDisk","Sozu"],"potions_floor_usage":[7,16,18,19,19],"damage_taken":[{"damage":2,"enemies":"2 Louse","floor":1,"turns":4},{"damage":8,"enemies":"Gremlin Nob","floor":7,"turns":3},{"damage":7,"enemies":"Small Slimes","floor":10,"turns":2},{"damage":2,"enemies":"Lagavulin","floor":11,"turns":6},{"damage":0,"enemies":"Cultist","floor":12,"turns":3},{"damage":0,"enemies":"Blue Slaver","floor":14,"turns":5},{"damage":0,"enemies":"The Guardian","floor":16,"turns":7},{"damage":4,"enemies":"2 Thieves","floor":18,"turns":4},{"damage":10,"enemies":"Colosseum Slavers","floor":19,"turns":6},{"damage":76,"enemies":"Colosseum Nobs","floor":19,"turns":6}],"seed_played":"-7882474626994654536","potions_obtained":[{"floor":5,"key":"SteroidPotion"},{"floor":5,"key":"Dexterity Potion"},{"floor":10,"key":"FearPotion"},{"floor":14,"key":"AttackPotion"},{"floor":16,"key":"EssenceOfSteel"}],"is_trial":false,"path_per_floor":["M","$","?","?","?","R","E","R","T","M","E","M","R","M","R","B",null,"M","?"],"character_chosen":"DEFECT","items_purchased":["Defragment"],"campfire_rested":0,"item_purchase_floors":[2],"current_hp_per_floor":[62,62,62,41,41,41,33,33,33,26,24,24,24,24,24,24,59,55,0],"gold":307,"neow_bonus":"HUNDRED_GOLD","is_prod":false,"is_daily":false,"chose_seed":false,"campfire_upgraded":4,"win_rate":0,"timestamp":1553682252,"path_taken":["M","$","?","?","?","R","E","R","T","?","E","M","R","M","R","BOSS","M","?"],"build_version":"2019-01-23","purchased_purges":0,"victory":false,"max_hp_per_floor":[71,71,71,71,71,71,71,71,71,71,71,71,71,71,71,71,71,71,71],"card_choices":[{"not_picked":["Sweeping Beam","Static Discharge"],"picked":"Hologram","floor":1},{"not_picked":["Go for the Eyes","Hello World"],"picked":"Streamline","floor":7},{"not_picked":["Compile Driver","Leap"],"picked":"Glacier","floor":10},{"not_picked":["Hologram","Sweeping Beam"],"picked":"Capacitor","floor":11},{"not_picked":["Cold Snap","Streamline"],"picked":"Coolheaded","floor":12},{"not_picked":["Tempest","Ball Lightning"],"picked":"Consume","floor":14},{"not_picked":["Biased Cognition","Core Surge"],"picked":"Creative AI","floor":16},{"not_picked":["FTL","Melter"],"picked":"Self Repair","floor":18}],"player_experience":2641437,"relics_obtained":[{"floor":7,"key":"Pocketwatch"},{"floor":9,"key":"Potion Belt"},{"floor":11,"key":"DataDisk"}],"event_choices":[{"cards_removed":["Defend_B"],"damage_healed":0,"gold_gain":0,"player_choice":"Card Removal","damage_taken":0,"max_hp_gain":0,"max_hp_loss":0,"event_name":"The Cleric","floor":3,"gold_loss":75},{"damage_healed":0,"gold_gain":0,"player_choice":"Entered Light","damage_taken":21,"max_hp_gain":0,"max_hp_loss":0,"event_name":"Shining Light","floor":4,"gold_loss":0,"cards_upgraded":["Zap","Hologram"]},{"damage_healed":0,"gold_gain":0,"player_choice":"Got Potions","damage_taken":0,"max_hp_gain":0,"max_hp_loss":0,"event_name":"Lab","floor":5,"gold_loss":0},{"damage_healed":0,"gold_gain":0,"player_choice":"Fight","damage_taken":0,"max_hp_gain":0,"max_hp_loss":0,"event_name":"Colosseum","floor":19,"gold_loss":0},{"damage_healed":0,"gold_gain":0,"player_choice":"Fought Nobs","damage_taken":0,"max_hp_gain":0,"max_hp_loss":0,"event_name":"Colosseum","floor":19,"gold_loss":0}],"is_beta":false,"boss_relics":[{"not_picked":["Black Star","Astrolabe"],"picked":"Sozu"}],"items_purged_floors":[],"is_endless":false,"potions_floor_spawned":[10,14,16],"killed_by":"Colosseum Nobs","ascension_level":20}