{"gold_per_floor":[115,85,99,115,126,153,153,186,233,260,271,301,226,226,226,303,303,317,317,36,36,55,90,90,115,115,158,85,128,156,168,180,192],"floor_reached":33,"playtime":1343,"items_purged":[],"score":682,"play_id":"472375de-5cf2-4324-bce5-750c8f432c9c","local_time":"20190312150038","is_ascension_mode":true,"campfire_choices":[{"data":"White Noise","floor":7,"key":"SMITH"},{"floor":15,"key":"REST"},{"data":"Electrodynamics","floor":24,"key":"SMITH"},{"floor":32,"key":"REST"}],"neow_cost":"NONE","seed_source_timestamp":275448546604499,"circlet_count":0,"master_deck":["AscendersBane","Strike_B","Strike_B","Strike_B","Defend_B+1","Defend_B","Defend_B","Defend_B","Zap","Dualcast+1","Coolheaded","White Noise+1","Conserve Battery","Chill","Self Repair","Core Surge","Loop","Electrodynamics+1","Decay","Conserve Battery+1","Genetic Algorithm","Defragment+1","Reboot"],"relics":["Cracked Core","NeowsBlessing","Dead Branch","Singing Bowl","Strawberry","Smiling Mask","Odd Mushroom","WarpedTongs","Sozu","Bottled Tornado","War Paint","Pen Nib","MawBank","Frozen Egg 2","Omamori","Kunai","Shovel"],"potions_floor_usage":[10,10,25],"damage_taken":[{"damage":0,"enemies":"Small Slimes","floor":1,"turns":1},{"damage":0,"enemies":"Cultist","floor":3,"turns":1},{"damage":0,"enemies":"2 Louse","floor":4,"turns":1},{"damage":9,"enemies":"Red Slaver","floor":5,"turns":3},{"damage":7,"enemies":"3 Sentries","floor":6,"turns":11},{"damage":57,"enemies":"Gremlin Nob","floor":8,"turns":5},{"damage":12,"enemies":"3 Sentries","floor":10,"turns":5},{"damage":0,"enemies":"3 Louse","floor":11,"turns":4},{"damage":12,"enemies":"The Mushroom Lair","floor":12,"turns":6},{"damage":12,"enemies":"Slime Boss","floor":16,"turns":11},{"damage":7,"enemies":"2 Thieves","floor":18,"turns":2},{"damage":2,"enemies":"Chosen","floor":22,"turns":4},{"damage":12,"enemies":"Gremlin Leader","floor":23,"turns":5},{"damage":36,"enemies":"Book of Stabbing","floor":25,"turns":5},{"damage":28,"enemies":"Gremlin Leader","floor":27,"turns":6},{"damage":15,"enemies":"Slavers","floor":29,"turns":3},{"damage":24,"enemies":"Snake Plant","floor":30,"turns":4},{"damage":18,"enemies":"Champ","floor":33,"turns":10}],"seed_played":"-2550164120585667931","potions_obtained":[{"floor":2,"key":"FairyPotion"},{"floor":2,"key":"EntropicBrew"},{"floor":8,"key":"Explosive Potion"},{"floor":12,"key":"Regen Potion"}],"is_trial":false,"path_per_floor":["M","?","M","M","M","E","R","E","T","E","M","?","?","?","R","B",null,"M","?","$","?","M","E","R","E","T","E","?","E","M","?","R","B"],"character_chosen":"DEFECT","items_purchased":["Bottled Tornado"],"campfire_rested":2,"item_purchase_floors":[20],"current_hp_per_floor":[64,64,64,64,55,48,48,14,21,18,25,22,22,22,46,41,72,74,74,74,74,74,62,62,47,47,26,26,13,8,8,34,16],"gold":192,"neow_bonus":"THREE_ENEMY_KILL","is_prod":false,"is_daily":false,"chose_seed":false,"campfire_upgraded":2,"win_rate":0,"timestamp":1552370438,"path_taken":["M","?","?","?","M","E","R","E","T","E","M","?","?","?","R","BOSS","M","?","$","?","?","E","R","E","T","E","?","E","M","?","R","BOSS"],"build_version":"2019-01-23","purchased_purges":0,"victory":false,"max_hp_per_floor":[71,71,71,71,71,71,71,71,78,80,80,82,82,82,82,82,82,84,84,84,84,86,86,86,86,86,86,86,88,88,88,88,88],"card_choices":[{"not_picked":["Sweeping Beam","Ball Lightning"],"picked":"Coolheaded","floor":1},{"not_picked":["Beam Cell","Rebound"],"picked":"White Noise","floor":3},{"not_picked":["Static Discharge","All For One"],"picked":"Conserve Battery","floor":4},{"not_picked":["Doom and Gloom","Hologram"],"picked":"Chill","floor":5},{"not_picked":["Ball Lightning","Conserve Battery"],"picked":"Self Repair","floor":6},{"not_picked":["Cold Snap","Genetic Algorithm"],"picked":"Core Surge","floor":8},{"not_picked":["Steam","Compile Driver","Sweeping Beam"],"picked":"Singing Bowl","floor":10},{"not_picked":["Auto Shields","Compile Driver"],"picked":"Loop","floor":11},{"not_picked":["Auto Shields","Thunder Strike","Gash"],"picked":"Singing Bowl","floor":12},{"not_picked":["Multi-Cast","Echo Form"],"picked":"Electrodynamics","floor":16},{"not_picked":["Streamline","Compile Driver","Steam"],"picked":"Singing Bowl","floor":18},{"not_picked":["FTL","Streamline","Doom and Gloom"],"picked":"Singing Bowl","floor":22},{"not_picked":["Heatsinks","Gash"],"picked":"Conserve Battery+1","floor":23},{"not_picked":["Go for the Eyes","Melter"],"picked":"Genetic Algorithm","floor":25},{"not_picked":["White Noise","Heatsinks"],"picked":"Defragment+1","floor":27},{"not_picked":["FTL","Barrage","Melter"],"picked":"Singing Bowl","floor":29},{"not_picked":["Ball Lightning","Streamline+1"],"picked":"Reboot","floor":30}],"player_experience":2210265,"relics_obtained":[{"floor":6,"key":"Dead Branch"},{"floor":8,"key":"Singing Bowl"},{"floor":9,"key":"Strawberry"},{"floor":10,"key":"Smiling Mask"},{"floor":12,"key":"Odd Mushroom"},{"floor":23,"key":"War Paint"},{"floor":25,"key":"Pen Nib"},{"floor":26,"key":"MawBank"},{"floor":27,"key":"Frozen Egg 2"},{"floor":29,"key":"Kunai"}],"event_choices":[{"damage_healed":0,"gold_gain":0,"player_choice":"Bought 2 Potions","damage_taken":0,"max_hp_gain":0,"max_hp_loss":0,"event_name":"The Woman in Blue","floor":2,"gold_loss":0},{"damage_healed":0,"gold_gain":0,"player_choice":"Fought Mushrooms","damage_taken":0,"max_hp_gain":0,"max_hp_loss":0,"event_name":"Mushrooms","floor":12,"gold_loss":0},{"cards_removed":["Strike_B"],"damage_healed":0,"gold_gain":0,"player_choice":"Card Removal","damage_taken":0,"max_hp_gain":0,"max_hp_loss":0,"event_name":"The Cleric","floor":13,"gold_loss":75},{"damage_healed":0,"gold_gain":0,"player_choice":"Rummage","damage_taken":0,"relics_obtained":["WarpedTongs"],"max_hp_gain":0,"max_hp_loss":0,"event_name":"Accursed Blacksmith","floor":14,"gold_loss":0,"cards_obtained":["Pain"]},{"cards_removed":["Pain"],"damage_healed":0,"gold_gain":0,"player_choice":"Elegance","damage_taken":0,"max_hp_gain":0,"max_hp_loss":0,"event_name":"Back to Basics","floor":19,"gold_loss":0},{"damage_healed":0,"gold_gain":0,"player_choice":"Cursed","damage_taken":0,"max_hp_gain":0,"max_hp_loss":0,"event_name":"Wheel of Change","floor":21,"gold_loss":0,"cards_obtained":["Decay"]},{"damage_healed":0,"gold_gain":0,"player_choice":"Obtained Relic","damage_taken":0,"relics_obtained":["Omamori"],"max_hp_gain":0,"max_hp_loss":0,"event_name":"Addict","floor":28,"gold_loss":85},{"damage_healed":0,"gold_gain":0,"player_choice":"Opened","damage_taken":0,"relics_obtained":["Shovel"],"max_hp_gain":0,"max_hp_loss":0,"event_name":"The Mausoleum","floor":31,"gold_loss":0,"cards_obtained":["Writhe"]}],"is_beta":false,"boss_relics":[{"not_picked":["Snecko Eye","Nuclear Battery"],"picked":"Sozu"}],"items_purged_floors":[],"is_endless":false,"potions_floor_spawned":[3,5,8,12,22,23,27,30],"killed_by":"Champ","ascension_level":20}