{"gold_per_floor":[10,10,24,24,38,38,49,49,49,81,94,124,134,148,148,148],"floor_reached":16,"playtime":960,"items_purged":[],"score":207,"play_id":"880b5ace-23da-48f3-bb6b-cc9b8ee41f24","local_time":"20181010171300","is_ascension_mode":true,"campfire_choices":[{"data":"Disarm","floor":6,"key":"SMITH"},{"data":"Headbutt","floor":8,"key":"SMITH"},{"data":"Limit Break","floor":15,"key":"SMITH"}],"neow_cost":"NO_GOLD","seed_source_timestamp":0,"circlet_count":0,"master_deck":["Strike_R","Strike_R","Strike_R","Strike_R","Strike_R","Defend_R","Defend_R","Defend_R","Defend_R","Bash+1","AscendersBane","Whirlwind+1","Headbutt+1","Disarm+1","Limit Break+1","Clothesline","Rampage","Rage","Anger","Spot Weakness","True Grit","Reaper"],"special_seed":0,"relics":["Burning Blood","Prayer Wheel","Ginger","Ornamental Fan"],"potions_floor_usage":[14,16,16],"damage_taken":[{"damage":9.0,"enemies":"2 Louse","floor":1.0,"turns":3.0},{"damage":1.0,"enemies":"Cultist","floor":3.0,"turns":4.0},{"damage":5,"enemies":"Small Slimes","floor":5,"turns":2},{"damage":0,"enemies":"2 Fungi Beasts","floor":7,"turns":2},{"damage":35,"enemies":"Gremlin Nob","floor":10,"turns":5},{"damage":30,"enemies":"Large Slime","floor":11,"turns":6},{"damage":25,"enemies":"3 Sentries","floor":12,"turns":5},{"damage":6,"enemies":"Looter","floor":13,"turns":3},{"damage":0,"enemies":"2 Fungi Beasts","floor":14,"turns":1},{"damage":32,"enemies":"Slime Boss","floor":16,"turns":9}],"seed_played":"3202919870880375632","potions_obtained":[{"floor":1.0,"key":"GamblersBrew"},{"floor":12,"key":"Strength Potion"},{"floor":14,"key":"SteroidPotion"}],"is_trial":false,"path_per_floor":["M","?","M","?","M","R","M","R","T","E","M","E","M","M","R"],"character_chosen":"IRONCLAD","items_purchased":[],"campfire_rested":0,"item_purchase_floors":[],"current_hp_per_floor":[85,85,90,90,91,91,96,96,96,67,43,24,24,30,30,0],"gold":148,"neow_bonus":"TWENTY_PERCENT_HP_BONUS","is_prod":false,"is_daily":false,"chose_seed":false,"campfire_upgraded":3,"win_rate":0,"timestamp":1539162780,"path_taken":["M","?","M","?","M","R","M","R","T","E","M","E","M","M","R","BOSS"],"build_version":"2018-10-09","purchased_purges":0,"victory":false,"max_hp_per_floor":[96,96,96,96,96,96,96,96,96,96,96,96,96,96,96,96],"card_choices":[{"not_picked":["Inflame","Clash"],"picked":"Whirlwind","floor":1.0},{"not_picked":["Pummel","Carnage"],"picked":"Headbutt","floor":3.0},{"not_picked":["Shrug It Off","Dropkick"],"picked":"Disarm","floor":5},{"not_picked":["Havoc","Whirlwind","Infernal Blade"],"picked":"SKIP","floor":7},{"not_picked":["Body Slam","Perfected Strike"],"picked":"Limit Break","floor":10},{"not_picked":["Blood for Blood","Carnage"],"picked":"Clothesline","floor":11},{"not_picked":["Searing Blow","Iron Wave"],"picked":"Rampage","floor":11},{"not_picked":["Thunderclap","Body Slam"],"picked":"Rage","floor":12},{"not_picked":["Havoc","Seeing Red"],"picked":"Anger","floor":13},{"not_picked":["Shrug It Off","Warcry"],"picked":"Spot Weakness","floor":13},{"not_picked":["Havoc","Headbutt"],"picked":"True Grit","floor":14},{"not_picked":["Anger","Sword Boomerang"],"picked":"Reaper","floor":14}],"player_experience":485703,"relics_obtained":[{"floor":9,"key":"Prayer Wheel"},{"floor":10,"key":"Ginger"},{"floor":12,"key":"Ornamental Fan"}],"event_choices":[{"event_name":"Upgrade Shrine","player_choice":"Upgraded","floor":2.0,"damage_taken":0.0},{"event_name":"Living Wall","player_choice":"Grow","floor":4,"damage_taken":0}],"is_beta":true,"boss_relics":[],"items_purged_floors":[],"is_endless":false,"potions_floor_spawned":[1,12,14],"killed_by":"Slime Boss","ascension_level":12}