{"gold_per_floor":[112,112,112,13,29,29,57,73,98,98,98,123,184,211,211,288,288,306,341,341,353,112,112,141,158,158,175,175],"floor_reached":28,"playtime":832,"items_purged":["Strike_R"],"score":538,"play_id":"6156dbfc-8419-4268-9e19-e5c2eae5d252","local_time":"20190418200041","is_ascension_mode":true,"campfire_choices":[{"data":"Shockwave","floor":6,"key":"SMITH"},{"data":"Rampage","floor":11,"key":"SMITH"},{"floor":15,"key":"REST"},{"floor":23,"key":"REST"}],"neow_cost":"NONE","seed_source_timestamp":230235333475900,"circlet_count":0,"master_deck":["AscendersBane","Strike_R","Strike_R+1","Strike_R+1","Defend_R","Defend_R","Defend_R","Defend_R","Bash","Entrench","Rampage+1","Shockwave+1","Evolve","Demon Form","Feed","Armaments","Armaments+1","Seeing Red","Shrug It Off","Juggernaut","Burning Pact"],"relics":["Burning Blood","NeowsBlessing","Whetstone","Juzu Bracelet","Matryoshka","Prayer Wheel","Potion Belt","Bronze Scales","PreservedInsect","Fusion Hammer","Red Mask","Ancient Tea Set","Bag of Preparation","Regal Pillow","Calipers"],"potions_floor_usage":[18,19,21,24,28,28],"damage_taken":[{"damage":0,"enemies":"Small Slimes","floor":1,"turns":2},{"damage":0,"enemies":"2 Louse","floor":5,"turns":1},{"damage":0,"enemies":"Gremlin Nob","floor":7,"turns":1},{"damage":4,"enemies":"Cultist","floor":8,"turns":4},{"damage":15,"enemies":"Lagavulin","floor":12,"turns":7},{"damage":42,"enemies":"Gremlin Nob","floor":13,"turns":5},{"damage":28,"enemies":"Slime Boss","floor":16,"turns":8},{"damage":22,"enemies":"Spheric Guardian","floor":18,"turns":4},{"damage":44,"enemies":"Masked Bandits","floor":19,"turns":4},{"damage":1,"enemies":"3 Byrds","floor":21,"turns":3},{"damage":25,"enemies":"Book of Stabbing","floor":24,"turns":5},{"damage":2,"enemies":"Snake Plant","floor":25,"turns":5},{"damage":10,"enemies":"Snecko","floor":27,"turns":7},{"damage":29,"enemies":"3 Cultists","floor":28,"turns":4}],"seed_played":"5446963098692557436","potions_obtained":[{"floor":7,"key":"SkillPotion"},{"floor":8,"key":"Fire Potion"},{"floor":16,"key":"PowerPotion"},{"floor":19,"key":"GamblersBrew"},{"floor":21,"key":"Strength Potion"},{"floor":24,"key":"Strength Potion"}],"is_trial":false,"path_per_floor":["M","?","?","$","M","R","E","M","T","?","R","E","?","T","R","B",null,"M","?","?","M","$","R","E","M","T","M","M"],"character_chosen":"IRONCLAD","items_purchased":["Rampage","AttackPotion","Ancient Tea Set"],"campfire_rested":2,"item_purchase_floors":[4,4,22],"current_hp_per_floor":[74,74,75,75,75,75,75,75,75,64,64,55,19,19,41,19,61,48,10,10,18,18,42,27,31,31,27,1],"gold":175,"neow_bonus":"THREE_ENEMY_KILL","is_prod":false,"is_daily":false,"chose_seed":false,"campfire_upgraded":2,"win_rate":0,"timestamp":1555585241,"path_taken":["M","?","?","$","M","R","E","?","T","?","R","E","?","?","R","BOSS","M","?","?","M","$","R","E","M","T","M","M"],"build_version":"2019-01-23","purchased_purges":1,"victory":false,"max_hp_per_floor":[75,75,75,75,75,75,75,75,75,75,75,75,75,75,75,75,75,78,78,78,81,81,81,85,85,85,85,88],"card_choices":[{"not_picked":["Warcry","Bloodletting","Sentinel"],"picked":"SKIP","floor":1},{"not_picked":["Rampage","Headbutt"],"picked":"Shockwave","floor":5},{"not_picked":["Anger","Sword Boomerang"],"picked":"Evolve","floor":7},{"not_picked":["Sentinel","Perfected Strike","Metallicize"],"picked":"SKIP","floor":8},{"not_picked":["Heavy Blade","Clash"],"picked":"Demon Form","floor":12},{"not_picked":["Juggernaut","Dark Embrace"],"picked":"Feed","floor":16},{"not_picked":["Body Slam","Rampage","Flex+1"],"picked":"SKIP","floor":18},{"not_picked":["Cleave","Heavy Blade","Thunderclap+1"],"picked":"SKIP","floor":18},{"not_picked":["Reaper","Entrench"],"picked":"Armaments+1","floor":21},{"not_picked":["Uppercut","Burning Pact"],"picked":"Seeing Red","floor":21},{"not_picked":["Sentinel","Spot Weakness"],"picked":"Shrug It Off","floor":24},{"not_picked":["Headbutt","Carnage"],"picked":"Juggernaut","floor":25},{"not_picked":["Sentinel","Thunderclap","Shrug It Off"],"picked":"SKIP","floor":25},{"not_picked":["Blood for Blood","Bloodletting"],"picked":"Burning Pact","floor":27},{"not_picked":["Headbutt","Twin Strike","Wild Strike"],"picked":"SKIP","floor":27}],"player_experience":3216360,"relics_obtained":[{"floor":7,"key":"Whetstone"},{"floor":9,"key":"Juzu Bracelet"},{"floor":12,"key":"Prayer Wheel"},{"floor":14,"key":"Bronze Scales"},{"floor":14,"key":"PreservedInsect"},{"floor":19,"key":"Red Mask"},{"floor":24,"key":"Bag of Preparation"},{"floor":26,"key":"Regal Pillow"},{"floor":26,"key":"Calipers"}],"event_choices":[{"damage_healed":0,"gold_gain":0,"cards_transformed":["Strike_R"],"player_choice":"Change","damage_taken":0,"max_hp_gain":0,"max_hp_loss":0,"event_name":"Living Wall","floor":2,"gold_loss":0,"cards_obtained":["Entrench"]},{"damage_healed":1,"gold_gain":0,"player_choice":"Full Heal","damage_taken":0,"max_hp_gain":0,"max_hp_loss":0,"event_name":"Wheel of Change","floor":3,"gold_loss":0},{"damage_healed":0,"gold_gain":0,"player_choice":"Success","damage_taken":11,"relics_obtained":["Matryoshka"],"max_hp_gain":0,"max_hp_loss":0,"event_name":"Scrap Ooze","floor":10,"gold_loss":0},{"damage_healed":0,"gold_gain":0,"player_choice":"Searched \u00273\u0027 times","damage_taken":0,"relics_obtained":["Potion Belt"],"max_hp_gain":0,"max_hp_loss":0,"event_name":"Dead Adventurer","floor":13,"gold_loss":0},{"damage_healed":0,"gold_gain":0,"player_choice":"Fought Bandits","damage_taken":0,"max_hp_gain":0,"max_hp_loss":0,"event_name":"Masked Bandits","floor":19,"gold_loss":0},{"damage_healed":0,"gold_gain":0,"player_choice":"Read","damage_taken":0,"max_hp_gain":0,"max_hp_loss":0,"event_name":"The Library","floor":20,"gold_loss":0,"cards_obtained":["Armaments"]}],"is_beta":false,"boss_relics":[{"not_picked":["Black Blood","Orrery"],"picked":"Fusion Hammer"}],"items_purged_floors":[22],"is_endless":false,"potions_floor_spawned":[7,8,16,19,21,24],"killed_by":"3 Cultists","ascension_level":20}