{"gold_per_floor":[209,209,227,227,54,79,79,79,79,79,79,4,14,31,31,126,126,136,136,20,20,37,37,37],"floor_reached":24,"playtime":1382,"items_purged":[],"score":298,"play_id":"d66bd832-fbbe-48f7-99ac-5937491419ff","local_time":"20180902172120","is_ascension_mode":true,"campfire_choices":[{"floor":7,"key":"REST"},{"data":"Echo Form","floor":10,"key":"SMITH"},{"floor":15,"key":"REST"},{"floor":23,"key":"REST"}],"neow_cost":"NONE","seed_source_timestamp":1551280998902223,"circlet_count":0,"master_deck":["Strike_B","Strike_B","Strike_B","Strike_B","Defend_B","Defend_B","Defend_B","Defend_B","Zap","Dualcast","AscendersBane","Cold Snap","Madness","Defragment","Flash of Steel","Echo Form+1","Self Repair","Ball Lightning","Seek","Redo+1","Static Discharge"],"relics":["Cracked Core","Nunchaku","Turnip","Kunai","Black Star"],"potions_floor_usage":[14,16,16,22,22],"damage_taken":[{"damage":0,"enemies":"2 Louse","floor":1,"turns":3},{"damage":1,"enemies":"Cultist","floor":3,"turns":3},{"damage":20,"enemies":"3 Sentries","floor":6,"turns":10},{"damage":7,"enemies":"Jaw Worm","floor":13,"turns":4},{"damage":26,"enemies":"3 Louse","floor":14,"turns":3},{"damage":44,"enemies":"Hexaghost","floor":16,"turns":10},{"damage":27,"enemies":"Shell Parasite","floor":18,"turns":7},{"damage":13,"enemies":"Chosen","floor":22,"turns":6},{"damage":78,"enemies":"Slavers","floor":24,"turns":4}],"seed_played":"-1337390626921906185","potions_obtained":[{"floor":6,"key":"Poison Potion"},{"floor":14,"key":"SkillPotion"},{"floor":18,"key":"Dexterity Potion"}],"is_trial":false,"path_per_floor":["M","?","M","?","$","E","R","?","T","R","$","$","M","M","R","B",null,"M","?","$","?","M","R"],"character_chosen":"DEFECT","items_purchased":["Defragment","Flash of Steel","Regen Potion","Static Discharge","FocusPotion"],"campfire_rested":3,"item_purchase_floors":[5,5,12,20,20],"current_hp_per_floor":[68,68,67,67,67,47,69,69,69,69,69,69,62,50,72,57,71,58,58,58,58,59,75,0],"gold":37,"neow_bonus":"HUNDRED_GOLD","is_prod":false,"is_daily":false,"chose_seed":false,"campfire_upgraded":1,"win_rate":0,"timestamp":1535898080,"path_taken":["M","?","M","?","$","E","R","?","T","R","?","$","M","?","R","BOSS","M","?","$","?","M","R","E"],"build_version":"2018-08-30","purchased_purges":0,"victory":false,"max_hp_per_floor":[75,75,75,75,75,75,75,75,75,75,75,75,75,75,75,75,75,75,75,75,75,75,75,75],"card_choices":[{"not_picked":["Leap","Reinforced Body"],"picked":"Redo","floor":1},{"not_picked":["Gash","Glacier"],"picked":"Cold Snap","floor":3},{"not_picked":["Stack","Hologram"],"picked":"Echo Form","floor":6},{"not_picked":["Coolheaded","Streamline"],"picked":"Self Repair","floor":13},{"not_picked":["Leap","Stack"],"picked":"Ball Lightning","floor":14},{"not_picked":["Reboot","Meteor Strike"],"picked":"Seek","floor":16},{"not_picked":["Hologram","Barrage+1"],"picked":"Redo+1","floor":18},{"not_picked":["Beam Cell","Barrage","Meteor Strike"],"picked":"SKIP","floor":22}],"player_experience":673349,"relics_obtained":[{"floor":6,"key":"Turnip"},{"floor":9,"key":"Kunai"}],"event_choices":[{"event_name":"WeMeetAgain","player_choice":"Card","floor":2,"damage_taken":0},{"event_name":"Match and Keep!","player_choice":"1 cards matched","floor":4,"damage_taken":0},{"event_name":"Purifier","player_choice":"Skipped","floor":8,"damage_taken":0},{"event_name":"Ghosts","player_choice":"Ignored","floor":19,"damage_taken":0},{"event_name":"Vampires","player_choice":"Ignored","floor":21,"damage_taken":0}],"is_beta":false,"boss_relics":[{"not_picked":["Cursed Key","Busted Crown"],"picked":"Black Star"}],"items_purged_floors":[],"is_endless":false,"potions_floor_spawned":[6,13,14,18],"killed_by":"Slavers","ascension_level":11}