{"gold_per_floor":[109,109,109,129,141,141,161,187,241,241,256,30,30,43,43,122,122,135,135,9,29,47,73,73,92,92,127,127,127,27,44,44,118,118,138,69,84,1083,1095,1095,1095],"floor_reached":41,"playtime":1505,"items_purged":["Writhe","Strike_R"],"score":822,"play_id":"08d4a960-fe11-4f41-89df-0ca28838f0cd","local_time":"20190203194641","is_ascension_mode":true,"campfire_choices":[{"data":"Body Slam","floor":6,"key":"SMITH"},{"data":"Demon Form","floor":10,"key":"SMITH"},{"data":"Discovery","floor":13,"key":"SMITH"},{"data":"Disarm","floor":15,"key":"SMITH"},{"data":"Whirlwind","floor":24,"key":"SMITH"},{"data":"Shockwave","floor":29,"key":"SMITH"},{"data":"Flame Barrier","floor":32,"key":"SMITH"},{"data":"Second Wind","floor":40,"key":"SMITH"}],"neow_cost":"PERCENT_DAMAGE","seed_source_timestamp":124929201201700,"circlet_count":0,"master_deck":["AscendersBane","Strike_R","Strike_R+1","Strike_R","Strike_R+1","Defend_R","Defend_R","Defend_R","Defend_R","Bash","Demon Form+1","Power Through","Body Slam+1","Flame Barrier+1","Discovery+1","Disarm+1","Reaper","Rage","Whirlwind+1","Battle Trance","Shockwave+1","Feed+1","Fiend Fire+1","Disarm","Evolve","Second Wind+1","True Grit+1","Normality","Normality","Sentinel+1"],"relics":["Burning Blood","Self Forming Clay","Red Skull","Oddly Smooth Stone","Coffee Dripper","Dream Catcher","Potion Belt","Shuriken","Molten Egg 2","Orrery"],"potions_floor_usage":[8,18,21,33,33,39,39,41],"damage_taken":[{"damage":14,"enemies":"Small Slimes","floor":1,"turns":3},{"damage":1,"enemies":"Cultist","floor":4,"turns":4},{"damage":9,"enemies":"Jaw Worm","floor":5,"turns":5},{"damage":8,"enemies":"Large Slime","floor":7,"turns":6},{"damage":30,"enemies":"3 Sentries","floor":8,"turns":7},{"damage":3,"enemies":"Lots of Slimes","floor":11,"turns":4},{"damage":0,"enemies":"Red Slaver","floor":14,"turns":3},{"damage":6,"enemies":"Hexaghost","floor":16,"turns":8},{"damage":2,"enemies":"3 Byrds","floor":18,"turns":2},{"damage":0,"enemies":"Spheric Guardian","floor":21,"turns":5},{"damage":15,"enemies":"Snake Plant","floor":22,"turns":6},{"damage":54,"enemies":"Slavers","floor":23,"turns":7},{"damage":20,"enemies":"3 Cultists","floor":25,"turns":4},{"damage":31,"enemies":"Book of Stabbing","floor":27,"turns":9},{"damage":5,"enemies":"Shelled Parasite and Fungi","floor":31,"turns":7},{"damage":7,"enemies":"Automaton","floor":33,"turns":12},{"damage":22,"enemies":"3 Shapes","floor":35,"turns":10},{"damage":47,"enemies":"3 Darklings","floor":37,"turns":8},{"damage":42,"enemies":"Spire Growth","floor":39,"turns":6},{"damage":25,"enemies":"Reptomancer","floor":41,"turns":2}],"seed_played":"4113562228992780932","potions_obtained":[{"floor":7,"key":"Regen Potion"},{"floor":8,"key":"Fire Potion"},{"floor":11,"key":"Dexterity Potion"},{"floor":14,"key":"LiquidBronze"},{"floor":22,"key":"EssenceOfSteel"},{"floor":25,"key":"Regen Potion"},{"floor":28,"key":"PowerPotion"},{"floor":33,"key":"LiquidBronze"}],"is_trial":false,"path_per_floor":["M","?","?","M","M","R","M","E","T","R","M","$","R","M","R","B",null,"M","?","$","M","M","E","R","M","T","E","?","R","$","M","R","B",null,"M","$","M","?","M","R","E"],"character_chosen":"IRONCLAD","items_purchased":["Oddly Smooth Stone","Discovery","Block Potion","Second Wind"],"campfire_rested":0,"item_purchase_floors":[12,12,20,36],"current_hp_per_floor":[43,27,27,32,29,29,27,18,18,18,21,21,21,27,27,27,67,77,77,77,80,71,61,61,51,51,26,26,26,26,34,34,54,74,70,70,41,41,12,12,0],"gold":1095,"neow_bonus":"THREE_RARE_CARDS","is_prod":false,"is_daily":false,"chose_seed":false,"campfire_upgraded":8,"win_rate":0,"timestamp":1549190801,"path_taken":["M","?","?","?","M","R","M","E","T","R","M","$","R","M","R","BOSS","M","?","$","M","M","E","R","M","T","E","?","R","$","M","R","BOSS","M","?","?","?","M","R","E"],"build_version":"2019-01-23","purchased_purges":2,"victory":false,"max_hp_per_floor":[80,80,80,80,80,80,80,80,80,80,80,80,80,80,80,80,80,80,80,80,80,80,80,80,80,80,80,80,80,80,80,80,80,80,84,84,84,84,84,84,84],"card_choices":[{"not_picked":["Limit Break","Impervious"],"picked":"Demon Form","floor":0},{"not_picked":["Pommel Strike","Clothesline","Flex"],"picked":"SKIP","floor":1},{"not_picked":["Pummel","Perfected Strike","Havoc"],"picked":"SKIP","floor":4},{"not_picked":["Havoc","Uppercut"],"picked":"Body Slam","floor":5},{"not_picked":["Flex","Dual Wield","Bloodletting"],"picked":"SKIP","floor":7},{"not_picked":["Iron Wave","Wild Strike"],"picked":"Flame Barrier","floor":8},{"not_picked":["Perfected Strike","Body Slam","Armaments"],"picked":"SKIP","floor":11},{"not_picked":["Perfected Strike","Body Slam","Armaments"],"picked":"SKIP","floor":11},{"not_picked":["Rage","Combust"],"picked":"Disarm","floor":14},{"not_picked":["Bludgeon","Limit Break"],"picked":"Reaper","floor":16},{"not_picked":["Spot Weakness","Perfected Strike","Inflame"],"picked":"SKIP","floor":18},{"not_picked":["Sword Boomerang","Hemokinesis"],"picked":"Rage","floor":21},{"not_picked":["Headbutt","Thunderclap","Perfected Strike"],"picked":"SKIP","floor":22},{"not_picked":["Shrug It Off","Clash"],"picked":"Whirlwind","floor":23},{"not_picked":["Ghostly Armor","Clash"],"picked":"Battle Trance","floor":25},{"not_picked":["Havoc","Armaments"],"picked":"Shockwave","floor":27},{"not_picked":["Flame Barrier","Battle Trance","Combust"],"picked":"SKIP","floor":31},{"not_picked":["Bludgeon+1","Dark Embrace"],"picked":"Feed+1","floor":33},{"not_picked":["Havoc","Pommel Strike+1"],"picked":"Fiend Fire+1","floor":34},{"not_picked":["Sword Boomerang+1","Shrug It Off"],"picked":"Disarm","floor":34},{"not_picked":["Combust","Perfected Strike+1"],"picked":"Evolve","floor":34},{"not_picked":["Clothesline+1","Burning Pact+1","Sentinel"],"picked":"SKIP","floor":35},{"not_picked":["Evolve+1","Havoc"],"picked":"True Grit+1","floor":37},{"not_picked":["Thunderclap+1","Flex"],"picked":"Sentinel+1","floor":39}],"player_experience":36657,"relics_obtained":[{"floor":8,"key":"Self Forming Clay"},{"floor":9,"key":"Red Skull"},{"floor":23,"key":"Potion Belt"},{"floor":26,"key":"Shuriken"},{"floor":27,"key":"Molten Egg 2"}],"event_choices":[{"damage_healed":0,"gold_gain":0,"player_choice":"Entered Light","damage_taken":16,"max_hp_gain":0,"max_hp_loss":0,"event_name":"Shining Light","floor":2,"gold_loss":0,"cards_upgraded":["Strike_R","Strike_R"]},{"damage_healed":0,"gold_gain":0,"player_choice":"1 cards matched","damage_taken":0,"max_hp_gain":0,"max_hp_loss":0,"event_name":"Match and Keep!","floor":3,"gold_loss":0,"cards_obtained":["Power Through"]},{"damage_healed":0,"gold_gain":0,"player_choice":"Opened","damage_taken":0,"relics_obtained":["Dream Catcher"],"max_hp_gain":0,"max_hp_loss":0,"event_name":"The Mausoleum","floor":19,"gold_loss":0,"cards_obtained":["Writhe"]},{"damage_healed":0,"gold_gain":0,"player_choice":"Got Potions","damage_taken":0,"max_hp_gain":0,"max_hp_loss":0,"event_name":"Lab","floor":28,"gold_loss":0},{"damage_healed":0,"gold_gain":999,"player_choice":"Gold","damage_taken":0,"max_hp_gain":0,"max_hp_loss":0,"event_name":"MindBloom","floor":38,"gold_loss":0,"cards_obtained":["Normality","Normality"]}],"is_beta":false,"boss_relics":[{"not_picked":["Ectoplasm","Calling Bell"],"picked":"Coffee Dripper"},{"not_picked":["Black Blood","Black Star"],"picked":"Orrery"}],"items_purged_floors":[20,30],"is_endless":false,"potions_floor_spawned":[7,8,11,14,22,25,31,33],"killed_by":"Reptomancer","ascension_level":13}