{"path_per_floor":["M","M","T","M","M","R","$","R","T","M","?","?","R","E","R","B",null,"M","$","?","M","?","R","E","M","T","M","$","M","R","$","R","B",null,"M","M","?","?","M","R","$","R","T","M","M","R","?","$","R"],"character_chosen":"THE_SILENT","items_purchased":["Infinite Blades","Caltrops","Footwork","Outmaneuver","Accuracy"],"gold_per_floor":[112,132,132,146,158,158,6,6,57,74,24,48,48,83,83,183,183,198,23,23,41,41,41,76,88,157,175,52,66,66,66,66,166,166,183,203,203,203,223,223,31,31,31,42,59,59,0,0,0],"floor_reached":50,"campfire_rested":1,"playtime":8812,"current_hp_per_floor":[68,68,68,65,65,65,65,65,65,61,61,41,41,34,34,28,70,58,58,58,58,49,49,49,46,46,46,46,45,45,45,45,30,75,67,67,57,57,44,44,44,44,44,27,24,46,46,46,46],"items_purged":["Strike_G","Strike_G","Strike_G"],"gold":0,"play_id":"bab15816-9f80-4fa3-a135-02ba1e67f1e1","is_prod":false,"is_daily":false,"is_ascension_mode":false,"campfire_upgraded":10,"path_taken":["M","M","?","M","M","R","$","R","T","M","?","?","R","E","R","BOSS","M","$","?","M","?","R","E","M","T","M","?","M","R","$","R","BOSS","M","M","?","?","M","R","$","R","T","M","M","R","?","$","R","BOSS"],"build_version":"2018-02-01-PROD3","purchased_purges":3,"victory":false,"master_deck":["Defend_G","Defend_G","Strike_G","Survivor","Neutralize+1","Backflip","Prepared+1","Prepared+1","Infinite Blades+1","Footwork+1","Backflip","Blur","Adrenaline+1","Cloak And Dagger+1","Caltrops+1","Backstab+1","Well Laid Plans+1","Outmaneuver","Footwork","Outmaneuver","Caltrops+1","Storm of Steel+1","A Thousand Cuts+1","Accuracy+1","Madness","Madness","Accuracy+1","Prepared+1"],"max_hp_per_floor":[70,70,70,70,70,70,70,70,70,70,70,70,70,70,70,70,70,70,70,70,70,75,75,75,75,75,75,75,75,75,75,75,75,75,75,75,75,75,75,75,75,75,75,75,75,75,75,75,75],"relics":["Ring of the Snake","Du-Vu Doll","Lantern","Odd Mushroom","Oddly Smooth Stone","Sozu","Letter Opener","Tough Bandages","Astrolabe","Unceasing Top","Red Mask"],"card_choices":[{"not_picked":["Cloak And Dagger","Outmaneuver"],"picked":"Sucker Punch"},{"not_picked":["Cloak And Dagger","Sucker Punch"],"picked":"Backflip"},{"not_picked":["Dodge and Roll","Quick Slash"],"picked":"Prepared"},{"not_picked":["Dagger Spray","Backflip"],"picked":"Prepared"},{"not_picked":["Bane","Dagger Spray"],"picked":"Footwork"},{"not_picked":["Crippling Poison","Deadly Poison"],"picked":"Backflip"},{"not_picked":["Dash","Wraith Form"],"picked":"Blur"},{"not_picked":["Tactician","Night Terror"],"picked":"Adrenaline"},{"not_picked":["Backflip","Dagger Spray"],"picked":"Cloak And Dagger"},{"not_picked":["Sucker Punch","Underhanded Strike"],"picked":"Backstab"},{"not_picked":["Choke","Wraith Form"],"picked":"Well Laid Plans"},{"not_picked":["Sucker Punch","Calculated Gamble"],"picked":"Outmaneuver"},{"not_picked":["Quick Slash","Dodge and Roll"],"picked":"Accuracy"},{"not_picked":["Underhanded Strike","Masterful Stab"],"picked":"Prepared"}],"player_experience":134351,"potions_floor_usage":[12,16],"damage_taken":[{"damage":2,"enemies":"Blue Slaver","floor":1,"turns":6},{"damage":0,"enemies":"2 Louse","floor":2,"turns":3},{"damage":3,"enemies":"Jaw Worm","floor":4,"turns":5},{"damage":0,"enemies":"2 Fungi Beasts","floor":5,"turns":4},{"damage":4,"enemies":"Large Slime","floor":10,"turns":9},{"damage":20,"enemies":"The Mushroom Lair","floor":12,"turns":7},{"damage":7,"enemies":"Lagavulin","floor":14,"turns":9},{"damage":6,"enemies":"The Guardian","floor":16,"turns":19},{"damage":12,"enemies":"Chosen","floor":18,"turns":8},{"damage":0,"enemies":"Shell Parasite","floor":21,"turns":7},{"damage":0,"enemies":"Book of Stabbing","floor":24,"turns":6},{"damage":3,"enemies":"Centurion and Healer","floor":25,"turns":5},{"damage":0,"enemies":"Cultist and Chosen","floor":27,"turns":8},{"damage":1,"enemies":"Snake Plant","floor":29,"turns":4},{"damage":15,"enemies":"Champ","floor":33,"turns":22},{"damage":8,"enemies":"3 Darklings","floor":35,"turns":5},{"damage":0,"enemies":"Orb Walker","floor":36,"turns":4},{"damage":13,"enemies":"Maw","floor":39,"turns":7},{"damage":17,"enemies":"Sphere and 2 Shapes","floor":44,"turns":4},{"damage":3,"enemies":"3 Darklings","floor":45,"turns":4},{"damage":58,"enemies":"Time Eater","floor":50,"turns":9}],"event_choices":[{"event_name":"The Cleric","player_choice":"Card Removal","floor":11,"damage_taken":0},{"event_name":"Mushrooms","player_choice":"Fought Mushrooms","floor":12,"damage_taken":0},{"event_name":"Drug Dealer","player_choice":"Ignored","floor":20,"damage_taken":0},{"event_name":"Forgotten Altar","player_choice":"Shed Blood","floor":22,"damage_taken":0},{"event_name":"Winding Halls","player_choice":"Embrace Madness","floor":37,"damage_taken":0},{"event_name":"Tomb of Lord Red Mask","player_choice":"Paid","floor":47,"damage_taken":0}],"boss_relics":[{"not_picked":["Runic Pyramid","Ectoplasm"],"picked":"Sozu"},{"not_picked":["Eternal Feather","Orrery"],"picked":"Astrolabe"}],"potions_floor_spawned":[5,10,16,24,27,33,36,39,44],"seed_played":"6214330460804158891","killed_by":"Time Eater","ascension_level":0,"is_trial":false}