{"gold_per_floor":[117,37,2,77,87,87,87,103,176,190,74,74,92,92],"floor_reached":14,"playtime":256,"items_purged":[],"score":160,"play_id":"37e9883d-2acc-4620-ab00-84302a7fca1b","local_time":"20190326142916","is_ascension_mode":true,"campfire_choices":[{"data":"Defragment","floor":6,"key":"SMITH"}],"neow_cost":"NONE","seed_source_timestamp":156892282831800,"circlet_count":0,"master_deck":["AscendersBane","Strike_B","Strike_B","Strike_B","Strike_B","Defend_B","Defend_B","Defend_B","Defend_B","Zap","Dualcast+1","Chill+1","White Noise","Defragment+1","Ball Lightning","Coolheaded","Defragment","Sunder","Cold Snap"],"relics":["Runic Dome","Golden Idol","Kunai"],"potions_floor_usage":[14],"damage_taken":[{"damage":6,"enemies":"2 Louse","floor":1,"turns":3},{"damage":12,"enemies":"Jaw Worm","floor":5,"turns":3},{"damage":0,"enemies":"Small Slimes","floor":8,"turns":3},{"damage":8,"enemies":"Exordium Wildlife","floor":10,"turns":5},{"damage":0,"enemies":"3 Louse","floor":13,"turns":3},{"damage":35,"enemies":"Gremlin Nob","floor":14,"turns":4}],"seed_played":"-1099138440643804751","potions_obtained":[{"floor":1,"key":"Explosive Potion"},{"floor":5,"key":"Dexterity Potion"},{"floor":10,"key":"PowerPotion"},{"floor":13,"key":"Regen Potion"}],"is_trial":false,"path_per_floor":["M","$","?","?","M","R","?","M","T","M","$","?","M","E"],"character_chosen":"DEFECT","items_purchased":["White Noise","Defragment","Sunder"],"campfire_rested":0,"item_purchase_floors":[2,11,11],"current_hp_per_floor":[58,58,71,60,48,48,48,48,48,40,40,21,21,0],"gold":92,"neow_bonus":"BOSS_RELIC","is_prod":false,"is_daily":false,"chose_seed":false,"campfire_upgraded":1,"win_rate":0,"timestamp":1553578156,"path_taken":["M","$","?","?","M","R","?","M","T","M","?","?","?","E"],"build_version":"2019-01-23","purchased_purges":0,"victory":false,"max_hp_per_floor":[71,71,71,71,71,71,64,64,64,64,64,64,64,64],"card_choices":[{"not_picked":["BootSequence","Doom and Gloom"],"picked":"Chill","floor":1},{"not_picked":["Hologram","Steam"],"picked":"Defragment","floor":5},{"not_picked":["Compile Driver","Conserve Battery"],"picked":"Ball Lightning","floor":8},{"not_picked":["Reprogram","Go for the Eyes"],"picked":"Coolheaded","floor":10},{"not_picked":["Leap","Conserve Battery"],"picked":"Cold Snap","floor":13}],"player_experience":2602231,"relics_obtained":[{"floor":9,"key":"Kunai"}],"event_choices":[{"damage_healed":17,"gold_gain":0,"player_choice":"Healed","damage_taken":0,"max_hp_gain":0,"max_hp_loss":0,"event_name":"The Cleric","floor":3,"gold_loss":35},{"damage_healed":0,"gold_gain":75,"player_choice":"Gather Gold","damage_taken":11,"max_hp_gain":0,"max_hp_loss":0,"event_name":"World of Goop","floor":4,"gold_loss":0},{"damage_healed":0,"gold_gain":0,"player_choice":"Lose Max HP","damage_taken":0,"relics_obtained":["Golden Idol"],"max_hp_gain":0,"max_hp_loss":7,"event_name":"Golden Idol","floor":7,"gold_loss":0},{"damage_healed":0,"gold_gain":0,"player_choice":"Entered Light","damage_taken":19,"max_hp_gain":0,"max_hp_loss":0,"event_name":"Shining Light","floor":12,"gold_loss":0,"cards_upgraded":["Dualcast","Chill"]}],"is_beta":false,"boss_relics":[],"items_purged_floors":[],"is_endless":false,"potions_floor_spawned":[1,5,10,13],"killed_by":"Gremlin Nob","ascension_level":20}