{"gold_per_floor":[118,118,137,156,173,173,185,185,209,209,228,59,84,84,84,179,179,179,179,179,0,0,0,0,0,0,0,0,0,0,0,0,0],"floor_reached":33,"playtime":1983,"items_purged":["Strike_B"],"score":241,"play_id":"6c3632f5-9997-40c9-86ae-99dc1c58a78b","local_time":"20181126175053","is_ascension_mode":false,"campfire_choices":[{"data":"Zap","floor":6,"key":"SMITH"},{"data":"Dualcast","floor":10,"key":"SMITH"},{"floor":15,"key":"REST"},{"data":"Self Repair","floor":23,"key":"SMITH"},{"data":"Defragment","floor":25,"key":"SMITH"},{"data":"Steam Power","floor":30,"key":"SMITH"},{"floor":32,"key":"REST"}],"neow_cost":"NONE","seed_source_timestamp":839706314543884,"circlet_count":0,"master_deck":["Strike_B","Strike_B","Defend_B","Defend_B","Defend_B","Defend_B","Zap+1","Dualcast+1","Ball Lightning","Coolheaded","Compile Driver","Steam","Conserve Battery","Conserve Battery","Doom and Gloom","Self Repair+1","Hologram+1","Steam","All For One","Conserve Battery","Steam Power+1","Turbo","Defragment+1","Shame","Gash","Doom and Gloom"],"relics":["Cracked Core","Bronze Scales","Odd Mushroom","Ectoplasm","Ancient Tea Set","Vajra"],"potions_floor_usage":[16,33],"damage_taken":[{"damage":5,"enemies":"Small Slimes","floor":1,"turns":3},{"damage":0,"enemies":"2 Louse","floor":3,"turns":2},{"damage":4,"enemies":"Cultist","floor":4,"turns":3},{"damage":12,"enemies":"Large Slime","floor":5,"turns":4},{"damage":4,"enemies":"Exordium Wildlife","floor":7,"turns":3},{"damage":0,"enemies":"3 Louse","floor":11,"turns":2},{"damage":2,"enemies":"The Mushroom Lair","floor":13,"turns":3},{"damage":24,"enemies":"The Guardian","floor":16,"turns":9},{"damage":0,"enemies":"Chosen","floor":18,"turns":3},{"damage":0,"enemies":"Shell Parasite","floor":19,"turns":5},{"damage":4,"enemies":"Chosen and Byrds","floor":20,"turns":3},{"damage":25,"enemies":"Centurion and Healer","floor":22,"turns":7},{"damage":11,"enemies":"Snake Plant","floor":24,"turns":4},{"damage":0,"enemies":"Chosen and Byrds","floor":29,"turns":5},{"damage":30,"enemies":"Cultist and Chosen","floor":31,"turns":6},{"damage":67,"enemies":"Automaton","floor":33,"turns":6}],"seed_played":"-7390741510711491567","potions_obtained":[{"floor":7,"key":"SteroidPotion"},{"floor":11,"key":"Swift Potion"},{"floor":13,"key":"Explosive Potion"},{"floor":20,"key":"PowerPotion"}],"is_trial":false,"path_per_floor":["M","?","M","M","M","R","M","?","T","R","M","$","?","?","R","B",null,"M","M","M","?","M","R","M","R","T","$","?","M","R","M","R","B"],"character_chosen":"DEFECT","items_purchased":["Self Repair","Hologram"],"campfire_rested":2,"item_purchase_floors":[12,12],"current_hp_per_floor":[70,70,70,66,54,54,50,43,43,43,43,43,48,48,70,53,75,75,75,71,71,53,53,52,52,52,52,52,62,62,42,64,0],"gold":0,"neow_bonus":"THREE_CARDS","is_prod":false,"is_daily":false,"chose_seed":false,"campfire_upgraded":5,"win_rate":0.0,"timestamp":1543276253,"path_taken":["M","?","M","M","M","R","M","?","T","R","M","$","?","?","R","BOSS","M","M","?","?","M","R","M","R","T","$","?","M","R","M","R","BOSS"],"build_version":"2018-11-15","purchased_purges":1,"victory":false,"max_hp_per_floor":[75,75,75,75,75,75,75,75,75,75,75,75,75,75,75,75,75,75,75,75,75,75,75,75,75,75,75,75,75,75,75,75,75],"card_choices":[{"not_picked":["Streamline","Stack"],"picked":"Ball Lightning","floor":0},{"not_picked":["Streamline","Hello World"],"picked":"Coolheaded","floor":1},{"not_picked":["Undo","Chill"],"picked":"Compile Driver","floor":3},{"not_picked":["Stack","Go for the Eyes"],"picked":"Steam","floor":4},{"not_picked":["Go for the Eyes","Cold Snap"],"picked":"Conserve Battery","floor":5},{"not_picked":["Reinforced Body","Static Discharge"],"picked":"Conserve Battery","floor":7},{"not_picked":["Coolheaded","Scrape"],"picked":"Doom and Gloom","floor":11},{"not_picked":["Scrape","Redo"],"picked":"Steam","floor":13},{"not_picked":["Machine Learning","Fission"],"picked":"All For One","floor":16},{"not_picked":["Ball Lightning","Storm"],"picked":"Conserve Battery","floor":18},{"not_picked":["Rip and Tear","Stack"],"picked":"Steam Power","floor":19},{"not_picked":["Compile Driver+1","Heatsinks"],"picked":"Turbo","floor":20},{"not_picked":["Ball Lightning","Streamline"],"picked":"Defragment","floor":22},{"not_picked":["Cold Snap","Aggregate","Lockon"],"picked":"SKIP","floor":24},{"not_picked":["Cold Snap","Aggregate","Lockon"],"picked":"SKIP","floor":24},{"not_picked":["Ball Lightning","Self Repair"],"picked":"Gash","floor":29},{"not_picked":["Hello World+1","Ball Lightning"],"picked":"Doom and Gloom","floor":31}],"player_experience":49713,"relics_obtained":[{"floor":9,"key":"Bronze Scales"},{"floor":13,"key":"Odd Mushroom"},{"floor":26,"key":"Ancient Tea Set"}],"event_choices":[{"damage_healed":0,"gold_gain":0,"player_choice":"Ignored","damage_taken":0,"max_hp_gain":0,"max_hp_loss":0,"event_name":"Liars Game","floor":2,"gold_loss":0},{"cards_removed":["Strike_B"],"damage_healed":0,"gold_gain":0,"player_choice":"Card Removal","damage_taken":7,"max_hp_gain":0,"max_hp_loss":0,"event_name":"Golden Wing","floor":8,"gold_loss":0},{"damage_healed":0,"gold_gain":0,"player_choice":"Fought Mushrooms","damage_taken":0,"max_hp_gain":0,"max_hp_loss":0,"event_name":"Mushrooms","floor":13,"gold_loss":0},{"damage_healed":0,"gold_gain":0,"player_choice":"Upgraded","damage_taken":0,"max_hp_gain":0,"max_hp_loss":0,"event_name":"Upgrade Shrine","floor":14,"gold_loss":0,"cards_upgraded":["Hologram"]},{"damage_healed":0,"gold_gain":0,"player_choice":"Paid Fearfully","damage_taken":0,"max_hp_gain":0,"max_hp_loss":0,"event_name":"Masked Bandits","floor":21,"gold_loss":179},{"damage_healed":0,"gold_gain":0,"player_choice":"Stole Relic","damage_taken":0,"relics_obtained":["Vajra"],"max_hp_gain":0,"max_hp_loss":0,"event_name":"Addict","floor":28,"gold_loss":0,"cards_obtained":["Shame"]}],"is_beta":false,"boss_relics":[{"not_picked":["Sozu","Runic Dome"],"picked":"Ectoplasm"}],"items_purged_floors":[12],"is_endless":false,"potions_floor_spawned":[7,11,13,20,24,29],"killed_by":"Automaton","ascension_level":0}