{"path_per_floor":["M","?","?","$","M","R","E","R","T","R","M","M","R","M","R","B",null,"M","M","?","T","$"],"character_chosen":"IRONCLAD","items_purchased":["Swift Strike","SteroidPotion","Block Potion"],"gold_per_floor":[14,14,14,14,26,26,61,61,61,61,78,97,97,115,115,220,220,235,247,247,319,127,127],"floor_reached":23,"campfire_rested":2,"playtime":1177,"current_hp_per_floor":[66,71,71,71,68,85,59,84,84,84,85,85,85,85,85,75,83,64,47,47,47,47,0],"items_purged":[],"gold":127,"score":255,"play_id":"6d68d0ed-2227-47a9-af8b-1c9503737674","local_time":"20180512132924","is_prod":false,"is_daily":false,"chose_seed":false,"is_ascension_mode":true,"campfire_upgraded":3,"timestamp":1526120964,"path_taken":["M","?","?","?","?","R","E","R","T","R","M","?","R","M","R","BOSS","M","M","?","?","$","E"],"build_version":"2018-05-10","seed_source_timestamp":57698515112563,"purchased_purges":0,"victory":false,"master_deck":["Strike_R","Strike_R","Strike_R","Strike_R","Strike_R","Defend_R","Defend_R","Bash","Anger+1","Bash","Anger","Clash+1","Rage+1","Brutality","Dual Wield+1","Swift Strike+1"],"max_hp_per_floor":[80,85,85,85,85,85,85,85,85,85,85,85,85,85,85,85,85,85,85,85,85,85,85],"relics":["Burning Blood","Happy Flower","Question Card","Black Star","Molten Egg 2"],"card_choices":[{"not_picked":["Bloodletting","Twin Strike"],"picked":"Anger","floor":1},{"not_picked":["Brutality","Dual Wield"],"picked":"Anger","floor":7},{"not_picked":["Second Wind","Flex","Spot Weakness"],"picked":"Clash","floor":12},{"not_picked":["Rampage","Warcry","Shrug It Off"],"picked":"Rage","floor":14},{"not_picked":["Exhume","Dark Embrace","Limit Break"],"picked":"Brutality","floor":16},{"not_picked":["Pommel Strike","Wild Strike","True Grit"],"picked":"Dual Wield","floor":18}],"player_experience":406795,"potions_floor_usage":[12,14,16,19,23,23],"damage_taken":[{"damage":12,"enemies":"Small Slimes","floor":1,"turns":3},{"damage":9,"enemies":"Jaw Worm","floor":5,"turns":3},{"damage":32,"enemies":"Gremlin Nob","floor":7,"turns":4},{"damage":0,"enemies":"Cultist","floor":11,"turns":2},{"damage":3,"enemies":"3 Louse","floor":12,"turns":3},{"damage":5,"enemies":"Lots of Slimes","floor":14,"turns":4},{"damage":16,"enemies":"Slime Boss","floor":16,"turns":8},{"damage":25,"enemies":"Shell Parasite","floor":18,"turns":5},{"damage":23,"enemies":"2 Thieves","floor":19,"turns":3},{"damage":51,"enemies":"Book of Stabbing","floor":23,"turns":4}],"event_choices":[{"event_name":"Big Fish","player_choice":"Donut","floor":2,"damage_taken":0},{"event_name":"Match and Keep!","player_choice":"1 cards matched","floor":3,"damage_taken":0},{"event_name":"Ghosts","player_choice":"Ignored","floor":20,"damage_taken":0}],"boss_relics":[{"not_picked":["Runic Pyramid","Orrery"],"picked":"Black Star"}],"potions_floor_spawned":[11,12,14,16,18],"seed_played":"2418647807325660683","killed_by":"Book of Stabbing","ascension_level":7,"is_trial":false}