{"gold_per_floor":[112,32,49,199,216,216,236,111,111,111,130,76,76,108,108,181,181,197,197,197,215,215,215,229,247,271,271,284,362,412,12,12,87,137,149,149,17,17,31,31,31],"floor_reached":41,"playtime":1983,"items_purged":["Doubt"],"score":764,"play_id":"147b055c-324f-485f-88c5-c5e604957f88","local_time":"20190411181856","is_ascension_mode":true,"campfire_choices":[{"data":"White Noise","floor":6.0,"key":"SMITH"},{"floor":13.0,"key":"REST"},{"data":"Self Repair","floor":15.0,"key":"SMITH"},{"floor":23.0,"key":"REST"},{"floor":27.0,"key":"REST"},{"floor":32.0,"key":"REST"}],"neow_cost":"NONE","seed_source_timestamp":1295033786400,"circlet_count":0,"master_deck":["AscendersBane","Strike_B","Strike_B","Strike_B","Strike_B","Defend_B","Defend_B","Defend_B","Defend_B","Zap","Dualcast","Cold Snap","White Noise+1","Self Repair+1","Capacitor","Ball Lightning","Meteor Strike","Cold Snap","Seek+1","Chaos","Redo","Loop","Conserve Battery+1","Storm","Panacea","Buffer","Defragment","White Noise+1","Conserve Battery+1","Decay"],"special_seed":0,"relics":["Cracked Core","Boot","Dodecahedron","Mango","Nuclear Battery","Nilry\u0027s Codex","Juzu Bracelet","Mummified Hand","Bottled Tornado","Tiny House"],"potions_floor_usage":[],"damage_taken":[{"damage":0.0,"enemies":"Small Slimes","floor":1.0,"turns":3.0},{"damage":4.0,"enemies":"Jaw Worm","floor":3.0,"turns":4.0},{"damage":4.0,"enemies":"Cultist","floor":5.0,"turns":3.0},{"damage":7.0,"enemies":"Large Slime","floor":7.0,"turns":4.0},{"damage":0.0,"enemies":"Looter","floor":11.0,"turns":1.0},{"damage":11.0,"enemies":"Gremlin Nob","floor":14.0,"turns":3.0},{"damage":34.0,"enemies":"Slime Boss","floor":16.0,"turns":7.0},{"damage":39.0,"enemies":"Shell Parasite","floor":18.0,"turns":5.0},{"damage":12.0,"enemies":"Spheric Guardian","floor":21.0,"turns":4.0},{"damage":28.0,"enemies":"Centurion and Healer","floor":24.0,"turns":8.0},{"damage":37.0,"enemies":"Snake Plant","floor":25.0,"turns":4.0},{"damage":28.0,"enemies":"3 Cultists","floor":28.0,"turns":5.0},{"damage":60.0,"enemies":"Champ","floor":33.0,"turns":11.0},{"damage":30.0,"enemies":"3 Darklings","floor":35.0,"turns":3.0},{"damage":43,"enemies":"3 Shapes","floor":39,"turns":6},{"damage":24,"enemies":"Jaw Worm Horde","floor":41,"turns":1}],"seed_played":"-6245684262826610726","potions_obtained":[{"floor":3.0,"key":"Dexterity Potion"},{"floor":5.0,"key":"EntropicBrew"},{"floor":7.0,"key":"Fire Potion"},{"floor":24.0,"key":"Explosive Potion"},{"floor":25.0,"key":"FearPotion"},{"floor":28.0,"key":"GamblersBrew"},{"floor":33.0,"key":"LiquidBronze"},{"floor":34.0,"key":"PowerPotion"}],"is_trial":false,"path_per_floor":["M","$","M","?","M","R","M","$","T","?","M","$","R","E","R","B",null,"M","$","?","M","?","R","M","M","T","R","M","T","?","$","R","B",null,"M","?","$","?","M","?","M"],"character_chosen":"DEFECT","items_purchased":["White Noise","Ball Lightning","PowerPotion","Storm","Bottled Tornado","Panacea","Defragment","Energy Potion"],"campfire_rested":4,"item_purchase_floors":[2,8,12,31,31,31,37,37],"current_hp_per_floor":[64,64,60,60,63,63,63,63,63,63,63,63,71,81,81,57,78,63,63,63,61,40,65,47,20,20,45,37,37,37,37,62,12,72,52,52,52,52,19,19,0],"gold":31,"neow_bonus":"RANDOM_COMMON_RELIC","is_prod":false,"is_daily":false,"chose_seed":false,"campfire_upgraded":2,"win_rate":0,"timestamp":1554995936,"path_taken":["M","$","M","?","M","R","M","$","T","?","M","$","R","E","R","BOSS","M","$","?","M","?","R","M","M","T","R","M","?","?","$","R","BOSS","M","?","$","?","M","?","M"],"build_version":"2019-01-23","purchased_purges":1,"victory":false,"max_hp_per_floor":[71,71,71,71,71,71,71,71,71,71,71,71,71,85,85,85,85,85,85,85,85,85,85,85,85,85,85,85,85,85,85,85,85,90,90,90,90,90,90,90,90],"card_choices":[{"not_picked":["Hologram","Sunder"],"picked":"Cold Snap","floor":1.0},{"not_picked":["Sunder","Steam"],"picked":"Self Repair","floor":3.0},{"not_picked":["Barrage","Conserve Battery"],"picked":"Capacitor","floor":5.0},{"not_picked":["Go for the Eyes","Sweeping Beam","Skim"],"picked":"SKIP","floor":7.0},{"not_picked":["Steam","Aggregate"],"picked":"Meteor Strike","floor":11.0},{"not_picked":["Reprogram","Barrage"],"picked":"Cold Snap","floor":14.0},{"not_picked":["Machine Learning","Multi-Cast"],"picked":"Seek","floor":16.0},{"not_picked":["Recycle","Double Energy","Lockon"],"picked":"SKIP","floor":18.0},{"not_picked":["Steam","Beam Cell"],"picked":"Chaos","floor":21.0},{"not_picked":["Scrape","Sweeping Beam"],"picked":"Redo","floor":24.0},{"not_picked":["Steam+1","Consume"],"picked":"Loop","floor":25.0},{"not_picked":["Leap","Hologram"],"picked":"Conserve Battery+1","floor":28.0},{"not_picked":["Meteor Strike","Multi-Cast"],"picked":"Buffer","floor":33.0},{"not_picked":["Streamline","Rebound","Scrape+1"],"picked":"SKIP","floor":35.0},{"not_picked":["Stack","Steam"],"picked":"Conserve Battery+1","floor":39}],"player_experience":1185922,"relics_obtained":[{"floor":9.0,"key":"Dodecahedron"},{"floor":14.0,"key":"Mango"},{"floor":22.0,"key":"Nilry\u0027s Codex"},{"floor":26.0,"key":"Juzu Bracelet"},{"floor":29.0,"key":"Mummified Hand"}],"event_choices":[{"damage_healed":0.0,"max_hp_gain":0.0,"max_hp_loss":0.0,"gold_gain":150.0,"event_name":"Liars Game","player_choice":"AGREE","floor":4.0,"gold_loss":0.0,"damage_taken":0.0,"cards_obtained":["Doubt"]},{"damage_healed":0.0,"max_hp_gain":0.0,"max_hp_loss":0.0,"gold_gain":0.0,"event_name":"Shining Light","player_choice":"Ignored","floor":10.0,"gold_loss":0.0,"damage_taken":0.0},{"damage_healed":0.0,"max_hp_gain":0.0,"max_hp_loss":0.0,"gold_gain":0.0,"event_name":"Ghosts","player_choice":"Ignored","floor":20.0,"gold_loss":0.0,"damage_taken":0.0},{"damage_healed":0.0,"max_hp_gain":0.0,"max_hp_loss":0.0,"gold_gain":0.0,"event_name":"Cursed Tome","player_choice":"Obtained Book","floor":22.0,"gold_loss":0.0,"damage_taken":21.0},{"damage_healed":0.0,"max_hp_gain":0.0,"max_hp_loss":0.0,"gold_gain":50.0,"event_name":"Nest","player_choice":"Stole From Cult","floor":30.0,"gold_loss":0.0,"damage_taken":0.0},{"damage_healed":0,"gold_gain":0,"player_choice":"Ignored","damage_taken":0,"max_hp_gain":0,"max_hp_loss":0,"event_name":"Mysterious Sphere","floor":36,"gold_loss":0},{"damage_healed":0,"gold_gain":0,"player_choice":"Copied","damage_taken":0,"max_hp_gain":0,"max_hp_loss":0,"event_name":"Duplicator","floor":38,"gold_loss":0,"cards_obtained":["White Noise"]},{"damage_healed":0,"gold_gain":0,"player_choice":"Cursed","damage_taken":0,"max_hp_gain":0,"max_hp_loss":0,"event_name":"Wheel of Change","floor":40,"gold_loss":0,"cards_obtained":["Decay"]}],"is_beta":false,"boss_relics":[{"not_picked":["Ectoplasm","Coffee Dripper"],"picked":"Nuclear Battery"},{"not_picked":["Runic Dome","Astrolabe"],"picked":"Tiny House"}],"items_purged_floors":[8],"is_endless":false,"potions_floor_spawned":[3,5,7,24,25,28,33],"killed_by":"Jaw Worm Horde","ascension_level":18}