{"gold_per_floor":[111,111,125,135,135,135,169,169,240,259,278,60,60],"floor_reached":13,"playtime":359,"items_purged":["Pain"],"score":170,"play_id":"33b0817f-3b14-4ab2-9c10-0418451fa8bb","local_time":"20190210202134","is_ascension_mode":true,"campfire_choices":[{"data":"Loop","floor":6,"key":"SMITH"},{"data":"Zap","floor":8,"key":"SMITH"}],"neow_cost":"NONE","seed_source_timestamp":439908688620900,"circlet_count":0,"master_deck":["AscendersBane","Strike_B","Strike_B","Strike_B","Strike_B","Defend_B","Defend_B","Defend_B","Zap+1","Dualcast","Glacier","Loop+1","Gash","Cold Snap","Echo Form","Coolheaded+1"],"relics":["Cracked Core","NeowsBlessing","WarpedTongs","Pen Nib","Toxic Egg 2"],"potions_floor_usage":[13,13],"damage_taken":[{"damage":0,"enemies":"2 Louse","floor":1,"turns":1},{"damage":0,"enemies":"Cultist","floor":3,"turns":1},{"damage":0,"enemies":"Small Slimes","floor":4,"turns":1},{"damage":8,"enemies":"Lagavulin","floor":7,"turns":7},{"damage":21,"enemies":"Exordium Thugs","floor":10,"turns":5},{"damage":19,"enemies":"2 Fungi Beasts","floor":11,"turns":3},{"damage":5,"enemies":"Gremlin Nob","floor":13,"turns":3}],"seed_played":"-7579292377605744935","potions_obtained":[{"floor":4,"key":"PowerPotion"},{"floor":7,"key":"Strength Potion"}],"is_trial":false,"path_per_floor":["M","?","M","M","?","R","E","R","T","M","M","$","E"],"character_chosen":"DEFECT","items_purchased":["Echo Form","Coolheaded+1"],"campfire_rested":0,"item_purchase_floors":[12,12],"current_hp_per_floor":[64,64,64,64,64,64,56,56,56,35,16,16,11],"gold":60,"neow_bonus":"THREE_ENEMY_KILL","is_prod":false,"is_daily":false,"chose_seed":false,"campfire_upgraded":2,"win_rate":0,"timestamp":1549797694,"path_taken":["M","?","?","M","?","R","E","R","T","M","M","$","E"],"build_version":"2019-01-23","purchased_purges":1,"victory":false,"max_hp_per_floor":[71,71,71,71,71,71,71,71,71,71,71,71,71],"card_choices":[{"not_picked":["Go for the Eyes","Gash"],"picked":"Glacier","floor":1},{"not_picked":["Fusion","Scrape","Leap"],"picked":"SKIP","floor":3},{"not_picked":["Undo","Steam"],"picked":"Loop","floor":4},{"not_picked":["Reprogram","Sweeping Beam","Rebound"],"picked":"SKIP","floor":7},{"not_picked":["Redo+1","Chaos+1"],"picked":"Gash","floor":10},{"not_picked":["Go for the Eyes","Multi-Cast+1"],"picked":"Cold Snap","floor":11}],"player_experience":1499426,"relics_obtained":[{"floor":7,"key":"Pen Nib"},{"floor":9,"key":"Toxic Egg 2"}],"event_choices":[{"cards_removed":["Defend_B"],"damage_healed":0,"gold_gain":0,"player_choice":"Card Removal","damage_taken":0,"max_hp_gain":0,"max_hp_loss":0,"event_name":"Wheel of Change","floor":2,"gold_loss":0},{"damage_healed":0,"gold_gain":0,"player_choice":"Rummage","damage_taken":0,"relics_obtained":["WarpedTongs"],"max_hp_gain":0,"max_hp_loss":0,"event_name":"Accursed Blacksmith","floor":5,"gold_loss":0,"cards_obtained":["Pain"]}],"is_beta":false,"boss_relics":[],"items_purged_floors":[12],"is_endless":false,"potions_floor_spawned":[4,7,11],"killed_by":"Gremlin Nob","ascension_level":20}