{"gold_per_floor":[118,118,128,86,86,86,105,105,130,130,162,162,162,73,73,147,147,165,176,89,89,104,104,104,117,117,117,131,160,188,188,188,265,265,281,296,296,257,267,267,23,49,49,49,68,78,78,95,95,95,95,95,95,10,10],"floor_reached":55,"playtime":2843,"items_purged":["Strike_B+1"],"score":1826,"play_id":"81b139f6-4ea6-4b53-97c4-679e0dfed064","local_time":"20190422204150","is_ascension_mode":true,"campfire_choices":[{"data":"Darkness","floor":6,"key":"SMITH"},{"data":"Genetic Algorithm","floor":8,"key":"SMITH"},{"data":"Zap","floor":10,"key":"SMITH"},{"data":"Hologram","floor":13,"key":"SMITH"},{"data":"Discovery","floor":15,"key":"SMITH"},{"data":"Coolheaded","floor":23,"key":"SMITH"},{"floor":27,"key":"REST"},{"floor":32,"key":"REST"},{"data":"Defragment","floor":40,"key":"SMITH"},{"data":"Coolheaded","floor":44,"key":"SMITH"},{"floor":47,"key":"RECALL"},{"data":"Echo Form","floor":49,"key":"SMITH"},{"data":"White Noise","floor":53,"key":"SMITH"}],"neow_cost":"NONE","seed_source_timestamp":29582631048400,"circlet_count":0,"master_deck":["AscendersBane","Defend_B+1","Defend_B+1","Defend_B+1","Zap+1","Dualcast","Hologram+1","Ball Lightning","Darkness+1","Genetic Algorithm+1","Discovery+1","Echo Form+1","Self Repair","Sweeping Beam","Meteor Strike","Coolheaded+1","Chill","Glacier+1","Double Energy","Coolheaded+1","Electrodynamics","Compile Driver+1","Go for the Eyes+1","Defragment+1","White Noise+1","Reinforced Body+1","Heatsinks+1","Defragment"],"relics":["Cracked Core","NeowsBlessing","PreservedInsect","War Paint","Nuclear Battery","Meat on the Bone","Red Mask","Busted Crown","Anchor","Bird Faced Urn","Pear"],"potions_floor_usage":[29,50],"damage_taken":[{"damage":0,"enemies":"Jaw Worm","floor":1,"turns":1},{"damage":0,"enemies":"2 Louse","floor":3,"turns":1},{"damage":0,"enemies":"Cultist","floor":7,"turns":1},{"damage":3,"enemies":"Gremlin Nob","floor":11,"turns":3},{"damage":23,"enemies":"Slime Boss","floor":16,"turns":7},{"damage":5,"enemies":"Chosen","floor":18,"turns":4},{"damage":2,"enemies":"3 Byrds","floor":19,"turns":4},{"damage":29,"enemies":"Snake Plant","floor":22,"turns":4},{"damage":0,"enemies":"Snecko","floor":25,"turns":4},{"damage":4,"enemies":"Sentry and Sphere","floor":28,"turns":6},{"damage":37,"enemies":"Slavers","floor":29,"turns":5},{"damage":35,"enemies":"Masked Bandits","floor":30,"turns":5},{"damage":31,"enemies":"Automaton","floor":33,"turns":18},{"damage":34,"enemies":"Orb Walker","floor":35,"turns":5},{"damage":0,"enemies":"3 Darklings","floor":36,"turns":5},{"damage":19,"enemies":"Jaw Worm Horde","floor":39,"turns":3},{"damage":7,"enemies":"Nemesis","floor":42,"turns":5},{"damage":16,"enemies":"Sphere and 2 Shapes","floor":45,"turns":3},{"damage":6,"enemies":"Transient","floor":46,"turns":6},{"damage":0,"enemies":"Spire Growth","floor":48,"turns":6},{"damage":84,"enemies":"Awakened One","floor":50,"turns":36},{"damage":22,"enemies":"Donu and Deca","floor":51,"turns":11},{"damage":86,"enemies":"Shield and Spear","floor":55,"turns":8}],"seed_played":"-880273547021762866","potions_obtained":[{"floor":11,"key":"Ancient Potion"},{"floor":18,"key":"FearPotion"},{"floor":24,"key":"Weak Potion"},{"floor":25,"key":"PowerPotion"},{"floor":35,"key":"GamblersBrew"}],"is_trial":false,"path_per_floor":["M","?","M","$","?","R","M","R","T","R","E","?","R","$","R","B",null,"M","M","$","?","M","R","?","M","T","R","M","E","?","?","R","B",null,"M","M","?","$","M","R","$","E","T","R","M","M","R","M","R","B","B",null,"R","$","E"],"character_chosen":"DEFECT","items_purchased":["Darkness","Discovery","Self Repair","Defragment","White Noise","FocusPotion","Defragment"],"campfire_rested":2,"item_purchase_floors":[4,14,20,38,41,41,54],"current_hp_per_floor":[64,43,43,43,43,43,43,43,43,43,40,40,40,40,40,17,58,53,51,51,51,29,29,29,36,36,57,67,44,28,28,49,37,63,55,69,69,69,64,64,64,64,74,74,65,78,78,81,81,58,73,79,79,79,0],"gold":10,"neow_bonus":"THREE_ENEMY_KILL","is_prod":false,"is_daily":false,"chose_seed":false,"campfire_upgraded":10,"win_rate":0,"timestamp":1555933310,"path_taken":["M","?","M","$","?","R","?","R","T","R","E","?","R","?","R","BOSS","M","M","$","?","M","R","?","M","T","R","?","E","?","?","R","BOSS","M","M","?","?","M","R","$","E","T","R","M","M","R","M","R","BOSS","BOSS","R","$","E"],"build_version":"2019-01-23","purchased_purges":1,"victory":false,"max_hp_per_floor":[71,71,71,71,71,71,71,71,71,71,71,71,71,71,71,71,71,71,71,71,71,71,71,71,71,71,71,71,71,71,71,71,71,71,71,71,71,71,71,71,71,71,81,81,81,81,81,81,81,81,81,81,81,81,81],"card_choices":[{"not_picked":["Barrage","Blizzard"],"picked":"Hologram","floor":1},{"not_picked":["Compile Driver","Beam Cell"],"picked":"Ball Lightning","floor":3},{"not_picked":["Rebound","Conserve Battery"],"picked":"Genetic Algorithm","floor":7},{"not_picked":["Reinforced Body","Genetic Algorithm","Redo"],"picked":"SKIP","floor":11},{"not_picked":["Reinforced Body","Genetic Algorithm","Redo"],"picked":"SKIP","floor":11},{"not_picked":["Reinforced Body","Genetic Algorithm","Redo"],"picked":"SKIP","floor":11},{"not_picked":["Meteor Strike","Machine Learning"],"picked":"Echo Form","floor":16},{"not_picked":["Hello World","Beam Cell","Redo"],"picked":"SKIP","floor":18},{"not_picked":["Compile Driver","Leap","Gash"],"picked":"SKIP","floor":19},{"not_picked":["Darkness","Streamline"],"picked":"Coolheaded","floor":22},{"not_picked":["Cold Snap+1","Fission"],"picked":"Chill","floor":25},{"not_picked":["Chaos+1","Beam Cell"],"picked":"Glacier+1","floor":28},{"not_picked":["BootSequence+1","Heatsinks","Steam Power"],"picked":"SKIP","floor":29},{"not_picked":["Rip and Tear","Gash+1"],"picked":"Double Energy","floor":30},{"not_picked":["Core Surge","Rainbow"],"picked":"Electrodynamics","floor":33},{"not_picked":[],"picked":"Compile Driver+1","floor":35},{"not_picked":["Go for the Eyes+1"],"picked":"SKIP","floor":36},{"not_picked":["Go for the Eyes+1"],"picked":"SKIP","floor":36},{"not_picked":[],"picked":"Go for the Eyes+1","floor":36},{"not_picked":["Redo"],"picked":"SKIP","floor":39},{"not_picked":["Leap"],"picked":"SKIP","floor":42},{"not_picked":[],"picked":"Reinforced Body+1","floor":45},{"not_picked":["Storm"],"picked":"SKIP","floor":46},{"not_picked":[],"picked":"Heatsinks+1","floor":48}],"player_experience":3304257,"relics_obtained":[{"floor":9,"key":"PreservedInsect"},{"floor":11,"key":"War Paint"},{"floor":29,"key":"Meat on the Bone"},{"floor":30,"key":"Red Mask"},{"floor":42,"key":"Bird Faced Urn"},{"floor":43,"key":"Pear"}],"event_choices":[{"damage_healed":0,"gold_gain":0,"player_choice":"Entered Light","damage_taken":21,"max_hp_gain":0,"max_hp_loss":0,"event_name":"Shining Light","floor":2,"gold_loss":0,"cards_upgraded":["Defend_B","Strike_B"]},{"cards_removed":["Strike_B"],"damage_healed":0,"gold_gain":0,"player_choice":"Offered Basic","damage_taken":0,"max_hp_gain":0,"max_hp_loss":0,"event_name":"Bonfire Elementals","floor":5,"gold_loss":0},{"cards_removed":["Strike_B"],"damage_healed":0,"gold_gain":0,"player_choice":"Forget","damage_taken":0,"max_hp_gain":0,"max_hp_loss":0,"event_name":"Living Wall","floor":12,"gold_loss":0},{"damage_healed":0,"gold_gain":0,"cards_transformed":["Strike_B","Defend_B"],"player_choice":"Became Test Subject","damage_taken":0,"max_hp_gain":0,"max_hp_loss":0,"event_name":"Drug Dealer","floor":21,"gold_loss":0,"cards_obtained":["Sweeping Beam","Meteor Strike"]},{"damage_healed":0,"gold_gain":0,"player_choice":"Got Potions","damage_taken":0,"max_hp_gain":0,"max_hp_loss":0,"event_name":"Lab","floor":24,"gold_loss":0},{"damage_healed":0,"gold_gain":0,"player_choice":"Fought Bandits","damage_taken":0,"max_hp_gain":0,"max_hp_loss":0,"event_name":"Masked Bandits","floor":30,"gold_loss":0},{"damage_healed":0,"gold_gain":0,"player_choice":"Read","damage_taken":0,"max_hp_gain":0,"max_hp_loss":0,"event_name":"The Library","floor":31,"gold_loss":0,"cards_obtained":["Coolheaded"]},{"damage_healed":0,"gold_gain":0,"player_choice":"Gave Potion","damage_taken":0,"relics_obtained":["Anchor"],"max_hp_gain":0,"max_hp_loss":0,"event_name":"WeMeetAgain","floor":37,"gold_loss":0}],"is_beta":false,"boss_relics":[{"not_picked":["Coffee Dripper","Empty Cage"],"picked":"Nuclear Battery"},{"not_picked":["Runic Pyramid","Pandora\u0027s Box"],"picked":"Busted Crown"}],"items_purged_floors":[41],"is_endless":false,"potions_floor_spawned":[11,18,22,25,35,36],"killed_by":"Shield and Spear","ascension_level":20}