{"gold_per_floor":[119,269,269,30,45,45,55,82,135,135,185,185,110,136,136,215,215,189,189],"floor_reached":19,"playtime":479,"items_purged":["Doubt"],"score":346,"play_id":"e17b8fef-ec51-4754-97f5-5f96e2d5fd75","local_time":"20190425185427","is_ascension_mode":true,"campfire_choices":[{"data":"Bash","floor":6,"key":"SMITH"},{"data":"Metallicize","floor":10,"key":"SMITH"},{"data":"Second Wind","floor":12,"key":"SMITH"},{"floor":15,"key":"REST"}],"neow_cost":"NONE","seed_source_timestamp":284699379646200,"circlet_count":0,"master_deck":["AscendersBane","Strike_R","Strike_R","Strike_R+1","Strike_R","Strike_R","Defend_R","Defend_R","Defend_R","Defend_R","Bash+1","Evolve+1","Battle Trance","Second Wind+1","Metallicize+1","Rampage","Entrench","Dark Embrace","True Grit"],"relics":["Burning Blood","NeowsBlessing","PreservedInsect","Potion Belt","Shuriken","Cursed Key"],"potions_floor_usage":[16],"damage_taken":[{"damage":0,"enemies":"2 Louse","floor":1,"turns":1},{"damage":0,"enemies":"Small Slimes","floor":5,"turns":1},{"damage":0,"enemies":"Cultist","floor":7,"turns":1},{"damage":24,"enemies":"Gremlin Nob","floor":8,"turns":4},{"damage":20,"enemies":"Lagavulin","floor":14,"turns":6},{"damage":36,"enemies":"The Guardian","floor":16,"turns":14},{"damage":12,"enemies":"2 Thieves","floor":18,"turns":4}],"seed_played":"2884181062421777558","potions_obtained":[{"floor":1,"key":"Ancient Potion"},{"floor":5,"key":"SkillPotion"}],"is_trial":false,"path_per_floor":["M","?","?","$","M","R","M","E","T","R","?","R","$","E","R","B",null,"M","$"],"character_chosen":"IRONCLAD","items_purchased":["PreservedInsect","Rampage"],"campfire_rested":1,"item_purchase_floors":[4,13],"current_hp_per_floor":[74,74,51,51,57,57,63,45,45,45,38,38,38,24,46,16,60,54,54],"gold":189,"neow_bonus":"THREE_ENEMY_KILL","is_prod":false,"is_daily":false,"chose_seed":false,"campfire_upgraded":3,"win_rate":0,"timestamp":1556186067,"path_taken":["M","?","?","$","M","R","M","E","T","R","?","R","$","E","R","BOSS","M","$"],"build_version":"2019-01-23","purchased_purges":1,"victory":false,"max_hp_per_floor":[75,75,75,75,75,75,75,75,75,75,75,75,75,75,75,75,75,75,75],"card_choices":[{"not_picked":["Flame Barrier","Clothesline"],"picked":"Evolve","floor":1},{"not_picked":["Dual Wield","Clash"],"picked":"Battle Trance","floor":5},{"not_picked":["Heavy Blade","Iron Wave"],"picked":"Second Wind","floor":7},{"not_picked":["Thunderclap","Wild Strike"],"picked":"Metallicize","floor":8},{"not_picked":["Wild Strike","Clothesline"],"picked":"Entrench","floor":14},{"not_picked":["Exhume","Bludgeon"],"picked":"Dark Embrace","floor":16},{"not_picked":["Headbutt","Sword Boomerang"],"picked":"True Grit","floor":18}],"player_experience":3372050,"relics_obtained":[{"floor":8,"key":"Potion Belt"},{"floor":14,"key":"Shuriken"}],"event_choices":[{"damage_healed":0,"gold_gain":150,"player_choice":"AGREE","damage_taken":0,"max_hp_gain":0,"max_hp_loss":0,"event_name":"Liars Game","floor":2,"gold_loss":0,"cards_obtained":["Doubt"]},{"damage_healed":0,"gold_gain":0,"player_choice":"Entered Light","damage_taken":23,"max_hp_gain":0,"max_hp_loss":0,"event_name":"Shining Light","floor":3,"gold_loss":0,"cards_upgraded":["Evolve","Strike_R"]},{"damage_healed":0,"gold_gain":50,"player_choice":"Touch","damage_taken":7,"max_hp_gain":0,"max_hp_loss":0,"event_name":"FaceTrader","floor":11,"gold_loss":0}],"is_beta":false,"boss_relics":[{"not_picked":["Eternal Feather","Runic Pyramid"],"picked":"Cursed Key"}],"items_purged_floors":[4],"is_endless":false,"potions_floor_spawned":[1,5],"ascension_level":20}