{"gold_per_floor":[117,131,131,56,56,90,90,106,406,424,457,427,427,454,454,527,527,538,538,557,573,0,28,28,53,77,77,103,116,116,139,139,215,215,230,248,248,303,1302,1302,1330,1330,1353,1353,1387,1012,1012,1046,1046,1046,1046,1046,1046,118,118],"floor_reached":55,"playtime":3069,"items_purged":["Injury","Dropkick"],"score":2400,"play_id":"8f1070fb-92cb-4079-bd26-a2a54a476605","local_time":"20190313190435","is_ascension_mode":true,"campfire_choices":[{"floor":7.0,"key":"REST"},{"data":"Strike_R","floor":13.0,"key":"PURGE"},{"data":"Body Slam","floor":15.0,"key":"SMITH"},{"data":"Armaments","floor":24.0,"key":"SMITH"},{"data":"Strike_R","floor":27.0,"key":"PURGE"},{"data":"Strike_R+1","floor":30.0,"key":"PURGE"},{"floor":32.0,"key":"REST"},{"data":"Normality","floor":40.0,"key":"PURGE"},{"data":"Normality","floor":42.0,"key":"PURGE"},{"data":"Wild Strike","floor":44.0,"key":"PURGE"},{"floor":47.0,"key":"RECALL"},{"floor":49.0,"key":"DIG"},{"floor":53,"key":"DIG"}],"neow_cost":"PERCENT_DAMAGE","seed_source_timestamp":374142957599400,"circlet_count":0,"master_deck":["AscendersBane","Bash","Offering","Carnage+1","Second Wind","Body Slam+1","Disarm","Reaper+1","Shrug It Off","Feed","True Grit+1","Impervious","Dual Wield","Armaments+1","Exhume+1","Second Wind","Impervious","Rage","Armaments","Dual Wield","Sever Soul","Ghostly Armor+1","Second Wind","Seeing Red","Entrench","Master of Strategy","Bandage Up"],"special_seed":0,"relics":["Burning Blood","Peace Pipe","FossilizedHelix","Old Coin","Paper Frog","Nunchaku","Runic Dome","Charon\u0027s Ashes","Kunai","Shovel","Whetstone","War Paint","Pandora\u0027s Box","Du-Vu Doll","Ancient Tea Set","Vajra","Dead Branch","Bronze Scales","Champion Belt","Mummified Hand","Bag of Marbles","Letter Opener"],"potions_floor_usage":[51,51],"damage_taken":[{"damage":0.0,"enemies":"2 Louse","floor":1.0,"turns":3.0},{"damage":13.0,"enemies":"Small Slimes","floor":2.0,"turns":3.0},{"damage":21.0,"enemies":"Lagavulin","floor":6.0,"turns":5.0},{"damage":0.0,"enemies":"Jaw Worm","floor":8.0,"turns":3.0},{"damage":0.0,"enemies":"Exordium Wildlife","floor":10.0,"turns":3.0},{"damage":6.0,"enemies":"Gremlin Nob","floor":11.0,"turns":3.0},{"damage":13.0,"enemies":"Lagavulin","floor":14.0,"turns":6.0},{"damage":23.0,"enemies":"The Guardian","floor":16.0,"turns":13.0},{"damage":14.0,"enemies":"3 Byrds","floor":18.0,"turns":6.0},{"damage":6.0,"enemies":"Shell Parasite","floor":20.0,"turns":3.0},{"damage":35.0,"enemies":"Shelled Parasite and Fungi","floor":21.0,"turns":5.0},{"damage":0.0,"enemies":"Gremlin Leader","floor":23.0,"turns":4.0},{"damage":34.0,"enemies":"Slavers","floor":25.0,"turns":8.0},{"damage":38.0,"enemies":"Gremlin Leader","floor":28.0,"turns":6.0},{"damage":0.0,"enemies":"Centurion and Healer","floor":29.0,"turns":4.0},{"damage":11.0,"enemies":"Champ","floor":33.0,"turns":7.0},{"damage":6.0,"enemies":"3 Shapes","floor":35.0,"turns":2.0},{"damage":0.0,"enemies":"Orb Walker","floor":36.0,"turns":2.0},{"damage":6.0,"enemies":"2 Orb Walkers","floor":38.0,"turns":4.0},{"damage":21.0,"enemies":"Giant Head","floor":41.0,"turns":6.0},{"damage":0.0,"enemies":"Reptomancer","floor":45.0,"turns":5.0},{"damage":6.0,"enemies":"Nemesis","floor":48.0,"turns":1.0},{"damage":10.0,"enemies":"Donu and Deca","floor":50.0,"turns":8.0},{"damage":108,"enemies":"Awakened One","floor":51,"turns":19},{"damage":104,"enemies":"Shield and Spear","floor":55,"turns":3}],"seed_played":"-162694932133859714","potions_obtained":[{"floor":1.0,"key":"Fire Potion"},{"floor":6.0,"key":"GamblersBrew"},{"floor":12.0,"key":"GamblersBrew"},{"floor":21.0,"key":"Explosive Potion"},{"floor":33.0,"key":"Explosive Potion"},{"floor":35.0,"key":"FearPotion"},{"floor":38.0,"key":"FearPotion"}],"is_trial":false,"path_per_floor":["M","M","?","?","T","E","R","M","T","M","E","?","R","E","R","B",null,"M","?","M","M","$","E","R","E","T","R","E","M","R","T","R","B",null,"M","M","?","?","?","R","E","R","T","R","E","$","R","E","R","B","B",null,"R","$","E"],"character_chosen":"IRONCLAD","items_purchased":["Charon\u0027s Ashes","Impervious","Dual Wield","Fruit Juice","PowerPotion","EntropicBrew","Seeing Red","Entrench","Master of Strategy","Bandage Up","Bag of Marbles","Letter Opener"],"campfire_rested":2,"item_purchase_floors":[22,22,22,46,46,46,54,54,54,54,54,54],"current_hp_per_floor":[56,49,26,26,26,11,33,39,39,45,45,45,45,38,38,25,63,64,64,67,41,41,62,62,46,46,46,26,40,40,40,66,69,83,90,90,85,85,85,85,70,70,70,70,85,90,90,90,90,86,24,74,74,74,0],"gold":118,"neow_bonus":"THREE_RARE_CARDS","is_prod":false,"is_daily":false,"chose_seed":false,"campfire_upgraded":2,"win_rate":0,"timestamp":1552471475,"path_taken":["M","M","?","?","?","E","R","?","T","M","E","?","R","E","R","BOSS","M","?","M","M","$","E","R","E","T","R","E","?","R","?","R","BOSS","M","M","?","?","?","R","E","R","T","R","E","$","R","E","R","BOSS","BOSS","R","$","E"],"build_version":"2019-01-23","purchased_purges":2,"victory":false,"max_hp_per_floor":[75,75,75,75,75,75,75,75,75,75,75,75,75,75,75,75,75,78,78,81,84,84,87,87,87,87,87,87,87,87,87,87,87,87,90,90,85,85,85,85,85,85,85,85,85,90,90,90,90,90,90,90,90,90,90],"card_choices":[{"not_picked":["Berserk","Juggernaut"],"picked":"Offering","floor":0.0},{"not_picked":["Shockwave","Armaments"],"picked":"Carnage","floor":1.0},{"not_picked":["Heavy Blade","Bloodletting"],"picked":"Second Wind","floor":2.0},{"not_picked":["Havoc","Hemokinesis"],"picked":"Body Slam","floor":6.0},{"not_picked":["Clothesline","Pommel Strike","Heavy Blade"],"picked":"SKIP","floor":8.0},{"not_picked":["Wild Strike","Havoc"],"picked":"Disarm","floor":10.0},{"not_picked":["Wild Strike","Warcry"],"picked":"Reaper","floor":11.0},{"not_picked":["Havoc","Thunderclap"],"picked":"Shrug It Off","floor":14.0},{"not_picked":["Brutality","Fiend Fire"],"picked":"Feed","floor":16.0},{"not_picked":["Shrug It Off","Pommel Strike"],"picked":"True Grit+1","floor":18.0},{"not_picked":["Pommel Strike","Body Slam"],"picked":"Dropkick","floor":20.0},{"not_picked":["Pommel Strike","Clothesline+1","Intimidate"],"picked":"SKIP","floor":21.0},{"not_picked":["Uppercut","Sentinel"],"picked":"Armaments","floor":23.0},{"not_picked":["Sever Soul","Flex"],"picked":"Exhume","floor":28.0},{"not_picked":["Warcry","Armaments"],"picked":"Second Wind","floor":29.0},{"not_picked":["Feed","Offering"],"picked":"Impervious","floor":33.0},{"not_picked":["Flex+1","Thunderclap+1","Pommel Strike+1"],"picked":"SKIP","floor":35.0},{"not_picked":["Evolve","Infernal Blade+1"],"picked":"Ghostly Armor+1","floor":36.0},{"not_picked":["Metallicize+1","Rampage","Searing Blow+1"],"picked":"SKIP","floor":41.0},{"not_picked":["Sever Soul","Reckless Charge","Dark Embrace"],"picked":"SKIP","floor":45.0},{"not_picked":["Infernal Blade","Shrug It Off"],"picked":"Second Wind","floor":48.0}],"player_experience":2240164,"relics_obtained":[{"floor":5.0,"key":"Peace Pipe"},{"floor":6.0,"key":"FossilizedHelix"},{"floor":9.0,"key":"Old Coin"},{"floor":11.0,"key":"Paper Frog"},{"floor":14.0,"key":"Nunchaku"},{"floor":23.0,"key":"Kunai"},{"floor":25.0,"key":"Shovel"},{"floor":28.0,"key":"Whetstone"},{"floor":31.0,"key":"War Paint"},{"floor":38.0,"key":"Du-Vu Doll"},{"floor":41.0,"key":"Ancient Tea Set"},{"floor":43.0,"key":"Vajra"},{"floor":45.0,"key":"Dead Branch"},{"floor":48.0,"key":"Bronze Scales"},{"floor":49.0,"key":"Champion Belt"},{"floor":53,"key":"Mummified Hand"}],"event_choices":[{"damage_healed":0.0,"max_hp_gain":0.0,"max_hp_loss":0.0,"gold_gain":0.0,"event_name":"Shining Light","player_choice":"Entered Light","floor":3.0,"gold_loss":0.0,"damage_taken":23.0,"cards_upgraded":["Strike_R","Carnage"]},{"cards_removed":["Strike_R"],"damage_healed":0.0,"max_hp_gain":0.0,"max_hp_loss":0.0,"gold_gain":0.0,"event_name":"The Cleric","player_choice":"Card Removal","floor":4.0,"gold_loss":75.0,"damage_taken":0.0},{"damage_healed":0.0,"max_hp_gain":0.0,"max_hp_loss":0.0,"gold_gain":0.0,"event_name":"The Woman in Blue","player_choice":"Bought 2 Potions","floor":12.0,"gold_loss":0.0,"damage_taken":0.0},{"damage_healed":0.0,"max_hp_gain":0.0,"max_hp_loss":0.0,"gold_gain":0.0,"event_name":"Match and Keep!","player_choice":"1 cards matched","floor":19.0,"gold_loss":0.0,"damage_taken":0.0,"cards_obtained":["Injury"]},{"damage_healed":0.0,"max_hp_gain":0.0,"max_hp_loss":5.0,"gold_gain":0.0,"event_name":"Winding Halls","player_choice":"Max HP","floor":37.0,"gold_loss":0.0,"damage_taken":0.0},{"damage_healed":0.0,"max_hp_gain":0.0,"max_hp_loss":0.0,"gold_gain":0.0,"event_name":"Mysterious Sphere","player_choice":"Fight","floor":38.0,"gold_loss":0.0,"damage_taken":0.0},{"damage_healed":0.0,"max_hp_gain":0.0,"max_hp_loss":0.0,"gold_gain":999.0,"event_name":"MindBloom","player_choice":"Gold","floor":39.0,"gold_loss":0.0,"damage_taken":0.0,"cards_obtained":["Normality","Normality"]}],"is_beta":false,"boss_relics":[{"not_picked":["Busted Crown","Black Blood"],"picked":"Runic Dome"},{"not_picked":["Sozu","Lizard Tail"],"picked":"Pandora\u0027s Box"}],"items_purged_floors":[22,46],"is_endless":false,"potions_floor_spawned":[1,6,16,18,21,33,35,38],"killed_by":"Shield and Spear","ascension_level":20}