{"gold_per_floor":[219,219,219,219,233,233,75,75,75,88,88,88,88,120,120,219,219,235,150,150,150,75,75,106,106,106,106,134,152,170,170,170,265,265,280,380,396,410,106,106,125,155,233,533,533,41,59,88,88,88],"floor_reached":51,"playtime":1892,"items_purged":["Writhe","Writhe","Doubt"],"score":1297,"play_id":"91f469fb-3013-4f01-8537-32dbe423141b","local_time":"20190216153353","is_ascension_mode":true,"campfire_choices":[{"data":"Zap","floor":6,"key":"SMITH"},{"data":"Defragment","floor":8,"key":"SMITH"},{"data":"Discovery","floor":11,"key":"SMITH"},{"data":"Zap","floor":13,"key":"SMITH"},{"data":"Coolheaded","floor":15,"key":"SMITH"},{"data":"Dualcast","floor":23,"key":"SMITH"},{"data":"Ghostly","floor":25,"key":"SMITH"},{"data":"Echo Form","floor":27,"key":"SMITH"},{"data":"Ghostly","floor":32,"key":"SMITH"},{"floor":40,"key":"DIG"},{"floor":44,"key":"DIG"},{"floor":49,"key":"DIG"}],"neow_cost":"NONE","seed_source_timestamp":191808840968900,"circlet_count":0,"master_deck":["Strike_B+1","Defend_B+1","Defend_B","Defend_B","Defend_B","Zap+1","Dualcast+1","Cold Snap","Zap+1","Self Repair","Discovery+1","Defragment+1","Coolheaded+1","Echo Form+1","BootSequence+1","Ghostly+1","Ghostly+1","Ghostly","Ghostly","Ghostly","Cold Snap","Glacier+1","Barrage","Turbo","Core Surge","Decay","Cold Snap+1","Glacier+1","Electrodynamics","Cold Snap+1","White Noise","Coolheaded+1"],"relics":["FrozenCore","Thread and Needle","Shuriken","Bag of Preparation","PreservedInsect","Blue Candle","Ornamental Fan","Darkstone Periapt","Calling Bell","Strawberry","Dodecahedron","Unceasing Top","Shovel","ClockworkSouvenir","Orichalcum","Frozen Egg 2","Pear","Old Coin","Cables","Dream Catcher","Letter Opener"],"potions_floor_usage":[14,24,50,50],"damage_taken":[{"damage":7,"enemies":"2 Louse","floor":1,"turns":3},{"damage":11,"enemies":"Small Slimes","floor":5,"turns":2},{"damage":0,"enemies":"Cultist","floor":10,"turns":3},{"damage":11,"enemies":"Gremlin Nob","floor":14,"turns":4},{"damage":8,"enemies":"Hexaghost","floor":16,"turns":10},{"damage":37,"enemies":"3 Byrds","floor":18,"turns":7},{"damage":0,"enemies":"Book of Stabbing","floor":24,"turns":7},{"damage":0,"enemies":"Slavers","floor":28,"turns":6},{"damage":0,"enemies":"Spheric Guardian","floor":29,"turns":6},{"damage":0,"enemies":"Shelled Parasite and Fungi","floor":30,"turns":7},{"damage":0,"enemies":"Champ","floor":33,"turns":16},{"damage":0,"enemies":"Orb Walker","floor":35,"turns":7},{"damage":5,"enemies":"Mind Bloom Boss Battle","floor":36,"turns":10},{"damage":0,"enemies":"3 Shapes","floor":37,"turns":9},{"damage":6,"enemies":"Jaw Worm Horde","floor":38,"turns":9},{"damage":0,"enemies":"3 Darklings","floor":41,"turns":11},{"damage":0,"enemies":"Nemesis","floor":42,"turns":8},{"damage":0,"enemies":"Transient","floor":47,"turns":5},{"damage":0,"enemies":"Giant Head","floor":48,"turns":10},{"damage":19,"enemies":"Donu and Deca","floor":50,"turns":10}],"seed_played":"8132458639304076253","potions_obtained":[{"floor":1,"key":"FearPotion"},{"floor":5,"key":"Explosive Potion"},{"floor":14,"key":"FairyPotion"},{"floor":18,"key":"FearPotion"},{"floor":28,"key":"LiquidBronze"},{"floor":42,"key":"Strength Potion"}],"is_trial":false,"path_per_floor":["M","?","?","?","M","R","$","R","T","M","R","T","R","E","R","B",null,"M","?","?","?","$","R","E","R","T","R","E","M","M","?","R","B",null,"M","?","M","M","$","R","M","E","T","R","?","$","M","E","R","B",null],"character_chosen":"DEFECT","items_purchased":["Discovery","Defragment","ClockworkSouvenir","Cables","White Noise","PowerPotion"],"campfire_rested":0,"item_purchase_floors":[7,7,39,46,46,46],"current_hp_per_floor":[61,46,39,39,28,28,28,28,28,35,35,35,35,31,31,30,64,41,41,41,37,37,37,37,37,37,37,37,37,37,37,37,37,62,62,62,62,62,62,62,62,62,72,72,72,72,72,72,72,60],"gold":88,"neow_bonus":"HUNDRED_GOLD","is_prod":false,"is_daily":false,"chose_seed":false,"campfire_upgraded":9,"win_rate":0,"timestamp":1550298833,"path_taken":["M","?","?","?","?","R","$","R","T","M","R","?","R","E","R","BOSS","M","?","?","?","$","R","E","R","T","R","E","M","M","?","R","BOSS","M","?","M","M","$","R","M","E","T","R","?","$","M","E","R","BOSS"],"build_version":"2019-01-23","purchased_purges":3,"victory":true,"max_hp_per_floor":[75,75,75,75,75,75,75,75,75,75,75,75,75,75,75,75,75,75,75,75,37,37,37,37,37,37,37,37,37,37,37,37,37,62,62,62,62,62,62,62,62,62,72,72,72,72,72,72,72,72],"card_choices":[{"not_picked":["Rebound","Steam"],"picked":"Cold Snap","floor":1},{"not_picked":["Chill","Beam Cell"],"picked":"Self Repair","floor":5},{"not_picked":["Compile Driver","Streamline"],"picked":"Coolheaded","floor":10},{"not_picked":["Lockon","Compile Driver","Steam Power"],"picked":"SKIP","floor":14},{"not_picked":["Rainbow","Seek"],"picked":"Echo Form","floor":16},{"not_picked":["Rebound+1","Leap"],"picked":"BootSequence+1","floor":18},{"not_picked":["Chaos","Force Field"],"picked":"Cold Snap","floor":24},{"not_picked":["Skim","Sweeping Beam","Auto Shields+1"],"picked":"SKIP","floor":28},{"not_picked":["Skim","Hologram","Sweeping Beam+1"],"picked":"SKIP","floor":29},{"not_picked":["Melter","Compile Driver"],"picked":"Glacier+1","floor":30},{"not_picked":["Amplify","Meteor Strike"],"picked":"Core Surge","floor":33},{"not_picked":["Genetic Algorithm+1","Rebound"],"picked":"Cold Snap+1","floor":35},{"not_picked":["Melter","Leap+1"],"picked":"Glacier+1","floor":37},{"not_picked":["Barrage","Ball Lightning+1","Sweeping Beam+1"],"picked":"SKIP","floor":38},{"not_picked":["Skim+1","Stack+1"],"picked":"Electrodynamics","floor":41},{"not_picked":["Steam Power","Beam Cell"],"picked":"Cold Snap+1","floor":42},{"not_picked":["Rip and Tear","Sweeping Beam"],"picked":"Coolheaded+1","floor":47},{"not_picked":["Sunder+1","Heatsinks+1","Auto Shields+1"],"picked":"SKIP","floor":48}],"player_experience":78687,"relics_obtained":[{"floor":9,"key":"Thread and Needle"},{"floor":12,"key":"Shuriken"},{"floor":24,"key":"Blue Candle"},{"floor":26,"key":"Ornamental Fan"},{"floor":28,"key":"Darkstone Periapt"},{"floor":34,"key":"Strawberry"},{"floor":34,"key":"Dodecahedron"},{"floor":34,"key":"Unceasing Top"},{"floor":36,"key":"Shovel"},{"floor":40,"key":"Orichalcum"},{"floor":42,"key":"Frozen Egg 2"},{"floor":43,"key":"Pear"},{"floor":44,"key":"Old Coin"},{"floor":48,"key":"Dream Catcher"},{"floor":49,"key":"Letter Opener"}],"event_choices":[{"damage_healed":0,"gold_gain":0,"player_choice":"Entered Light","damage_taken":15,"max_hp_gain":0,"max_hp_loss":0,"event_name":"Shining Light","floor":2,"gold_loss":0,"cards_upgraded":["Defend_B","Strike_B"]},{"cards_removed":["Strike_B"],"damage_healed":0,"gold_gain":0,"player_choice":"Card Removal","damage_taken":7,"max_hp_gain":0,"max_hp_loss":0,"event_name":"Golden Wing","floor":3,"gold_loss":0},{"damage_healed":0,"gold_gain":0,"player_choice":"1 cards matched","damage_taken":0,"max_hp_gain":0,"max_hp_loss":0,"event_name":"Match and Keep!","floor":4,"gold_loss":0,"cards_obtained":["Zap"]},{"damage_healed":0,"gold_gain":0,"player_choice":"Obtained Relic","damage_taken":0,"relics_obtained":["Bag of Preparation"],"max_hp_gain":0,"max_hp_loss":0,"event_name":"Addict","floor":19,"gold_loss":85},{"damage_healed":0,"gold_gain":0,"player_choice":"Opened","damage_taken":0,"relics_obtained":["PreservedInsect"],"max_hp_gain":0,"max_hp_loss":0,"event_name":"The Mausoleum","floor":20,"gold_loss":0,"cards_obtained":["Writhe"]},{"damage_healed":0,"gold_gain":0,"player_choice":"Became a Ghost","damage_taken":0,"max_hp_gain":0,"max_hp_loss":38,"event_name":"Ghosts","floor":21,"gold_loss":0,"cards_obtained":["Ghostly","Ghostly","Ghostly","Ghostly","Ghostly"]},{"damage_healed":0,"gold_gain":0,"cards_transformed":["Strike_B","Strike_B"],"player_choice":"Became Test Subject","damage_taken":0,"max_hp_gain":0,"max_hp_loss":0,"event_name":"Drug Dealer","floor":31,"gold_loss":0,"cards_obtained":["Barrage","Turbo"]},{"damage_healed":0,"gold_gain":0,"player_choice":"Fight","damage_taken":0,"max_hp_gain":0,"max_hp_loss":0,"event_name":"MindBloom","floor":36,"gold_loss":0},{"damage_healed":0,"gold_gain":0,"player_choice":"Ignored","damage_taken":0,"max_hp_gain":0,"max_hp_loss":0,"event_name":"Tomb of Lord Red Mask","floor":45,"gold_loss":0}],"is_beta":false,"boss_relics":[{"not_picked":["Eternal Feather","Astrolabe"],"picked":"FrozenCore"},{"not_picked":["Fusion Hammer","Lizard Tail"],"picked":"Calling Bell"}],"items_purged_floors":[22,39,46],"is_endless":false,"potions_floor_spawned":[1,5,14,18,28,36,37,42],"ascension_level":8}