{"gold_per_floor":[119,194,212,137,137,168,180,20,20,20,36,36,62,62,62,136,136,146,67,67,13,13,13,47,64,64,138,138,138,156,173,173,249,249,260,182,202,202,214,214,232,232,259,259,271,271,271,305,305,305,305,305,305,31,60,60],"floor_reached":57,"playtime":1904,"items_purged":["Strike_R","Bash"],"score":2887,"play_id":"ad40be18-1669-4a61-8575-7d1878a6e6de","local_time":"20190413212257","is_ascension_mode":true,"campfire_choices":[{"data":"Carnage","floor":10,"key":"SMITH"},{"data":"Whirlwind","floor":12,"key":"SMITH"},{"data":"True Grit","floor":15,"key":"SMITH"},{"data":"Barricade","floor":23,"key":"SMITH"},{"data":"Body Slam","floor":29,"key":"SMITH"},{"data":"Shrug It Off","floor":32,"key":"SMITH"},{"data":"Power Through","floor":40,"key":"SMITH"},{"floor":42,"key":"REST"},{"floor":47,"key":"RECALL"},{"floor":49,"key":"REST"},{"data":"Second Wind","floor":53,"key":"SMITH"}],"neow_cost":"NONE","seed_source_timestamp":120153206876000,"circlet_count":0,"master_deck":["AscendersBane","Defend_R","Defend_R+1","Defend_R+1","True Grit+1","Whirlwind+1","Carnage+1","Barricade+1","Second Wind+1","Shrug It Off+1","Body Slam+1","Seeing Red","Pommel Strike+1","Feed","Disarm","Power Through+1","Dark Embrace"],"relics":["Burning Blood","NeowsBlessing","Centennial Puzzle","War Paint","Mercury Hourglass","Pen Nib","Mark of Pain","Potion Belt","Bronze Scales","Busted Crown","Strawberry","Shuriken","Gambling Chip"],"potions_floor_usage":[16,25,33,33,33,50,50],"damage_taken":[{"damage":0,"enemies":"2 Louse","floor":1,"turns":1},{"damage":0,"enemies":"Jaw Worm","floor":3,"turns":1},{"damage":0,"enemies":"Gremlin Nob","floor":6,"turns":1},{"damage":3,"enemies":"Cultist","floor":7,"turns":4},{"damage":6,"enemies":"Blue Slaver","floor":11,"turns":3},{"damage":32,"enemies":"Lagavulin","floor":13,"turns":5},{"damage":30,"enemies":"The Guardian","floor":16,"turns":11},{"damage":0,"enemies":"3 Byrds","floor":18,"turns":3},{"damage":34,"enemies":"Slavers","floor":24,"turns":6},{"damage":0,"enemies":"Chosen","floor":25,"turns":4},{"damage":12,"enemies":"Snake Plant","floor":30,"turns":3},{"damage":10,"enemies":"Snecko","floor":31,"turns":4},{"damage":0,"enemies":"Champ","floor":33,"turns":6},{"damage":6,"enemies":"Orb Walker","floor":35,"turns":2},{"damage":7,"enemies":"3 Darklings","floor":37,"turns":3},{"damage":20,"enemies":"Sphere and 2 Shapes","floor":39,"turns":7},{"damage":36,"enemies":"Transient","floor":41,"turns":6},{"damage":15,"enemies":"3 Darklings","floor":45,"turns":3},{"damage":35,"enemies":"Reptomancer","floor":48,"turns":9},{"damage":34,"enemies":"Time Eater","floor":50,"turns":14},{"damage":21,"enemies":"Awakened One","floor":51,"turns":9},{"damage":34,"enemies":"Shield and Spear","floor":55,"turns":7},{"damage":33,"enemies":"The Heart","floor":56,"turns":9}],"seed_played":"7532141835371818958","potions_obtained":[{"floor":6,"key":"Dexterity Potion"},{"floor":7,"key":"Swift Potion"},{"floor":24,"key":"BloodPotion"},{"floor":30,"key":"Regen Potion"},{"floor":35,"key":"Block Potion"},{"floor":48,"key":"SpeedPotion"}],"is_trial":false,"path_per_floor":["M","?","M","?","?","E","M","$","T","R","M","R","E","?","R","B",null,"M","$","?","$","?","R","E","M","T","T","?","R","M","M","R","B",null,"M","$","M","?","M","R","M","R","T","?","M","?","R","E","R","B","B",null,"R","$","E","B",null],"character_chosen":"IRONCLAD","items_purchased":["Carnage","Second Wind","PowerPotion","Power Through","Dark Embrace"],"campfire_rested":2,"item_purchase_floors":[8,19,21,36,54],"current_hp_per_floor":[74,63,69,69,69,75,75,75,75,75,75,75,49,42,42,18,61,67,67,67,67,67,67,39,52,52,52,52,52,46,42,42,63,72,72,72,71,71,60,60,30,53,60,60,51,51,51,22,47,19,7,68,68,68,40,13],"gold":60,"neow_bonus":"THREE_ENEMY_KILL","is_prod":false,"is_daily":false,"chose_seed":false,"campfire_upgraded":8,"win_rate":0,"timestamp":1555158177,"path_taken":["M","?","M","?","?","E","?","$","T","R","M","R","E","?","R","BOSS","M","$","?","?","?","R","E","?","T","?","?","R","?","M","R","BOSS","M","$","M","?","M","R","M","R","T","?","?","?","R","E","R","BOSS","BOSS","R","$","E","BOSS"],"build_version":"2019-01-23","purchased_purges":2,"victory":true,"max_hp_per_floor":[75,75,75,75,75,75,75,75,75,75,75,75,75,75,75,75,75,75,75,75,75,75,75,75,75,75,75,75,75,75,75,75,75,75,75,75,75,75,78,78,78,78,85,85,85,85,85,85,85,85,88,88,88,88,88,88],"card_choices":[{"not_picked":["Havoc","Thunderclap"],"picked":"True Grit","floor":1},{"not_picked":["Clash","Warcry"],"picked":"Armaments","floor":3},{"not_picked":["Rampage","Anger"],"picked":"Whirlwind","floor":6},{"not_picked":["Heavy Blade","Iron Wave","Twin Strike"],"picked":"SKIP","floor":7},{"not_picked":["Brutality","Wild Strike","True Grit"],"picked":"SKIP","floor":11},{"not_picked":["Wild Strike","Twin Strike","Power Through"],"picked":"SKIP","floor":13},{"not_picked":["Bludgeon","Berserk"],"picked":"Barricade","floor":16},{"not_picked":["Combust","Headbutt","Thunderclap"],"picked":"SKIP","floor":18},{"not_picked":["Cleave","Warcry"],"picked":"Body Slam","floor":24},{"not_picked":["Twin Strike","Flex","Reckless Charge"],"picked":"SKIP","floor":25},{"not_picked":["Fire Breathing","Body Slam"],"picked":"Seeing Red","floor":30},{"not_picked":["Sentinel","Bloodletting"],"picked":"Pommel Strike+1","floor":31},{"not_picked":["Reaper","Immolate"],"picked":"Feed","floor":33},{"not_picked":[],"picked":"Disarm","floor":35},{"not_picked":["Anger"],"picked":"SKIP","floor":37},{"not_picked":["Sword Boomerang+1"],"picked":"SKIP","floor":39},{"not_picked":["Searing Blow"],"picked":"SKIP","floor":41},{"not_picked":["Iron Wave+1"],"picked":"SKIP","floor":45},{"not_picked":["True Grit"],"picked":"SKIP","floor":48},{"not_picked":["Dropkick"],"picked":"SKIP","floor":55}],"player_experience":3110959,"relics_obtained":[{"floor":6,"key":"War Paint"},{"floor":9,"key":"Mercury Hourglass"},{"floor":13,"key":"Pen Nib"},{"floor":24,"key":"Potion Belt"},{"floor":26,"key":"Bronze Scales"},{"floor":43,"key":"Strawberry"},{"floor":48,"key":"Shuriken"},{"floor":55,"key":"Gambling Chip"}],"event_choices":[{"damage_healed":0,"gold_gain":75,"player_choice":"Gather Gold","damage_taken":11,"max_hp_gain":0,"max_hp_loss":0,"event_name":"World of Goop","floor":2,"gold_loss":0},{"cards_removed":["Strike_R"],"damage_healed":0,"gold_gain":0,"player_choice":"Card Removal","damage_taken":0,"max_hp_gain":0,"max_hp_loss":0,"event_name":"The Cleric","floor":4,"gold_loss":75},{"cards_removed":["Armaments"],"damage_healed":0,"gold_gain":0,"player_choice":"Gave Card","damage_taken":0,"relics_obtained":["Centennial Puzzle"],"max_hp_gain":0,"max_hp_loss":0,"event_name":"WeMeetAgain","floor":5,"gold_loss":0},{"cards_removed":["Strike_R"],"damage_healed":0,"gold_gain":0,"player_choice":"Card Removal","damage_taken":7,"max_hp_gain":0,"max_hp_loss":0,"event_name":"Golden Wing","floor":14,"gold_loss":0},{"cards_removed":["Strike_R"],"damage_healed":0,"gold_gain":0,"player_choice":"Card Removal","damage_taken":0,"max_hp_gain":0,"max_hp_loss":0,"event_name":"Wheel of Change","floor":20,"gold_loss":0},{"damage_healed":0,"gold_gain":0,"player_choice":"Read","damage_taken":0,"max_hp_gain":0,"max_hp_loss":0,"event_name":"The Library","floor":22,"gold_loss":0,"cards_obtained":["Shrug It Off"]},{"cards_removed":["Strike_R"],"damage_healed":0,"gold_gain":0,"player_choice":"Elegance","damage_taken":0,"max_hp_gain":0,"max_hp_loss":0,"event_name":"Back to Basics","floor":28,"gold_loss":0},{"cards_removed":["Defend_R"],"damage_healed":0,"gold_gain":0,"player_choice":"Removed Skill","damage_taken":0,"max_hp_gain":0,"max_hp_loss":0,"event_name":"Falling","floor":38,"gold_loss":0},{"damage_healed":0,"gold_gain":0,"player_choice":"Ignored","damage_taken":0,"max_hp_gain":0,"max_hp_loss":0,"event_name":"SecretPortal","floor":44,"gold_loss":0},{"damage_healed":0,"gold_gain":0,"player_choice":"Ignored","damage_taken":0,"max_hp_gain":0,"max_hp_loss":0,"event_name":"Tomb of Lord Red Mask","floor":46,"gold_loss":0}],"is_beta":false,"boss_relics":[{"not_picked":["White Beast Statue","Empty Cage"],"picked":"Mark of Pain"},{"not_picked":["Runic Dome","Velvet Choker"],"picked":"Busted Crown"}],"items_purged_floors":[8,54],"is_endless":false,"potions_floor_spawned":[6,7,13,24,30,35,48],"ascension_level":20}