{"gold_per_floor":[112,187,187,213,244,288,300,312,324,336,361,401,51,71,71,148,148,106,122,122,122],"floor_reached":21,"playtime":704,"items_purged":["Strike_B"],"score":524,"play_id":"76599b2b-079d-496c-a59e-b73911755f96","local_time":"20190317171613","is_ascension_mode":true,"campfire_choices":[{"data":"Sunder","floor":7,"key":"SMITH"},{"data":"Defragment","floor":10,"key":"SMITH"},{"data":"Loop","floor":15,"key":"SMITH"}],"neow_cost":"NONE","seed_source_timestamp":22822272758100,"circlet_count":0,"master_deck":["AscendersBane","Strike_B","Strike_B","Defend_B","Defend_B","Defend_B","Defend_B","Zap","Dualcast","Self Repair","Sunder+1","Defragment+1","Undo+1","Coolheaded+1","Loop+1","Reboot+1","Consume+1","Redo+1"],"relics":["Cracked Core","NeowsBlessing","MawBank","Toxic Egg 2","Smiling Mask","Centennial Puzzle","Blood Vial","Inserter"],"potions_floor_usage":[12,12,16,18],"damage_taken":[{"damage":0,"enemies":"2 Louse","floor":1,"turns":1},{"damage":0,"enemies":"Jaw Worm","floor":5,"turns":1},{"damage":0,"enemies":"Gremlin Nob","floor":6,"turns":1},{"damage":7,"enemies":"Cultist","floor":11,"turns":4},{"damage":5,"enemies":"Lagavulin","floor":12,"turns":6},{"damage":8,"enemies":"Red Slaver","floor":14,"turns":5},{"damage":0,"enemies":"The Guardian","floor":16,"turns":15},{"damage":36,"enemies":"2 Thieves","floor":18,"turns":5},{"damage":24,"enemies":"3 Byrds","floor":19,"turns":8},{"damage":23,"enemies":"Colosseum Slavers","floor":20,"turns":5}],"seed_played":"4456584299559143915","potions_obtained":[{"floor":5,"key":"SpeedPotion"},{"floor":11,"key":"Fire Potion"},{"floor":12,"key":"Poison Potion"},{"floor":16,"key":"Energy Potion"},{"floor":19,"key":"Strength Potion"}],"is_trial":false,"path_per_floor":["M","?","?","T","M","E","R","?","T","R","M","E","$","M","R","B",null,"M","M","?","?"],"character_chosen":"DEFECT","items_purchased":["Coolheaded+1","Loop","Blood Vial"],"campfire_rested":0,"item_purchase_floors":[13,13,13],"current_hp_per_floor":[64,53,58,58,58,65,65,65,65,65,65,67,67,68,68,76,76,47,32,18,0],"gold":122,"neow_bonus":"THREE_ENEMY_KILL","is_prod":false,"is_daily":false,"chose_seed":false,"campfire_upgraded":3,"win_rate":0,"timestamp":1552810573,"path_taken":["M","?","?","?","M","E","R","?","T","R","M","E","?","M","R","BOSS","M","M","?","?"],"build_version":"2019-01-23","purchased_purges":1,"victory":false,"max_hp_per_floor":[71,71,76,76,76,76,76,76,76,76,76,76,76,76,76,76,76,76,76,76,81],"card_choices":[{"not_picked":["Go for the Eyes","Barrage"],"picked":"Self Repair","floor":1},{"not_picked":["Reprogram","Lockon","Compile Driver"],"picked":"SKIP","floor":5},{"not_picked":["Leap","Force Field"],"picked":"Sunder","floor":6},{"not_picked":["Beam Cell","Compile Driver"],"picked":"Undo+1","floor":11},{"not_picked":["Static Discharge","Gash","Aggregate+1"],"picked":"SKIP","floor":12},{"not_picked":["Leap+1","Beam Cell","FTL"],"picked":"SKIP","floor":14},{"not_picked":["All For One","Rainbow+1"],"picked":"Reboot+1","floor":16},{"not_picked":["Conserve Battery+1","Coolheaded+1"],"picked":"Consume+1","floor":18},{"not_picked":["Genetic Algorithm+1","Go for the Eyes"],"picked":"Redo+1","floor":19}],"player_experience":2319729,"relics_obtained":[{"floor":4,"key":"MawBank"},{"floor":6,"key":"Toxic Egg 2"},{"floor":9,"key":"Smiling Mask"},{"floor":12,"key":"Centennial Puzzle"}],"event_choices":[{"damage_healed":0,"gold_gain":75,"player_choice":"Gather Gold","damage_taken":11,"max_hp_gain":0,"max_hp_loss":0,"event_name":"World of Goop","floor":2,"gold_loss":0},{"damage_healed":0,"gold_gain":0,"player_choice":"Donut","damage_taken":0,"max_hp_gain":5,"max_hp_loss":0,"event_name":"Big Fish","floor":3,"gold_loss":0},{"damage_healed":0,"gold_gain":0,"cards_transformed":["Strike_B"],"player_choice":"Change","damage_taken":0,"max_hp_gain":0,"max_hp_loss":0,"event_name":"Living Wall","floor":8,"gold_loss":0,"cards_obtained":["Defragment"]},{"damage_healed":0,"gold_gain":0,"player_choice":"Fight","damage_taken":0,"max_hp_gain":0,"max_hp_loss":0,"event_name":"Colosseum","floor":20,"gold_loss":0},{"damage_healed":0,"gold_gain":0,"player_choice":"Fled From Nobs","damage_taken":0,"max_hp_gain":0,"max_hp_loss":0,"event_name":"Colosseum","floor":20,"gold_loss":0}],"is_beta":false,"boss_relics":[{"not_picked":["Philosopher\u0027s Stone","Pandora\u0027s Box"],"picked":"Inserter"}],"items_purged_floors":[13],"is_endless":false,"potions_floor_spawned":[5,11,12,16,19,20],"ascension_level":20}