{"gold_per_floor":[110,5,22,22,22,22,36,36,36,75,75,18,18,61,61,61],"floor_reached":16,"playtime":490,"items_purged":[],"score":212,"play_id":"91103565-a251-4d0e-84ce-f09a72d2e3c1","local_time":"20190406184704","is_ascension_mode":true,"campfire_choices":[{"data":"Bash","floor":6.0,"key":"SMITH"},{"data":"Body Slam","floor":13.0,"key":"SMITH"},{"data":"Rampage","floor":15.0,"key":"SMITH"}],"neow_cost":"NONE","seed_source_timestamp":0,"circlet_count":0,"master_deck":["AscendersBane","Strike_R","Strike_R","Strike_R","Strike_R","Strike_R","Defend_R","Defend_R","Defend_R","Defend_R","Bash+1","Evolve","True Grit+1","Feel No Pain","Shrug It Off","Body Slam+1","Rampage+1"],"special_seed":0,"relics":["Burning Blood","NeowsBlessing","Golden Idol","Magic Flower","Strawberry","Mummified Hand","Vajra"],"potions_floor_usage":[16,16],"damage_taken":[{"damage":0.0,"enemies":"Jaw Worm","floor":1.0,"turns":1.0},{"damage":0.0,"enemies":"Cultist","floor":3.0,"turns":1.0},{"damage":0.0,"enemies":"Small Slimes","floor":7.0,"turns":1.0},{"damage":18.0,"enemies":"3 Sentries","floor":10.0,"turns":14.0},{"damage":20.0,"enemies":"Lagavulin","floor":14.0,"turns":10.0},{"damage":41,"enemies":"Hexaghost","floor":16,"turns":9}],"seed_played":"8096439241543503702","potions_obtained":[{"floor":1.0,"key":"LiquidBronze"},{"floor":10.0,"key":"FearPotion"},{"floor":14.0,"key":"SneckoOil"}],"is_trial":false,"path_per_floor":["M","$","M","?","?","R","M","$","T","E","?","$","R","E","R","B"],"character_chosen":"IRONCLAD","items_purchased":["True Grit","Feel No Pain","Body Slam"],"campfire_rested":0,"item_purchase_floors":[2,2,12],"current_hp_per_floor":[74,74,75,49,49,49,55,55,55,53,53,53,53,42,42,1],"gold":61,"neow_bonus":"THREE_ENEMY_KILL","is_prod":false,"is_daily":false,"chose_seed":true,"campfire_upgraded":3,"win_rate":0,"timestamp":1554544024,"path_taken":["M","$","M","?","?","R","?","?","T","E","?","$","R","E","R","BOSS"],"build_version":"2019-01-23","purchased_purges":0,"victory":false,"max_hp_per_floor":[75,75,75,75,75,75,75,75,75,82,82,82,82,82,82,82],"card_choices":[{"not_picked":["Armaments","Shrug It Off"],"picked":"Evolve","floor":1.0},{"not_picked":["Ghostly Armor","Clash"],"picked":"Shrug It Off","floor":3.0},{"not_picked":["Heavy Blade","Uppercut","Warcry"],"picked":"SKIP","floor":7.0},{"not_picked":["Cleave","Iron Wave","Flex"],"picked":"SKIP","floor":10.0},{"not_picked":["Whirlwind","Reaper"],"picked":"Rampage","floor":14.0}],"player_experience":2919118,"relics_obtained":[{"floor":9.0,"key":"Magic Flower"},{"floor":10.0,"key":"Strawberry"},{"floor":14.0,"key":"Vajra"}],"event_choices":[{"damage_healed":0.0,"max_hp_gain":0.0,"max_hp_loss":0.0,"gold_gain":0.0,"event_name":"Golden Idol","player_choice":"Take Damage","floor":4.0,"gold_loss":0.0,"damage_taken":26.0,"relics_obtained":["Golden Idol"]},{"damage_healed":0.0,"max_hp_gain":0.0,"max_hp_loss":0.0,"gold_gain":0.0,"event_name":"Upgrade Shrine","player_choice":"Upgraded","floor":5.0,"gold_loss":0.0,"damage_taken":0.0,"cards_upgraded":["True Grit"]},{"damage_healed":0.0,"max_hp_gain":0.0,"max_hp_loss":0.0,"gold_gain":0.0,"event_name":"WeMeetAgain","player_choice":"Gave Potion","floor":11.0,"gold_loss":0.0,"damage_taken":0.0,"relics_obtained":["Mummified Hand"]}],"is_beta":false,"boss_relics":[],"items_purged_floors":[],"is_endless":false,"potions_floor_spawned":[1,10,14],"killed_by":"Hexaghost","ascension_level":20}