{"path_per_floor":["M","M","?","M","?","R","E","T","T","M","E","M","M","M","R","B",null,"M","M","M","?","?","R","M"],"character_chosen":"IRONCLAD","items_purchased":[],"gold_per_floor":[114,129,104,120,85,85,114,114,114,133,168,181,201,221,221,319,319,335,355,374,474,474,474,494],"floor_reached":25,"campfire_rested":2,"playtime":3604,"current_hp_per_floor":[45,51,51,51,71,71,76,76,76,76,65,63,62,65,90,63,90,90,70,49,49,49,76,61],"items_purged":[],"gold":494,"play_id":"962e4c38-ca03-442c-9293-d6684cd98a3b","is_prod":false,"is_daily":false,"is_ascension_mode":false,"campfire_upgraded":1,"path_taken":["M","M","?","?","?","R","E","?","T","M","E","M","M","M","R","BOSS","M","M","M","?","?","R","M","E"],"build_version":"2018-01-25-PROD3","purchased_purges":0,"victory":false,"master_deck":["Strike_R+1","Strike_R+1","Strike_R+1","Strike_R+1","Strike_R+1","Defend_R+1","Defend_R+1","Defend_R+1","Defend_R+1","Bash","Juggernaut+1","Pommel Strike","Metallicize","Shrug It Off","Anger","Iron Wave","Rampage","Spot Weakness","Warcry","Iron Wave","Barricade","Flex+1","Body Slam","Twin Strike+1","Power Through"],"max_hp_per_floor":[80,80,80,80,80,80,90,90,90,90,90,90,90,90,90,90,90,90,90,90,90,90,90,90],"relics":["Burning Blood","Pear","Red Skull","Champion Belt","Vajra","White Beast Statue"],"card_choices":[{"not_picked":["Fiend Fire","Berserk"],"picked":"Juggernaut"},{"not_picked":["Battle Trance","Reaper"],"picked":"Pommel Strike"},{"not_picked":["True Grit","Perfected Strike"],"picked":"Metallicize"},{"not_picked":["True Grit","Warcry"],"picked":"Shrug It Off"},{"not_picked":["Bludgeon","Bloodletting"],"picked":"Anger"},{"not_picked":["Body Slam","Metallicize"],"picked":"Iron Wave"},{"not_picked":["Anger","Cleave"],"picked":"Rampage"},{"not_picked":["Anger","Fiend Fire"],"picked":"Spot Weakness"},{"not_picked":["Rupture","Heavy Blade"],"picked":"Warcry"},{"not_picked":["Bloodletting","Second Wind"],"picked":"Iron Wave"},{"not_picked":["Demon Form","Berserk"],"picked":"Barricade"},{"not_picked":["Feel No Pain","Clash"],"picked":"Flex"},{"not_picked":["Corruption","Hemokinesis"],"picked":"Body Slam"},{"not_picked":["Thunderclap","Perfected Strike"],"picked":"Twin Strike"},{"not_picked":["Clash","Body Slam"],"picked":"Power Through"}],"player_experience":9085,"potions_floor_usage":[16,18,18,20,20,24,25],"damage_taken":[{"damage":1,"enemies":"Cultist","floor":1,"turns":4},{"damage":0,"enemies":"Small Slimes","floor":2,"turns":4},{"damage":6,"enemies":"Blue Slaver","floor":4,"turns":5},{"damage":11,"enemies":"Lagavulin","floor":7,"turns":7},{"damage":6,"enemies":"2 Fungi Beasts","floor":10,"turns":5},{"damage":17,"enemies":"Gremlin Nob","floor":11,"turns":5},{"damage":8,"enemies":"Exordium Wildlife","floor":12,"turns":4},{"damage":7,"enemies":"Looter","floor":13,"turns":3},{"damage":3,"enemies":"2 Fungi Beasts","floor":14,"turns":5},{"damage":33,"enemies":"Slime Boss","floor":16,"turns":8},{"damage":0,"enemies":"Chosen","floor":18,"turns":5},{"damage":26,"enemies":"3 Byrds","floor":19,"turns":6},{"damage":39,"enemies":"Sentry and Sphere","floor":20,"turns":6},{"damage":21,"enemies":"Centurion and Healer","floor":24,"turns":7},{"damage":61,"enemies":"Slavers","floor":25,"turns":5}],"event_choices":[{"event_name":"World of Goop","player_choice":"Left","floor":3,"damage_taken":0},{"event_name":"The Cleric","player_choice":"Healed","floor":5,"damage_taken":0},{"event_name":"Golden Shrine","player_choice":"Pray","floor":21,"damage_taken":0},{"event_name":"Back to Basics","player_choice":"Simplicity","floor":22,"damage_taken":0}],"boss_relics":[{"not_picked":["Snecko Eye","Mark of Pain"],"picked":"White Beast Statue"}],"potions_floor_spawned":[1,7,10,12,14,16,18,19,20,24],"seed_played":"-2874536914442650720","killed_by":"Slavers","ascension_level":0,"is_trial":false}