{"gold_per_floor":[114,23,23,37,37,81,81,107,162,162,180,215,242,292,304,411,423,460,497,527,454,466,513,525,537],"floor_reached":25,"playtime":725,"items_purged":[],"score":504,"play_id":"c9d013e7-a451-41d9-b66b-de943744459e","local_time":"20190412210700","is_ascension_mode":true,"campfire_choices":[{"data":"Loop","floor":7,"key":"SMITH"},{"data":"Doom and Gloom","floor":10,"key":"SMITH"},{"data":"Loop","floor":15,"key":"SMITH"},{"data":"Coolheaded","floor":24,"key":"SMITH"}],"neow_cost":"NONE","seed_source_timestamp":33984696972200,"circlet_count":0,"master_deck":["AscendersBane","Strike_B","Strike_B","Strike_B","Strike_B","Defend_B+1","Defend_B","Defend_B","Zap","Dualcast","Core Surge","Tempest","Self Repair","Cold Snap","Coolheaded+1","Doom and Gloom+1","Loop+1","Self Repair","Loop+1","Glacier","Echo Form","Coolheaded+1","Chill+1"],"relics":["Cracked Core","Bloody Idol","Blood Vial","Centennial Puzzle","Tiny Chest","Odd Mushroom","MawBank","DataDisk","Coffee Dripper","Juzu Bracelet","War Paint"],"potions_floor_usage":[12,23,25],"damage_taken":[{"damage":1,"enemies":"Cultist","floor":1,"turns":3},{"damage":0,"enemies":"Jaw Worm","floor":4,"turns":3},{"damage":28,"enemies":"Gremlin Nob","floor":6,"turns":4},{"damage":8,"enemies":"2 Louse","floor":11,"turns":2},{"damage":4,"enemies":"The Mushroom Lair","floor":12,"turns":2},{"damage":29,"enemies":"3 Sentries","floor":14,"turns":5},{"damage":24,"enemies":"Hexaghost","floor":16,"turns":6},{"damage":11,"enemies":"Spheric Guardian","floor":18,"turns":5},{"damage":30,"enemies":"2 Thieves","floor":19,"turns":4},{"damage":9,"enemies":"Sentry and Sphere","floor":20,"turns":8},{"damage":20,"enemies":"Book of Stabbing","floor":23,"turns":6},{"damage":78,"enemies":"Slavers","floor":25,"turns":7}],"seed_played":"-6526450768071724461","potions_obtained":[{"floor":1,"key":"Explosive Potion"},{"floor":4,"key":"SteroidPotion"},{"floor":14,"key":"Energy Potion"},{"floor":20,"key":"GamblersBrew"},{"floor":23,"key":"SpeedPotion"}],"is_trial":false,"path_per_floor":["M","$","?","M","?","E","R","T","T","R","M","?","T","E","R","B",null,"M","M","M","?","?","E","R","E"],"character_chosen":"DEFECT","items_purchased":["Self Repair","Cold Snap"],"campfire_rested":0,"item_purchase_floors":[2,2],"current_hp_per_floor":[63,63,63,64,64,43,43,43,43,43,44,49,49,36,36,28,55,64,48,64,64,64,64,64,0],"gold":537,"neow_bonus":"ONE_RANDOM_RARE_CARD","is_prod":false,"is_daily":false,"chose_seed":false,"campfire_upgraded":4,"win_rate":0,"timestamp":1555070820,"path_taken":["M","?","?","M","?","E","R","?","T","R","?","?","?","E","R","BOSS","M","?","M","?","?","E","R","E"],"build_version":"2019-01-23","purchased_purges":0,"victory":false,"max_hp_per_floor":[71,71,64,64,64,64,64,64,64,64,64,64,64,64,64,64,64,64,64,64,64,64,64,64,64],"card_choices":[{"not_picked":["Force Field","Heatsinks"],"picked":"Tempest","floor":1},{"not_picked":["Sweeping Beam","Compile Driver"],"picked":"Coolheaded","floor":4},{"not_picked":["Sweeping Beam","Hello World"],"picked":"Loop","floor":6},{"not_picked":["Beam Cell","Lockon"],"picked":"Self Repair","floor":11},{"not_picked":["Barrage","Go for the Eyes"],"picked":"Loop","floor":12},{"not_picked":["Steam","Skim"],"picked":"Glacier","floor":14},{"not_picked":["Fission","Machine Learning"],"picked":"Echo Form","floor":16},{"not_picked":["Hello World","Hologram"],"picked":"Coolheaded","floor":18},{"not_picked":["Lockon","Compile Driver+1","FTL+1"],"picked":"SKIP","floor":19},{"not_picked":["Doom and Gloom","Go for the Eyes","Turbo"],"picked":"SKIP","floor":20},{"not_picked":["Hologram","Rebound+1"],"picked":"Chill+1","floor":23}],"player_experience":3087953,"relics_obtained":[{"floor":6,"key":"Blood Vial"},{"floor":8,"key":"Centennial Puzzle"},{"floor":9,"key":"Tiny Chest"},{"floor":12,"key":"Odd Mushroom"},{"floor":13,"key":"MawBank"},{"floor":14,"key":"DataDisk"},{"floor":23,"key":"War Paint"}],"event_choices":[{"damage_healed":0,"gold_gain":0,"player_choice":"Lose Max HP","damage_taken":0,"relics_obtained":["Golden Idol"],"max_hp_gain":0,"max_hp_loss":7,"event_name":"Golden Idol","floor":3,"gold_loss":0},{"damage_healed":0,"gold_gain":0,"cards_transformed":["Defend_B"],"player_choice":"Change","damage_taken":0,"max_hp_gain":0,"max_hp_loss":0,"event_name":"Living Wall","floor":5,"gold_loss":0,"cards_obtained":["Doom and Gloom"]},{"damage_healed":0,"gold_gain":0,"player_choice":"Fought Mushrooms","damage_taken":0,"max_hp_gain":0,"max_hp_loss":0,"event_name":"Mushrooms","floor":12,"gold_loss":0},{"damage_healed":0,"gold_gain":0,"player_choice":"Obtained Relic","damage_taken":0,"relics_obtained":["Juzu Bracelet"],"max_hp_gain":0,"max_hp_loss":0,"event_name":"Addict","floor":21,"gold_loss":85},{"damage_healed":0,"gold_gain":0,"player_choice":"Gave Idol","damage_taken":0,"relics_obtained":["Bloody Idol"],"max_hp_gain":0,"max_hp_loss":0,"event_name":"Forgotten Altar","floor":22,"relics_lost":["Golden Idol"],"gold_loss":0}],"is_beta":false,"boss_relics":[{"not_picked":["Ectoplasm","Cursed Key"],"picked":"Coffee Dripper"}],"items_purged_floors":[],"is_endless":false,"potions_floor_spawned":[1,4,6,14,20,23],"killed_by":"Slavers","ascension_level":20}