{"path_per_floor":["M","?","M","M","M","R","E","?","T","E","M","R","M","M","R","B",null,"M","M","$","M","M","R"],"character_chosen":"THE_SILENT","items_purchased":[],"gold_per_floor":[112,62,79,93,108,108,142,142,142,174,187,187,205,221,221,322,322,339,354,354,371,389,389],"floor_reached":24,"campfire_rested":1,"playtime":2736,"current_hp_per_floor":[66,66,66,57,57,57,34,34,34,32,32,32,28,9,30,22,70,46,48,48,29,6,6],"items_purged":[],"gold":389,"score":244,"play_id":"924618a1-4f81-4067-bd4f-a99e7edc854e","is_prod":false,"is_daily":false,"is_ascension_mode":true,"campfire_upgraded":3,"path_taken":["M","?","M","M","M","R","E","?","T","E","M","R","M","M","R","BOSS","M","M","$","M","M","R","E"],"build_version":"2018-02-19-BETA1","purchased_purges":0,"victory":false,"master_deck":["Defend_G","Defend_G","Defend_G","Defend_G","Defend_G","Strike_G","Strike_G","Strike_G","Survivor","Neutralize+1","Wraith Form+1","Infinite Blades","Blur","Setup","Doppelganger","Dagger Spray","Acrobatics","Wraith Form","Venomology","Cloak And Dagger","Adrenaline+1","Dodge and Roll"],"max_hp_per_floor":[70,70,70,70,70,70,70,70,70,70,70,70,70,70,70,70,70,70,70,70,70,70,70],"relics":["Ring of the Snake","Bottled Tornado","Anchor","Dream Catcher","Question Card"],"card_choices":[{"not_picked":["Underhanded Strike","PiercingWail"],"picked":"Infinite Blades"},{"not_picked":["Poisoned Stab","Acrobatics"],"picked":"Blur"},{"not_picked":["Unload","Slice"],"picked":"Setup"},{"not_picked":["Catalyst","Riddle With Holes"],"picked":"Doppelganger"},{"not_picked":["Quick Slash","Outmaneuver"],"picked":"Dagger Spray"},{"not_picked":["Prepared","Underhanded Strike"],"picked":"Acrobatics"},{"not_picked":["Slice","Deflect"],"picked":"Wraith Form"},{"not_picked":["Corpse Explosion","Grand Finale"],"picked":"Venomology"},{"not_picked":["Flying Knee","Setup","PiercingWail"],"picked":"Cloak And Dagger"},{"not_picked":["Poisoned Stab","Blur","Accuracy"],"picked":"Adrenaline"},{"not_picked":["Quick Slash","Dagger Spray","Sucker Punch"],"picked":"Dodge and Roll"}],"player_experience":89505,"potions_floor_usage":[7,10,14,18,19,21,22,22,24,24,24,24],"damage_taken":[{"damage":4,"enemies":"Jaw Worm","floor":1,"turns":6},{"damage":0,"enemies":"2 Louse","floor":3,"turns":4},{"damage":9,"enemies":"Cultist","floor":4,"turns":6},{"damage":0,"enemies":"Blue Slaver","floor":5,"turns":5},{"damage":23,"enemies":"Lagavulin","floor":7,"turns":8},{"damage":17,"enemies":"3 Sentries","floor":10,"turns":9},{"damage":0,"enemies":"3 Louse","floor":11,"turns":4},{"damage":4,"enemies":"Red Slaver","floor":13,"turns":6},{"damage":19,"enemies":"Exordium Wildlife","floor":14,"turns":6},{"damage":8,"enemies":"Hexaghost","floor":16,"turns":12},{"damage":24,"enemies":"Spheric Guardian","floor":18,"turns":6},{"damage":13,"enemies":"3 Byrds","floor":19,"turns":7},{"damage":19,"enemies":"Snake Plant","floor":21,"turns":5},{"damage":38,"enemies":"Centurion and Healer","floor":22,"turns":11},{"damage":11,"enemies":"Gremlin Leader","floor":24,"turns":2}],"event_choices":[{"event_name":"The Cleric","player_choice":"Card Removal","floor":2,"damage_taken":0},{"event_name":"Purifier","player_choice":"One Purge","floor":8,"damage_taken":0}],"boss_relics":[{"not_picked":["Pandora\u0027s Box","Ectoplasm"],"picked":"Question Card"}],"potions_floor_spawned":[1,4,7,16,18,19,22],"seed_played":"5579744822289250975","killed_by":"Gremlin Leader","ascension_level":3,"is_trial":false}