{"gold_per_floor":[116,116,15,290,301,333,333,7,7,7,37,47,59,77,77,149,149,165,165,179,192,242,257,275,275,298,298,298,324,36,53,53,124,124,144,154,164,164,164,164,191,191,242,275,275,307,319,337,337,337,337,337,337,20,50,50],"floor_reached":57,"playtime":2338,"items_purged":["Regret"],"score":3069,"play_id":"bc80b836-6436-4f06-8902-8143c303d954","local_time":"20190406214613","is_ascension_mode":true,"campfire_choices":[{"data":"Defragment","floor":7.0,"key":"SMITH"},{"data":"Streamline","floor":10.0,"key":"SMITH"},{"data":"Defragment","floor":15.0,"key":"SMITH"},{"data":"Capacitor","floor":25.0,"key":"SMITH"},{"data":"Tempest","floor":27.0,"key":"SMITH"},{"data":"Loop","floor":32.0,"key":"SMITH"},{"data":"Loop","floor":40.0,"key":"SMITH"},{"floor":42.0,"key":"RECALL"},{"data":"Self Repair","floor":49.0,"key":"SMITH"},{"data":"Dualcast","floor":53.0,"key":"SMITH"}],"neow_cost":"NONE","seed_source_timestamp":727581927733800,"circlet_count":0,"master_deck":["AscendersBane","Dualcast+1","Defragment+1","Streamline+1","Cold Snap","Tempest+1","Coolheaded+1","Coolheaded+1","Tempest+1","Self Repair","Defragment+1","Core Surge","Reinforced Body+1","Tempest+1","Amplify+1","Cold Snap","Fusion+1","Electrodynamics+1","Skim+1","White Noise+1","Self Repair+1","Turbo+1","Capacitor+1","Hologram+1","Cold Snap","Loop+1","Undo+1","Amplify+1","Loop+1","Conserve Battery+1","Discovery+1","Impatience+1","Deep Breath+1","Hologram+1","Rip and Tear","Darkness+1","Biased Cognition","Coolheaded+1","Defragment","Darkness+1"],"special_seed":0,"relics":["Cracked Core","NeowsBlessing","The Courier","Bronze Scales","Toxic Egg 2","Dodecahedron","Pandora\u0027s Box","Lantern","Kunai","Blue Candle","Mummified Hand","Runic Dome","Centennial Puzzle","Happy Flower","Bottled Flame","Regal Pillow","Blood Vial"],"potions_floor_usage":[56,56],"damage_taken":[{"damage":0.0,"enemies":"Cultist","floor":1.0,"turns":1.0},{"damage":0.0,"enemies":"2 Louse","floor":5.0,"turns":1.0},{"damage":0.0,"enemies":"3 Sentries","floor":6.0,"turns":1.0},{"damage":14.0,"enemies":"Gremlin Nob","floor":11.0,"turns":4.0},{"damage":2.0,"enemies":"Small Slimes","floor":12.0,"turns":3.0},{"damage":9.0,"enemies":"Red Slaver","floor":13.0,"turns":3.0},{"damage":15.0,"enemies":"Lots of Slimes","floor":14.0,"turns":4.0},{"damage":8.0,"enemies":"Hexaghost","floor":16.0,"turns":7.0},{"damage":4.0,"enemies":"Spheric Guardian","floor":18.0,"turns":3.0},{"damage":17.0,"enemies":"2 Thieves","floor":20.0,"turns":3.0},{"damage":0.0,"enemies":"Chosen and Byrds","floor":21.0,"turns":8.0},{"damage":0.0,"enemies":"Snecko","floor":23.0,"turns":4.0},{"damage":0.0,"enemies":"Sentry and Sphere","floor":24.0,"turns":4.0},{"damage":0.0,"enemies":"Gremlin Leader","floor":29.0,"turns":3.0},{"damage":0.0,"enemies":"Cultist and Chosen","floor":31.0,"turns":3.0},{"damage":13.0,"enemies":"Automaton","floor":33.0,"turns":6.0},{"damage":0.0,"enemies":"Orb Walker","floor":35.0,"turns":3.0},{"damage":22.0,"enemies":"3 Darklings","floor":36.0,"turns":2.0},{"damage":37.0,"enemies":"Transient","floor":37.0,"turns":6.0},{"damage":7.0,"enemies":"Reptomancer","floor":41.0,"turns":4.0},{"damage":0.0,"enemies":"Giant Head","floor":44.0,"turns":6.0},{"damage":6.0,"enemies":"Reptomancer","floor":46.0,"turns":3.0},{"damage":0.0,"enemies":"Sphere and 2 Shapes","floor":47.0,"turns":1.0},{"damage":0.0,"enemies":"Spire Growth","floor":48.0,"turns":3.0},{"damage":4.0,"enemies":"Awakened One","floor":50.0,"turns":18.0},{"damage":0.0,"enemies":"Donu and Deca","floor":51.0,"turns":6.0},{"damage":18.0,"enemies":"Shield and Spear","floor":55.0,"turns":4.0},{"damage":19,"enemies":"The Heart","floor":56,"turns":8}],"seed_played":"2549415602935128296","potions_obtained":[{"floor":5.0,"key":"Energy Potion"},{"floor":11.0,"key":"Energy Potion"},{"floor":13.0,"key":"Energy Potion"},{"floor":23.0,"key":"SkillPotion"},{"floor":31.0,"key":"Block Potion"},{"floor":33.0,"key":"SteroidPotion"},{"floor":36.0,"key":"FearPotion"},{"floor":37.0,"key":"EssenceOfSteel"},{"floor":48.0,"key":"Energy Potion"}],"is_trial":false,"path_per_floor":["M","T","$","?","M","E","R","$","T","R","E","M","M","M","R","B",null,"M","?","M","M","?","M","M","R","T","R","T","E","$","M","R","B",null,"M","M","M","?","?","R","E","R","T","E","?","E","M","M","R","B","B",null,"R","$","E","B",null],"character_chosen":"DEFECT","items_purchased":["Defragment","Streamline","Toxic Egg 2","Coolheaded+1","Mummified Hand","Loop","Biased Cognition","Coolheaded+1","Defragment","LiquidBronze","Dexterity Potion","Weak Potion"],"campfire_rested":0,"item_purchase_floors":[3,3,8,8,30,30,54,54,54,54,54,54],"current_hp_per_floor":[64,64,64,64,64,64,64,64,64,64,50,48,39,31,31,30,61,57,57,47,71,71,71,71,71,71,71,71,71,71,71,71,71,71,71,63,47,37,37,37,37,37,37,65,65,71,71,71,71,71,71,71,71,71,71,71],"gold":50,"neow_bonus":"THREE_ENEMY_KILL","is_prod":false,"is_daily":false,"chose_seed":false,"campfire_upgraded":9,"win_rate":0,"timestamp":1554554773,"path_taken":["M","?","$","?","?","E","R","?","T","R","E","M","?","M","R","BOSS","M","?","?","?","?","M","M","R","T","R","?","E","?","?","R","BOSS","M","M","M","?","?","R","E","R","T","E","?","E","M","M","R","BOSS","BOSS","R","$","E","BOSS"],"build_version":"2019-01-23","purchased_purges":1,"victory":true,"max_hp_per_floor":[71,71,71,71,71,71,71,71,71,71,71,71,71,71,71,71,71,71,71,71,71,71,71,71,71,71,71,71,71,71,71,71,71,71,71,71,71,71,71,71,71,71,71,71,71,71,71,71,71,71,71,71,71,71,71,71],"card_choices":[{"not_picked":["Leap","Hologram","Aggregate"],"picked":"SKIP","floor":1.0},{"not_picked":["Redo","Sweeping Beam"],"picked":"Cold Snap","floor":5.0},{"not_picked":["Steam Power","Melter"],"picked":"Tempest","floor":6.0},{"not_picked":["Storm","Undo+1"],"picked":"Coolheaded+1","floor":11.0},{"not_picked":["Chaos+1","Redo+1"],"picked":"Tempest+1","floor":12.0},{"not_picked":["Rebound","Meteor Strike"],"picked":"Self Repair","floor":13.0},{"not_picked":["Hello World","Hologram+1"],"picked":"Defragment","floor":14.0},{"not_picked":["Machine Learning","Hyperbeam"],"picked":"Core Surge","floor":16.0},{"not_picked":["Melter","Skim+1"],"picked":"White Noise+1","floor":18.0},{"not_picked":["Sweeping Beam","Steam+1"],"picked":"Self Repair","floor":20.0},{"not_picked":["Sweeping Beam","Go for the Eyes"],"picked":"Turbo+1","floor":21.0},{"not_picked":["Stack+1","Reprogram+1"],"picked":"Capacitor","floor":23.0},{"not_picked":["Reinforced Body+1","Barrage"],"picked":"Hologram+1","floor":24.0},{"not_picked":["Doom and Gloom","Rip and Tear"],"picked":"Cold Snap","floor":29.0},{"not_picked":["Storm","Chaos+1"],"picked":"Undo+1","floor":31.0},{"not_picked":["Machine Learning","Hyperbeam"],"picked":"Amplify+1","floor":33.0},{"not_picked":["Streamline","Go for the Eyes","Compile Driver"],"picked":"SKIP","floor":35.0},{"not_picked":["Rip and Tear","Static Discharge+1"],"picked":"Loop","floor":36.0},{"not_picked":["Redo+1","Compile Driver"],"picked":"Conserve Battery+1","floor":37.0},{"not_picked":["Mayhem","Bandage Up+1"],"picked":"Discovery+1","floor":38.0},{"not_picked":["Flash of Steel","Dramatic Entrance"],"picked":"Impatience+1","floor":38.0},{"not_picked":["Forethought+1","Madness+1"],"picked":"Deep Breath+1","floor":38.0},{"not_picked":["Cold Snap","Undo+1"],"picked":"Hologram+1","floor":41.0},{"not_picked":["Rip and Tear","Melter","Reprogram+1"],"picked":"SKIP","floor":44.0},{"not_picked":["Doom and Gloom","Leap+1"],"picked":"Darkness+1","floor":46.0},{"not_picked":["Sunder+1","Leap+1","Ball Lightning+1"],"picked":"SKIP","floor":47.0},{"not_picked":["Melter+1","Redo+1","Ball Lightning"],"picked":"SKIP","floor":48.0},{"not_picked":["Skim+1","Tempest+1"],"picked":"Darkness+1","floor":55.0}],"player_experience":2927138,"relics_obtained":[{"floor":2.0,"key":"The Courier"},{"floor":6.0,"key":"Bronze Scales"},{"floor":11.0,"key":"Dodecahedron"},{"floor":26.0,"key":"Lantern"},{"floor":28.0,"key":"Kunai"},{"floor":29.0,"key":"Blue Candle"},{"floor":41.0,"key":"Centennial Puzzle"},{"floor":43.0,"key":"Happy Flower"},{"floor":44.0,"key":"Bottled Flame"},{"floor":46.0,"key":"Regal Pillow"},{"floor":55.0,"key":"Blood Vial"}],"event_choices":[{"damage_healed":0.0,"max_hp_gain":0.0,"max_hp_loss":0.0,"gold_gain":275.0,"event_name":"Golden Shrine","player_choice":"Desecrate","floor":4.0,"gold_loss":0.0,"damage_taken":0.0,"cards_obtained":["Regret"]},{"damage_healed":0.0,"max_hp_gain":0.0,"max_hp_loss":0.0,"gold_gain":0.0,"event_name":"Upgrade Shrine","player_choice":"Upgraded","floor":19.0,"gold_loss":0.0,"damage_taken":0.0,"cards_upgraded":["Electrodynamics"]},{"damage_healed":0.0,"max_hp_gain":0.0,"max_hp_loss":0.0,"gold_gain":50.0,"event_name":"Nest","player_choice":"Stole From Cult","floor":22.0,"gold_loss":0.0,"damage_taken":0.0},{"damage_healed":0.0,"max_hp_gain":0.0,"max_hp_loss":0.0,"gold_gain":0.0,"event_name":"SensoryStone","player_choice":"Memory 3","floor":38.0,"gold_loss":0.0,"damage_taken":10.0},{"cards_removed":["Zap"],"damage_healed":0.0,"max_hp_gain":0.0,"max_hp_loss":0.0,"gold_gain":0.0,"event_name":"Falling","player_choice":"Removed Skill","floor":39.0,"gold_loss":0.0,"damage_taken":0.0},{"damage_healed":0.0,"max_hp_gain":0.0,"max_hp_loss":0.0,"gold_gain":0.0,"cards_transformed":["Storm"],"event_name":"Transmorgrifier","player_choice":"Transformed","floor":45.0,"gold_loss":0.0,"damage_taken":0.0,"cards_obtained":["Rip and Tear"]}],"is_beta":false,"boss_relics":[{"not_picked":["FrozenCore","Snecko Eye"],"picked":"Pandora\u0027s Box"},{"not_picked":["Velvet Choker","Busted Crown"],"picked":"Runic Dome"}],"items_purged_floors":[8],"is_endless":false,"potions_floor_spawned":[5,11,13,14,23,31,33,36,37,44,48,55],"ascension_level":20}