{"gold_per_floor":[110,120,120,120,120,147,159,178,178,178,44,44,76,88,88,88],"floor_reached":16,"playtime":310,"items_purged":[],"score":320,"play_id":"de342d98-d3ff-4656-aeca-3119237ffe2a","local_time":"20190406143949","is_ascension_mode":true,"campfire_choices":[{"data":"Immolate","floor":10.0,"key":"SMITH"},{"data":"Armaments","floor":15.0,"key":"SMITH"}],"neow_cost":"NONE","seed_source_timestamp":704042471372100,"circlet_count":0,"master_deck":["AscendersBane","Strike_R","Strike_R","Strike_R","Strike_R","Defend_R","Defend_R","Defend_R","Defend_R","Bash","Seeing Red","Immolate+1","Armaments+1","Feed"],"special_seed":0,"relics":["Burning Blood","NeowsBlessing","Regal Pillow","Dodecahedron","The Courier","Sundial"],"potions_floor_usage":[],"damage_taken":[{"damage":0.0,"enemies":"2 Louse","floor":1.0,"turns":1.0},{"damage":0.0,"enemies":"Small Slimes","floor":2.0,"turns":1.0},{"damage":0.0,"enemies":"Lagavulin","floor":6.0,"turns":1.0},{"damage":2.0,"enemies":"Jaw Worm","floor":7.0,"turns":4.0},{"damage":1.0,"enemies":"2 Fungi Beasts","floor":8.0,"turns":3.0},{"damage":0.0,"enemies":"3 Sentries","floor":13.0,"turns":3.0},{"damage":10.0,"enemies":"Looter","floor":14.0,"turns":4.0},{"damage":47,"enemies":"Slime Boss","floor":16,"turns":9}],"seed_played":"7911539529902812265","potions_obtained":[{"floor":2.0,"key":"Explosive Potion"},{"floor":7.0,"key":"Regen Potion"},{"floor":13.0,"key":"Weak Potion"}],"is_trial":false,"path_per_floor":["M","M","?","?","?","E","M","M","T","R","$","?","E","M","R","B"],"character_chosen":"IRONCLAD","items_purchased":["Feed"],"campfire_rested":0,"item_purchase_floors":[11],"current_hp_per_floor":[74,75,68,57,75,75,75,75,75,75,75,75,78,82,82,35],"gold":88,"neow_bonus":"THREE_ENEMY_KILL","is_prod":false,"is_daily":false,"chose_seed":false,"campfire_upgraded":2,"win_rate":0,"timestamp":1554529189,"path_taken":["M","M","?","?","?","E","M","M","T","R","?","?","E","M","R","BOSS"],"build_version":"2019-01-23","purchased_purges":0,"victory":false,"max_hp_per_floor":[75,75,75,75,75,75,75,75,75,75,75,75,78,82,82,82],"card_choices":[{"not_picked":["Perfected Strike","Cleave"],"picked":"Seeing Red","floor":1.0},{"not_picked":["Warcry","Wild Strike","Sword Boomerang"],"picked":"SKIP","floor":2.0},{"not_picked":["Iron Wave","Fire Breathing","Bloodletting"],"picked":"SKIP","floor":6.0},{"not_picked":["Clothesline","Pommel Strike"],"picked":"Immolate","floor":7.0},{"not_picked":["Thunderclap","Havoc"],"picked":"Armaments","floor":8.0},{"not_picked":["Pommel Strike","Warcry","Armaments"],"picked":"SKIP","floor":13.0},{"not_picked":["Seeing Red","Clash","Corruption"],"picked":"SKIP","floor":14.0}],"player_experience":2913140,"relics_obtained":[{"floor":6.0,"key":"Dodecahedron"},{"floor":9.0,"key":"The Courier"},{"floor":13.0,"key":"Sundial"}],"event_choices":[{"cards_removed":["Strike_R"],"damage_healed":0.0,"max_hp_gain":0.0,"max_hp_loss":0.0,"gold_gain":0.0,"event_name":"Golden Wing","player_choice":"Card Removal","floor":3.0,"gold_loss":0.0,"damage_taken":7.0},{"damage_healed":0.0,"max_hp_gain":0.0,"max_hp_loss":0.0,"gold_gain":0.0,"event_name":"Scrap Ooze","player_choice":"Success","floor":4.0,"gold_loss":0.0,"damage_taken":11.0,"relics_obtained":["Regal Pillow"]},{"damage_healed":25.0,"max_hp_gain":0.0,"max_hp_loss":0.0,"gold_gain":0.0,"event_name":"Big Fish","player_choice":"Banana","floor":5.0,"gold_loss":0.0,"damage_taken":0.0},{"damage_healed":0.0,"max_hp_gain":0.0,"max_hp_loss":0.0,"gold_gain":0.0,"event_name":"Liars Game","player_choice":"Ignored","floor":12.0,"gold_loss":0.0,"damage_taken":0.0}],"is_beta":false,"boss_relics":[],"items_purged_floors":[],"is_endless":false,"potions_floor_spawned":[2,7,8,13],"killed_by":"Slime Boss","ascension_level":20}