{"gold_per_floor":[118,118,130,143,67,67,93,93,119,133,133],"floor_reached":11,"playtime":269,"items_purged":[],"score":146,"play_id":"095a4138-7f11-4d39-83ce-788f8fdcd503","local_time":"20190301152316","is_ascension_mode":true,"campfire_choices":[{"data":"Consume","floor":6,"key":"SMITH"},{"data":"Zap","floor":8,"key":"SMITH"}],"neow_cost":"NONE","seed_source_timestamp":13974355850800,"circlet_count":0,"master_deck":["AscendersBane","Strike_B","Strike_B","Strike_B","Strike_B","Defend_B","Defend_B","Defend_B","Defend_B","Zap+1","Dualcast","Consume+1","Gash","Capacitor"],"relics":["Cracked Core","NeowsBlessing","Happy Flower","Regal Pillow"],"potions_floor_usage":[7,7,11],"damage_taken":[{"damage":0,"enemies":"Jaw Worm","floor":1,"turns":1},{"damage":0,"enemies":"Cultist","floor":3,"turns":1},{"damage":0,"enemies":"Small Slimes","floor":4,"turns":1},{"damage":25,"enemies":"Lagavulin","floor":7,"turns":7},{"damage":29,"enemies":"Exordium Thugs","floor":10,"turns":4},{"damage":11,"enemies":"Gremlin Nob","floor":11,"turns":3}],"seed_played":"2740147980388782378","potions_obtained":[{"floor":1,"key":"SteroidPotion"},{"floor":3,"key":"SkillPotion"},{"floor":7,"key":"PowerPotion"}],"is_trial":false,"path_per_floor":["M","?","M","M","$","R","E","R","T","M","E"],"character_chosen":"DEFECT","items_purchased":["Capacitor"],"campfire_rested":0,"item_purchase_floors":[5],"current_hp_per_floor":[64,71,71,71,71,71,46,46,46,17,6],"gold":133,"neow_bonus":"THREE_ENEMY_KILL","is_prod":false,"is_daily":false,"chose_seed":false,"campfire_upgraded":2,"win_rate":0,"timestamp":1551421396,"path_taken":["M","?","?","M","?","R","E","R","T","M","E"],"build_version":"2019-01-23","purchased_purges":0,"victory":false,"max_hp_per_floor":[71,71,71,71,71,71,71,71,71,71,71],"card_choices":[{"not_picked":["Chaos","Compile Driver","Aggregate"],"picked":"SKIP","floor":1},{"not_picked":["Genetic Algorithm","Blizzard"],"picked":"Consume","floor":3},{"not_picked":["Tempest","Hologram"],"picked":"Gash","floor":4},{"not_picked":["Sweeping Beam","Go for the Eyes","Auto Shields"],"picked":"SKIP","floor":7},{"not_picked":["Stack","Streamline","Scrape"],"picked":"SKIP","floor":10}],"player_experience":1919172,"relics_obtained":[{"floor":7,"key":"Happy Flower"},{"floor":9,"key":"Regal Pillow"}],"event_choices":[{"damage_healed":7,"gold_gain":0,"player_choice":"Full Heal","damage_taken":0,"max_hp_gain":0,"max_hp_loss":0,"event_name":"Wheel of Change","floor":2,"gold_loss":0}],"is_beta":false,"boss_relics":[],"items_purged_floors":[],"is_endless":false,"potions_floor_spawned":[1,3,7],"killed_by":"Gremlin Nob","ascension_level":20}