{"gold_per_floor":[118,293,218,231,231,263,279,254,301,301,319,334,334,334,334,334],"floor_reached":16,"playtime":2305,"items_purged":["Doubt"],"score":100,"play_id":"02f1e4e7-1065-4f09-8d94-3fc512473002","local_time":"20181220203357","is_ascension_mode":false,"campfire_choices":[{"floor":10,"key":"REST"},{"data":"Warcry","floor":13,"key":"SMITH"},{"floor":15,"key":"REST"}],"neow_cost":"CURSE","seed_source_timestamp":371419806067051,"circlet_count":0,"master_deck":["Strike_R","Strike_R","Strike_R","Strike_R","Strike_R","Defend_R","Defend_R","Defend_R","Defend_R","Bash","Writhe","Warcry","Flex","Rage","Warcry+1","Warcry","Reckless Charge","Body Slam"],"relics":["Burning Blood","WingedGreaves","Bag of Preparation"],"potions_floor_usage":[6,6,16,16],"damage_taken":[{"damage":6,"enemies":"2 Louse","floor":1,"turns":3},{"damage":3,"enemies":"Small Slimes","floor":4,"turns":3},{"damage":66,"enemies":"Gremlin Nob","floor":6,"turns":6},{"damage":0,"enemies":"Cultist","floor":7,"turns":3},{"damage":8,"enemies":"Large Slime","floor":11,"turns":7},{"damage":1,"enemies":"3 Louse","floor":12,"turns":4},{"damage":109,"enemies":"The Guardian","floor":16,"turns":10}],"seed_played":"5966154051828544324","potions_obtained":[{"floor":5,"key":"Strength Potion"},{"floor":5,"key":"LiquidBronze"},{"floor":5,"key":"Regen Potion"},{"floor":6,"key":"Block Potion"},{"floor":7,"key":"EssenceOfSteel"},{"floor":12,"key":"SkillPotion"}],"is_trial":false,"path_per_floor":["M","?","$","M","?","E","M","$","T","R","M","M","R","?","R","B"],"character_chosen":"IRONCLAD","items_purchased":["Warcry"],"campfire_rested":2,"item_purchase_floors":[8],"current_hp_per_floor":[80,80,80,80,80,32,38,38,38,62,60,65,65,65,80,0],"gold":334,"neow_bonus":"ONE_RARE_RELIC","is_prod":false,"is_daily":false,"chose_seed":false,"campfire_upgraded":1,"win_rate":0,"timestamp":1545330837,"path_taken":["M","?","$","M","?","E","?","$","T","R","M","M","R","?","R","BOSS"],"build_version":"2018-12-13","purchased_purges":1,"victory":false,"max_hp_per_floor":[80,80,80,80,80,80,80,80,80,80,80,80,80,80,80,80],"card_choices":[{"not_picked":["Sever Soul","Ghostly Armor"],"picked":"Warcry","floor":1},{"not_picked":["Twin Strike","Shrug It Off"],"picked":"Flex","floor":4},{"not_picked":["Clothesline","Searing Blow"],"picked":"Rage","floor":6},{"not_picked":["Iron Wave","Twin Strike"],"picked":"Warcry","floor":7},{"not_picked":["Clash","Pommel Strike"],"picked":"Reckless Charge","floor":11},{"not_picked":["Impervious","Warcry"],"picked":"Body Slam","floor":12}],"player_experience":846347,"relics_obtained":[{"floor":6,"key":"Bag of Preparation"}],"event_choices":[{"damage_healed":0,"gold_gain":175,"player_choice":"AGREE","damage_taken":0,"max_hp_gain":0,"max_hp_loss":0,"event_name":"Liars Game","floor":2,"gold_loss":0,"cards_obtained":["Doubt"]},{"damage_healed":0,"gold_gain":0,"player_choice":"Got Potions","damage_taken":0,"max_hp_gain":0,"max_hp_loss":0,"event_name":"Lab","floor":5,"gold_loss":0},{"damage_healed":0,"gold_gain":0,"player_choice":"Ignored","damage_taken":0,"max_hp_gain":0,"max_hp_loss":0,"event_name":"Golden Idol","floor":14,"gold_loss":0}],"is_beta":false,"boss_relics":[],"items_purged_floors":[3],"is_endless":false,"potions_floor_spawned":[6,7,12],"killed_by":"The Guardian","ascension_level":0}