{"path_per_floor":["M","M","?","$","M","E","T","E","T","R","M","?","M","M","R","B",null,"M","$","M","M","?","E","$","M","T","R","M","M","M","M","R","B",null,"M","?","M","?","$","R","E","R","T","?","R","E","M"],"character_chosen":"IRONCLAD","items_purchased":["Pommel Strike","Pen Nib","Vajra","Sword Boomerang","Clash","Explosive Potion","Block Potion"],"gold_per_floor":[110,122,197,14,34,63,63,97,148,148,161,161,181,196,196,296,296,307,48,67,78,78,112,10,28,28,28,38,53,63,81,81,186,186,198,198,216,0,0,0,29,29,29,29,29,55,73],"floor_reached":48,"campfire_rested":6,"playtime":4775,"current_hp_per_floor":[80,80,69,69,70,61,61,54,54,78,61,61,66,62,80,48,80,67,67,58,53,53,20,20,26,26,62,67,46,47,41,78,9,86,74,64,59,59,59,73,14,58,58,58,96,44,19],"items_purged":[],"gold":73,"play_id":"3aeef593-4bfd-4be9-809d-7850cd9728e6","is_prod":false,"is_daily":false,"is_ascension_mode":false,"campfire_upgraded":1,"path_taken":["M","M","?","$","M","E","?","E","T","R","?","?","M","M","R","BOSS","M","$","M","M","?","E","$","M","T","R","M","M","M","M","R","BOSS","M","?","M","?","$","R","E","R","T","?","R","E","?","M"],"build_version":"2018-01-25-PROD3","purchased_purges":0,"victory":false,"master_deck":["Strike_R","Strike_R","Strike_R","Strike_R","Defend_R","Defend_R+1","Defend_R+1","Defend_R","Bash","Demon Form+1","Combust","Twin Strike","Pommel Strike","Clothesline","Twin Strike","Double Tap","Pommel Strike","Cleave","Thunderclap","Rupture","Feed","Flex","Sword Boomerang","Clash","Clothesline+1","Fire Breathing","Thunderclap","Cleave","Anger+1","Shrug It Off+1","Pummel+1","Seeing Red","Cleave+1","Feed","Combust+1","Madness","Madness","Cleave+1","Perfected Strike+1","Twin Strike","Thunderclap+1","Whirlwind+1"],"max_hp_per_floor":[80,80,80,80,80,80,80,80,80,80,80,80,80,80,80,80,80,80,80,83,83,83,83,83,83,83,83,83,83,83,86,86,86,86,86,86,89,89,89,89,96,96,96,96,96,96,99],"relics":["Burning Blood","Pen Nib","Self Forming Clay","Prayer Wheel","War Paint","Bag of Preparation","Eternal Feather","Vajra","Bottled Flame","Red Skull","Velvet Choker","Red Mask","Strawberry","Ice Cream","Pantograph"],"card_choices":[{"not_picked":["Body Slam","True Grit"],"picked":"Combust"},{"not_picked":["Shrug It Off","Armaments"],"picked":"Twin Strike"},{"not_picked":["Twin Strike","Thunderclap"],"picked":"Clothesline"},{"not_picked":["Metallicize","Clothesline"],"picked":"Twin Strike"},{"not_picked":["Spot Weakness","Flex"],"picked":"Double Tap"},{"not_picked":["Armaments","Twin Strike"],"picked":"Pommel Strike"},{"not_picked":["Second Wind","Combust"],"picked":"Cleave"},{"not_picked":["Body Slam","Power Through"],"picked":"Thunderclap"},{"not_picked":["Shrug It Off","Armaments"],"picked":"Rupture"},{"not_picked":["Impervious","Barricade"],"picked":"Feed"},{"not_picked":["Sword Boomerang","Headbutt"],"picked":"Flex"},{"not_picked":["Flex","Twin Strike"],"picked":"Clothesline"},{"not_picked":["Hemokinesis","Bloodletting"],"picked":"Fire Breathing"},{"not_picked":["Brutality","Shrug It Off"],"picked":"Thunderclap"},{"not_picked":["Twin Strike","Sword Boomerang"],"picked":"Cleave"},{"not_picked":["Infernal Blade","Body Slam"],"picked":"Anger"},{"not_picked":["True Grit","Combust"],"picked":"Shrug It Off"},{"not_picked":["Warcry","Fiend Fire"],"picked":"Pummel"},{"not_picked":["Feel No Pain","Flex"],"picked":"Seeing Red"},{"not_picked":["Metallicize","Twin Strike"],"picked":"Cleave"},{"not_picked":["Barricade","Berserk"],"picked":"Feed"},{"not_picked":["Disarm","Seeing Red"],"picked":"Combust"},{"not_picked":["Headbutt","Pommel Strike"],"picked":"Cleave"},{"not_picked":["Heavy Blade","Body Slam"],"picked":"Perfected Strike"},{"not_picked":["Sword Boomerang","Armaments"],"picked":"Twin Strike"},{"not_picked":["Sword Boomerang","Corruption"],"picked":"Thunderclap"},{"not_picked":["Flex","True Grit"],"picked":"Whirlwind"}],"player_experience":30364,"potions_floor_usage":[13,21,21,23,23,25,28,28,33,41,48],"damage_taken":[{"damage":2,"enemies":"2 Louse","floor":1,"turns":3},{"damage":5,"enemies":"Jaw Worm","floor":2,"turns":4},{"damage":5,"enemies":"Small Slimes","floor":5,"turns":4},{"damage":15,"enemies":"Gremlin Nob","floor":6,"turns":4},{"damage":13,"enemies":"Lagavulin","floor":8,"turns":6},{"damage":23,"enemies":"Exordium Thugs","floor":11,"turns":4},{"damage":1,"enemies":"Lots of Slimes","floor":13,"turns":2},{"damage":10,"enemies":"Large Slime","floor":14,"turns":3},{"damage":38,"enemies":"The Guardian","floor":16,"turns":8},{"damage":19,"enemies":"Chosen","floor":18,"turns":6},{"damage":18,"enemies":"3 Byrds","floor":20,"turns":5},{"damage":23,"enemies":"Centurion and Healer","floor":21,"turns":4},{"damage":39,"enemies":"Book of Stabbing","floor":23,"turns":5},{"damage":0,"enemies":"Snecko","floor":25,"turns":3},{"damage":1,"enemies":"Chosen and Byrds","floor":28,"turns":5},{"damage":27,"enemies":"Sentry and Sphere","floor":29,"turns":5},{"damage":5,"enemies":"3 Cultists","floor":30,"turns":4},{"damage":15,"enemies":"Snake Plant","floor":31,"turns":4},{"damage":90,"enemies":"Automaton","floor":33,"turns":7},{"damage":18,"enemies":"3 Darklings","floor":35,"turns":3},{"damage":14,"enemies":"Orb Walker","floor":37,"turns":4},{"damage":72,"enemies":"Giant Head","floor":41,"turns":8},{"damage":58,"enemies":"2 Orb Walkers","floor":46,"turns":5},{"damage":34,"enemies":"Maw","floor":47,"turns":6},{"damage":19,"enemies":"4 Shapes","floor":48,"turns":1}],"event_choices":[{"event_name":"World of Goop","player_choice":"Gather Gold","floor":3,"damage_taken":0},{"event_name":"Liars Game","player_choice":"disagreed","floor":12,"damage_taken":0},{"event_name":"Drug Dealer","player_choice":"Ignored","floor":22,"damage_taken":0},{"event_name":"Winding Halls","player_choice":"Embrace Madness","floor":36,"damage_taken":0},{"event_name":"Tomb of Lord Red Mask","player_choice":"Paid","floor":38,"damage_taken":0}],"boss_relics":[{"not_picked":["Snecko Eye","Question Card"],"picked":"Eternal Feather"},{"not_picked":["White Beast Statue","Cursed Key"],"picked":"Velvet Choker"}],"potions_floor_spawned":[1,8,14,18,21,25,31,33,47],"seed_played":"-2636778617234654274","killed_by":"4 Shapes","ascension_level":0,"is_trial":false}