{"gold_per_floor":[215,6,6,20,95,108,108,108,133,150,71,71,88,88,88,185,185,203,221,146,246,266,266,322,322,322,339,339,354,123,149,149,244,244,259,259,312,339,361,373],"floor_reached":40,"playtime":1104,"items_purged":["Strike_B"],"score":439,"play_id":"9f37d4e0-004e-4451-91c5-71f0f6b0bdfe","local_time":"20190311014050","is_ascension_mode":false,"campfire_choices":[{"data":"Streamline","floor":8.0,"key":"SMITH"},{"data":"Consume","floor":12.0,"key":"SMITH"},{"data":"Zap","floor":15.0,"key":"SMITH"},{"floor":25,"key":"REST"},{"floor":28,"key":"REST"},{"data":"Coolheaded","floor":32,"key":"SMITH"}],"neow_cost":"NONE","seed_source_timestamp":141238685907300,"circlet_count":0,"master_deck":["Strike_B","Defend_B","Defend_B","Defend_B","Defend_B","Zap+1","Dualcast","Gash","Go for the Eyes","Streamline+1","Aggregate","Coolheaded+1","Consume+1","Gash","Electrodynamics","Cold Snap","Gash","Turbo+1","Electrodynamics","Cold Snap+1","Gash","Hologram","Gash+1","Biased Cognition","Blizzard+1","Coolheaded+1","Go for the Eyes+1"],"special_seed":0,"relics":["Cracked Core","OrangePellets","Bag of Marbles","Cables","Inserter","Bird Faced Urn","Pantograph","Tiny Chest","Ancient Tea Set","Lantern","Omamori","Black Star","Turnip","MawBank"],"potions_floor_usage":[22,24,31,37,40],"damage_taken":[{"damage":5.0,"enemies":"Small Slimes","floor":1.0,"turns":4.0},{"damage":1.0,"enemies":"Jaw Worm","floor":4.0,"turns":3.0},{"damage":0.0,"enemies":"2 Louse","floor":6.0,"turns":2.0},{"damage":2.0,"enemies":"Blue Slaver","floor":10.0,"turns":3.0},{"damage":5.0,"enemies":"2 Fungi Beasts","floor":13.0,"turns":3.0},{"damage":20.0,"enemies":"Slime Boss","floor":16.0,"turns":7.0},{"damage":23.0,"enemies":"3 Byrds","floor":18.0,"turns":3.0},{"damage":10.0,"enemies":"Spheric Guardian","floor":19.0,"turns":4.0},{"damage":3.0,"enemies":"Colosseum Slavers","floor":21.0,"turns":3.0},{"damage":20.0,"enemies":"Colosseum Nobs","floor":21.0,"turns":3.0},{"damage":10,"enemies":"Snake Plant","floor":22,"turns":3},{"damage":23,"enemies":"Book of Stabbing","floor":24,"turns":5},{"damage":14,"enemies":"3 Cultists","floor":27,"turns":5},{"damage":3,"enemies":"Chosen and Byrds","floor":29,"turns":4},{"damage":10,"enemies":"Slavers","floor":31,"turns":4},{"damage":23,"enemies":"Collector","floor":33,"turns":7},{"damage":14,"enemies":"3 Shapes","floor":35,"turns":3},{"damage":23,"enemies":"2 Orb Walkers","floor":37,"turns":4},{"damage":11,"enemies":"Orb Walker","floor":39,"turns":3},{"damage":9,"enemies":"Reptomancer","floor":40,"turns":2}],"seed_played":"463371462857099323","potions_obtained":[{"floor":10.0,"key":"Block Potion"},{"floor":13.0,"key":"Swift Potion"},{"floor":19.0,"key":"Ancient Potion"},{"floor":21.0,"key":"SteroidPotion"},{"floor":22,"key":"SpeedPotion"},{"floor":24,"key":"Fire Potion"},{"floor":29,"key":"Dexterity Potion"},{"floor":33,"key":"AttackPotion"},{"floor":37,"key":"Ancient Potion"}],"is_trial":false,"path_per_floor":["M","$","?","M","?","M","?","R","T","M","$","R","M","?","R","B",null,"M","M","?","?","M","?","E","R","T","M","R","M","$","E","R","B",null,"M","?","?","T","M","E"],"character_chosen":"DEFECT","items_purchased":["OrangePellets","Consume","Lantern"],"campfire_rested":2,"item_purchase_floors":[2,11,30],"current_hp_per_floor":[70,70,70,69,58,58,58,58,58,56,56,56,51,44,44,24,75,52,42,42,19,11,36,17,39,39,25,47,48,48,42,42,48,75,65,65,46,46,39,30],"gold":373,"neow_bonus":"HUNDRED_GOLD","is_prod":false,"is_daily":false,"chose_seed":false,"campfire_upgraded":4,"win_rate":0,"timestamp":1552236050,"path_taken":["M","$","?","M","?","M","?","R","T","M","$","R","M","?","R","BOSS","M","M","?","?","M","?","E","R","T","M","R","M","$","E","R","BOSS","M","?","?","?","M","E"],"build_version":"2019-01-23","purchased_purges":1,"victory":false,"max_hp_per_floor":[75,75,75,75,75,75,75,75,75,75,75,75,75,75,75,75,75,75,75,75,75,75,75,75,75,75,75,75,75,75,75,75,75,75,75,75,75,75,75,75],"card_choices":[{"not_picked":["Stack","Rip and Tear"],"picked":"Gash","floor":1.0},{"not_picked":["Ball Lightning","Steam"],"picked":"Go for the Eyes","floor":4.0},{"not_picked":["Hologram","Coolheaded"],"picked":"Streamline","floor":6.0},{"not_picked":["Leap","Doom and Gloom"],"picked":"Coolheaded","floor":10.0},{"not_picked":["Beam Cell","Stack"],"picked":"Gash","floor":13.0},{"not_picked":["Fission","Machine Learning"],"picked":"Electrodynamics","floor":16.0},{"not_picked":["Sweeping Beam+1","Barrage"],"picked":"Cold Snap","floor":18.0},{"not_picked":["Rebound","Streamline"],"picked":"Gash","floor":19.0},{"not_picked":["Coolheaded","Stack"],"picked":"Turbo+1","floor":21.0},{"not_picked":["Turbo","Sweeping Beam+1"],"picked":"Electrodynamics","floor":22},{"not_picked":["Tempest","Reinforced Body+1"],"picked":"Cold Snap+1","floor":24},{"not_picked":["Steam","Stack"],"picked":"Gash","floor":27},{"not_picked":["Go for the Eyes","Turbo"],"picked":"Hologram","floor":29},{"not_picked":["Rebound+1","Conserve Battery"],"picked":"Gash+1","floor":31},{"not_picked":["Creative AI","Meteor Strike"],"picked":"Biased Cognition","floor":33},{"not_picked":["Sweeping Beam","Go for the Eyes+1"],"picked":"Blizzard+1","floor":35},{"not_picked":["Streamline+1","Go for the Eyes+1"],"picked":"Coolheaded+1","floor":37},{"not_picked":["Conserve Battery","Reinforced Body"],"picked":"Go for the Eyes+1","floor":39}],"player_experience":2168253,"relics_obtained":[{"floor":9.0,"key":"Bag of Marbles"},{"floor":21.0,"key":"Bird Faced Urn"},{"floor":21.0,"key":"Pantograph"},{"floor":24,"key":"Tiny Chest"},{"floor":26,"key":"Ancient Tea Set"},{"floor":31,"key":"Omamori"},{"floor":37,"key":"Turnip"},{"floor":38,"key":"MawBank"}],"event_choices":[{"damage_healed":0.0,"max_hp_gain":0.0,"max_hp_loss":0.0,"gold_gain":0.0,"event_name":"Liars Game","player_choice":"Ignored","floor":3.0,"gold_loss":0.0,"damage_taken":0.0},{"damage_healed":0.0,"max_hp_gain":0.0,"max_hp_loss":0.0,"gold_gain":75.0,"event_name":"World of Goop","player_choice":"Gather Gold","floor":5.0,"gold_loss":0.0,"damage_taken":11.0},{"damage_healed":0.0,"max_hp_gain":0.0,"max_hp_loss":0.0,"gold_gain":0.0,"cards_transformed":["Strike_B"],"event_name":"Living Wall","player_choice":"Change","floor":7.0,"gold_loss":0.0,"damage_taken":0.0,"cards_obtained":["Aggregate"]},{"damage_healed":0.0,"max_hp_gain":0.0,"max_hp_loss":0.0,"gold_gain":0.0,"event_name":"Scrap Ooze","player_choice":"Success","floor":14.0,"gold_loss":0.0,"damage_taken":7.0,"relics_obtained":["Cables"]},{"cards_removed":["Strike_B"],"damage_healed":0.0,"max_hp_gain":0.0,"max_hp_loss":0.0,"gold_gain":0.0,"event_name":"Beggar","player_choice":"Gave Gold","floor":20.0,"gold_loss":75.0,"damage_taken":0.0},{"damage_healed":0.0,"max_hp_gain":0.0,"max_hp_loss":0.0,"gold_gain":0.0,"event_name":"Colosseum","player_choice":"Fight","floor":21.0,"gold_loss":0.0,"damage_taken":0.0},{"damage_healed":0.0,"max_hp_gain":0.0,"max_hp_loss":0.0,"gold_gain":0.0,"event_name":"Colosseum","player_choice":"Fought Nobs","floor":21.0,"gold_loss":0.0,"damage_taken":0.0},{"damage_healed":25,"gold_gain":0,"player_choice":"Heal","damage_taken":0,"max_hp_gain":0,"max_hp_loss":0,"event_name":"The Library","floor":23,"gold_loss":0},{"damage_healed":0,"gold_gain":0,"player_choice":"Ignored","damage_taken":0,"max_hp_gain":0,"max_hp_loss":0,"event_name":"Tomb of Lord Red Mask","floor":36,"gold_loss":0},{"damage_healed":0,"gold_gain":0,"player_choice":"Fight","damage_taken":0,"max_hp_gain":0,"max_hp_loss":0,"event_name":"Mysterious Sphere","floor":37,"gold_loss":0}],"is_beta":false,"boss_relics":[{"not_picked":["Snecko Eye","Runic Dome"],"picked":"Inserter"},{"not_picked":["White Beast Statue","Coffee Dripper"],"picked":"Black Star"}],"items_purged_floors":[30],"is_endless":false,"potions_floor_spawned":[10,13,19,21,22,24,29,33,37],"killed_by":"Reptomancer","ascension_level":0}