{"path_per_floor":["M","T","?","?","M","R","E","M","T","$","M","E","M","M","R","B",null,"M","?","?","?","$","E","R","E","T","R","M","$","E","?","R","B",null,"M","?","$","M","M","R","M","R","T","R","M","M","E","M","R","B"],"character_chosen":"IRONCLAD","items_purchased":["Offering","Uppercut","Rage","Pommel Strike"],"gold_per_floor":[113,140,140,140,150,150,175,186,186,37,51,84,98,117,117,222,222,242,167,167,167,53,87,87,116,116,116,132,32,61,61,61,165,165,180,180,2,18,28,28,48,48,48,48,58,73,101,118,118,118],"floor_reached":51,"campfire_rested":0,"playtime":3838,"current_hp_per_floor":[72,72,72,56,62,62,44,49,49,49,53,49,52,56,56,48,72,75,75,75,75,75,71,71,80,80,80,82,82,54,54,54,53,79,90,90,90,74,89,89,70,70,70,70,88,98,98,100,100,22],"items_purged":["Defend_R","Defend_R","Defend_R"],"gold":118,"score":1033,"play_id":"1e039c15-71a1-4e69-b71c-110e25885fcb","local_time":"20180404214400","is_prod":false,"is_daily":false,"is_ascension_mode":true,"campfire_upgraded":9,"timestamp":1522849440,"path_taken":["M","?","?","?","M","R","E","?","T","?","M","E","M","M","R","BOSS","M","?","?","?","?","E","R","E","T","R","M","$","E","?","R","BOSS","M","?","?","M","M","R","M","R","T","R","M","M","E","M","R","BOSS"],"build_version":"2018-04-03","purchased_purges":3,"victory":true,"master_deck":["Strike_R","Strike_R","Strike_R","Strike_R+1","Flex+1","Rage+1","Shrug It Off+1","Offering+1","Uppercut+1","Seeing Red+1","Dropkick","Thunderclap","Brutality+1","Inflame+1","Rage+1","Double Tap+1","Pommel Strike+1","Dropkick","Burning Pact+1"],"max_hp_per_floor":[80,80,80,80,80,80,80,80,80,80,80,80,80,80,80,80,80,80,80,80,80,80,82,82,84,84,84,86,86,88,88,88,88,88,90,90,90,90,92,92,94,94,94,94,96,98,98,100,100,100],"relics":["Black Blood","Oddly Smooth Stone","Torii","Blood Vial","Centennial Puzzle","Sozu","Singing Bowl","Art of War","Magic Flower","Mercury Hourglass","Darkstone Periapt","Anchor"],"card_choices":[{"not_picked":["Sever Soul","Seeing Red"],"picked":"Flex","floor":5.0},{"not_picked":["Searing Blow","Wild Strike"],"picked":"Rage","floor":7.0},{"not_picked":["Corruption","True Grit"],"picked":"Shrug It Off","floor":8.0},{"not_picked":["Searing Blow","Fiend Fire"],"picked":"Seeing Red","floor":11.0},{"not_picked":["Thunderclap","Iron Wave"],"picked":"Dropkick","floor":12.0},{"not_picked":["Perfected Strike","Heavy Blade"],"picked":"Thunderclap","floor":14.0},{"not_picked":["Exhume","Fiend Fire"],"picked":"Brutality","floor":16},{"not_picked":["Bludgeon","Brutality"],"picked":"Double Tap","floor":33},{"not_picked":["Rage","Anger"],"picked":"Dropkick","floor":38},{"not_picked":["Cleave","Heavy Blade"],"picked":"Burning Pact","floor":47}],"player_experience":223596,"potions_floor_usage":[23,25,50],"damage_taken":[{"damage":6.0,"enemies":"Cultist","floor":1.0,"turns":4.0},{"damage":0.0,"enemies":"2 Louse","floor":5.0,"turns":2.0},{"damage":24.0,"enemies":"3 Sentries","floor":7.0,"turns":10.0},{"damage":1.0,"enemies":"Small Slimes","floor":8.0,"turns":4.0},{"damage":4.0,"enemies":"2 Fungi Beasts","floor":11.0,"turns":2.0},{"damage":12.0,"enemies":"Gremlin Nob","floor":12.0,"turns":3.0},{"damage":5.0,"enemies":"Lots of Slimes","floor":13.0,"turns":4.0},{"damage":4.0,"enemies":"Blue Slaver","floor":14.0,"turns":2.0},{"damage":16,"enemies":"Slime Boss","floor":16,"turns":7},{"damage":5,"enemies":"Spheric Guardian","floor":18,"turns":3},{"damage":14,"enemies":"Book of Stabbing","floor":23,"turns":4},{"damage":7,"enemies":"Gremlin Leader","floor":25,"turns":4},{"damage":12,"enemies":"Chosen","floor":28,"turns":3},{"damage":42,"enemies":"Slavers","floor":30,"turns":4},{"damage":13,"enemies":"Collector","floor":33,"turns":8},{"damage":9,"enemies":"3 Shapes","floor":35,"turns":2},{"damage":31,"enemies":"3 Darklings","floor":38,"turns":3},{"damage":5,"enemies":"Spire Growth","floor":39,"turns":2},{"damage":39,"enemies":"4 Shapes","floor":41,"turns":5},{"damage":2,"enemies":"Flame Bruiser 2 Orb","floor":45,"turns":3},{"damage":5,"enemies":"3 Darklings","floor":46,"turns":2},{"damage":8,"enemies":"Nemesis","floor":47,"turns":5},{"damage":6,"enemies":"Sphere and 2 Shapes","floor":48,"turns":3},{"damage":93,"enemies":"Awakened One","floor":50,"turns":10}],"event_choices":[{"event_name":"Liars Game","player_choice":"disagreed","floor":3.0,"damage_taken":0.0},{"event_name":"Shining Light","player_choice":"Entered Light","floor":4.0,"damage_taken":0.0},{"event_name":"Beggar","player_choice":"Gave Gold","floor":19,"damage_taken":0},{"event_name":"Accursed Blacksmith","player_choice":"Forge","floor":20,"damage_taken":0},{"event_name":"The Library","player_choice":"Read","floor":21,"damage_taken":0},{"event_name":"Purifier","player_choice":"One Purge","floor":31,"damage_taken":0},{"event_name":"Upgrade Shrine","player_choice":"Upgraded","floor":36,"damage_taken":0}],"boss_relics":[{"not_picked":["Cursed Key","Velvet Choker"],"picked":"Sozu"},{"not_picked":["Runic Dome","Snecko Eye"],"picked":"Black Blood"}],"potions_floor_spawned":[1,11,12,13,14,16,23,33,35,39,46,48],"seed_played":"8512249241853825214","ascension_level":8,"is_trial":false}