{"gold_per_floor":[112,128,13,88,88,131,143,155,191,203,249,261,273,312,324,408,420,442,264,277,291,26,26,36,36,36,54,54,54,329,172,172,249,249,269,83,100,111,129,129,79,98,98,98,98,132,132,132],"floor_reached":48,"playtime":1617,"items_purged":["Strike_R","Strike_R","Regret","Strike_R","Strike_R"],"score":1048,"play_id":"abccb8c7-f57b-4186-a513-87df367ca90e","local_time":"20190425201337","is_ascension_mode":true,"campfire_choices":[{"data":"Inflame","floor":7,"key":"SMITH"},{"floor":10,"key":"REST"},{"floor":12,"key":"REST"},{"data":"1","floor":15,"key":"LIFT"},{"data":"2","floor":23,"key":"LIFT"},{"data":"3","floor":25,"key":"LIFT"},{"floor":32,"key":"REST"},{"floor":40,"key":"RECALL"},{"floor":45,"key":"REST"},{"data":"Feel No Pain","floor":47,"key":"SMITH"}],"neow_cost":"NONE","seed_source_timestamp":288314104761200,"circlet_count":0,"master_deck":["AscendersBane","Strike_R","Defend_R","Defend_R","Defend_R","Defend_R","Bash","Shockwave","Inflame+1","Battle Trance","Sword Boomerang","Reaper","Immolate","Second Wind","Feel No Pain+1","Shrug It Off","Armaments+1","Shrug It Off","Ghostly Armor","Necronomicurse","Impervious","Intimidate","True Grit+1","Impervious","Pummel","Second Wind+1","True Grit"],"relics":["Burning Blood","NeowsBlessing","MawBank","Omamori","Smiling Mask","Bag of Marbles","WarpedTongs","Girya","Philosopher\u0027s Stone","Chemical X","Dead Branch","Lantern","Necronomicon","Orrery","Ancient Tea Set"],"potions_floor_usage":[11,14,21,33,48],"damage_taken":[{"damage":0,"enemies":"Cultist","floor":1,"turns":1},{"damage":0,"enemies":"2 Louse","floor":2,"turns":1},{"damage":0,"enemies":"Lagavulin","floor":6,"turns":1},{"damage":32,"enemies":"Gremlin Nob","floor":11,"turns":4},{"damage":0,"enemies":"Lagavulin","floor":14,"turns":4},{"damage":27,"enemies":"The Guardian","floor":16,"turns":12},{"damage":24,"enemies":"Spheric Guardian","floor":18,"turns":4},{"damage":33,"enemies":"Shell Parasite","floor":20,"turns":5},{"damage":16,"enemies":"Snake Plant","floor":21,"turns":4},{"damage":19,"enemies":"Sentry and Sphere","floor":24,"turns":5},{"damage":17,"enemies":"Shelled Parasite and Fungi","floor":27,"turns":5},{"damage":45,"enemies":"Champ","floor":33,"turns":8},{"damage":7,"enemies":"Orb Walker","floor":35,"turns":3},{"damage":13,"enemies":"3 Darklings","floor":37,"turns":6},{"damage":1,"enemies":"4 Shapes","floor":38,"turns":4},{"damage":10,"enemies":"Transient","floor":39,"turns":6},{"damage":33,"enemies":"Maw","floor":42,"turns":6},{"damage":21,"enemies":"Giant Head","floor":46,"turns":8},{"damage":79,"enemies":"Reptomancer","floor":48,"turns":4}],"seed_played":"1615472380854977505","potions_obtained":[{"floor":2,"key":"Explosive Potion"},{"floor":11,"key":"Fire Potion"},{"floor":20,"key":"SkillPotion"}],"is_trial":false,"path_per_floor":["M","M","$","?","?","E","R","$","T","R","E","R","?","E","R","B",null,"M","$","M","M","$","R","M","R","T","M","?","?","?","$","R","B",null,"M","$","M","M","M","R","$","M","T","?","R","E","R","E"],"character_chosen":"IRONCLAD","items_purchased":["Shockwave","Inflame","Feel No Pain","Shrug It Off","Chemical X","Strength Potion","Swift Potion","Impervious","PowerPotion"],"campfire_rested":4,"item_purchase_floors":[3,3,19,19,22,31,31,36,36],"current_hp_per_floor":[74,75,75,64,19,25,25,25,25,47,21,43,43,49,49,35,65,59,59,44,46,46,46,38,38,38,43,43,22,22,22,44,27,63,75,75,75,75,75,75,75,48,48,48,70,75,75,0],"gold":132,"neow_bonus":"THREE_ENEMY_KILL","is_prod":false,"is_daily":false,"chose_seed":false,"campfire_upgraded":2,"win_rate":0,"timestamp":1556190817,"path_taken":["M","M","$","?","?","E","R","?","T","R","E","R","?","E","R","BOSS","M","$","M","M","$","R","M","R","T","?","?","?","?","$","R","BOSS","M","$","M","M","M","R","$","M","T","?","R","E","R","E"],"build_version":"2019-01-23","purchased_purges":5,"victory":false,"max_hp_per_floor":[75,75,75,75,75,75,75,75,75,75,75,75,75,75,75,75,75,75,75,75,75,75,75,75,75,75,75,75,75,75,75,75,75,75,75,75,75,75,75,75,75,75,75,75,75,75,75,75],"card_choices":[{"not_picked":["Iron Wave","Rage","Havoc"],"picked":"SKIP","floor":1},{"not_picked":["Reckless Charge","Wild Strike","Anger"],"picked":"SKIP","floor":2},{"not_picked":["Clash","Body Slam"],"picked":"Battle Trance","floor":6},{"not_picked":["Wild Strike","Clash"],"picked":"Sword Boomerang","floor":11},{"not_picked":["Shockwave","Headbutt"],"picked":"Reaper","floor":14},{"not_picked":["Barricade","Double Tap"],"picked":"Immolate","floor":16},{"not_picked":["Cleave","Havoc+1"],"picked":"Second Wind","floor":18},{"not_picked":["Armaments","Perfected Strike+1","Dropkick"],"picked":"SKIP","floor":20},{"not_picked":["Sword Boomerang","Bludgeon"],"picked":"Armaments+1","floor":21},{"not_picked":["Heavy Blade","Metallicize"],"picked":"Shrug It Off","floor":24},{"not_picked":["Sword Boomerang","Headbutt"],"picked":"Ghostly Armor","floor":27},{"not_picked":["Double Tap","Brutality"],"picked":"Impervious","floor":33},{"not_picked":["Sever Soul","Uppercut"],"picked":"Intimidate","floor":34},{"not_picked":["Dropkick+1","Clash+1"],"picked":"True Grit+1","floor":35},{"not_picked":["Pummel","Thunderclap+1","Heavy Blade"],"picked":"SKIP","floor":37},{"not_picked":["Thunderclap+1","Heavy Blade"],"picked":"Pummel","floor":37},{"not_picked":["Brutality","Anger","Uppercut"],"picked":"SKIP","floor":38},{"not_picked":["Combust+1","Pummel","Headbutt+1"],"picked":"SKIP","floor":39},{"not_picked":["Thunderclap","Perfected Strike+1"],"picked":"Second Wind","floor":42},{"not_picked":["Uppercut","Sword Boomerang"],"picked":"True Grit","floor":46}],"player_experience":3375514,"relics_obtained":[{"floor":6,"key":"Omamori"},{"floor":9,"key":"Smiling Mask"},{"floor":11,"key":"Bag of Marbles"},{"floor":14,"key":"Girya"},{"floor":26,"key":"Dead Branch"},{"floor":29,"key":"Necronomicon"},{"floor":46,"key":"Ancient Tea Set"}],"event_choices":[{"damage_healed":0,"gold_gain":75,"player_choice":"Gather Gold","damage_taken":11,"max_hp_gain":0,"max_hp_loss":0,"event_name":"World of Goop","floor":4,"gold_loss":0},{"damage_healed":0,"gold_gain":0,"player_choice":"Success","damage_taken":45,"relics_obtained":["MawBank"],"max_hp_gain":0,"max_hp_loss":0,"event_name":"Scrap Ooze","floor":5,"gold_loss":0},{"damage_healed":0,"gold_gain":0,"player_choice":"Rummage","damage_taken":0,"relics_obtained":["WarpedTongs"],"max_hp_gain":0,"max_hp_loss":0,"event_name":"Accursed Blacksmith","floor":13,"gold_loss":0,"cards_obtained":["Pain"]},{"damage_healed":0,"gold_gain":0,"player_choice":"Stole Relic","damage_taken":0,"relics_obtained":["Lantern"],"max_hp_gain":0,"max_hp_loss":0,"event_name":"Addict","floor":28,"gold_loss":0,"cards_obtained":["Shame"]},{"damage_healed":0,"gold_gain":0,"player_choice":"Obtained Book","damage_taken":21,"max_hp_gain":0,"max_hp_loss":0,"event_name":"Cursed Tome","floor":29,"gold_loss":0},{"damage_healed":0,"gold_gain":275,"player_choice":"Desecrate","damage_taken":0,"max_hp_gain":0,"max_hp_loss":0,"event_name":"Golden Shrine","floor":30,"gold_loss":0,"cards_obtained":["Regret"]},{"damage_healed":0,"gold_gain":0,"player_choice":"Upgraded","damage_taken":0,"max_hp_gain":0,"max_hp_loss":0,"event_name":"Upgrade Shrine","floor":44,"gold_loss":0,"cards_upgraded":["Second Wind"]}],"is_beta":false,"boss_relics":[{"not_picked":["Black Blood","Tiny House"],"picked":"Philosopher\u0027s Stone"},{"not_picked":["Empty Cage","Coffee Dripper"],"picked":"Orrery"}],"items_purged_floors":[19,22,31,36,41],"is_endless":false,"potions_floor_spawned":[2,11,20,37,38],"killed_by":"Reptomancer","ascension_level":20}