{"gold_per_floor":[112,112,112,112,127,127,54,83,109,128,139,153,153,166,166,239,239,253,284,11,11,11,41,41,56,56,56,71,71,71,102,102,175,175,187,409,409,459,472,472,500,513,513,531,126,200,9,9],"floor_reached":48,"playtime":1402,"items_purged":["Writhe","Strike_B"],"score":1217,"play_id":"ae5eb632-b8f4-4a1b-814f-9173c9c126ea","local_time":"20190205214657","is_ascension_mode":true,"campfire_choices":[{"data":"Streamline","floor":6,"key":"SMITH"},{"data":"Zap","floor":13,"key":"SMITH"},{"data":"Coolheaded","floor":15,"key":"SMITH"},{"floor":24,"key":"REST"},{"floor":29,"key":"REST"},{"floor":32,"key":"REST"},{"floor":40,"key":"REST"}],"neow_cost":"NONE","seed_source_timestamp":11987676733900,"circlet_count":0,"master_deck":["AscendersBane","Defend_B","Defend_B","Defend_B","Zap+1","Dualcast","Streamline+1","Static Discharge","FTL","Coolheaded+1","Electrodynamics+1","Core Surge","Echo Form+1","Coolheaded","Chill","Thunder Strike","Self Repair+1","Electrodynamics+1","BootSequence","Reinforced Body+1","Gash","Conserve Battery+1","Self Repair+1","Reinforced Body+1","Discovery"],"relics":["Cracked Core","NeowsBlessing","Shuriken","Frozen Egg 2","Blue Candle","PreservedInsect","Fusion Hammer","Red Mask","Gremlin Horn","Girya","Ancient Tea Set","Mercury Hourglass","Runic Dome","Ice Cream","Bag of Marbles","Happy Flower","DollysMirror","Bottled Lightning"],"potions_floor_usage":[16,16,19,23,28,41,42,48],"damage_taken":[{"damage":0,"enemies":"Jaw Worm","floor":1,"turns":1},{"damage":0,"enemies":"2 Louse","floor":5,"turns":1},{"damage":0,"enemies":"Gremlin Nob","floor":8,"turns":1},{"damage":4,"enemies":"Small Slimes","floor":10,"turns":3},{"damage":6,"enemies":"3 Louse","floor":11,"turns":2},{"damage":14,"enemies":"Blue Slaver","floor":12,"turns":3},{"damage":2,"enemies":"Exordium Wildlife","floor":14,"turns":3},{"damage":0,"enemies":"Slime Boss","floor":16,"turns":5},{"damage":5,"enemies":"Chosen","floor":18,"turns":3},{"damage":0,"enemies":"Masked Bandits","floor":19,"turns":2},{"damage":16,"enemies":"Slavers","floor":23,"turns":3},{"damage":22,"enemies":"Shell Parasite","floor":25,"turns":3},{"damage":7,"enemies":"Centurion and Healer","floor":28,"turns":4},{"damage":0,"enemies":"Gremlin Leader","floor":31,"turns":3},{"damage":47,"enemies":"Automaton","floor":33,"turns":7},{"damage":11,"enemies":"Orb Walker","floor":35,"turns":3},{"damage":57,"enemies":"2 Orb Walkers","floor":38,"turns":3},{"damage":5,"enemies":"3 Shapes","floor":39,"turns":3},{"damage":43,"enemies":"Nemesis","floor":41,"turns":7},{"damage":28,"enemies":"Writhing Mass","floor":42,"turns":6},{"damage":11,"enemies":"Jaw Worm Horde","floor":44,"turns":3},{"damage":13,"enemies":"Transient","floor":48,"turns":2}],"seed_played":"-7248183574009736012","potions_obtained":[{"floor":1,"key":"FocusPotion"},{"floor":8,"key":"EssenceOfSteel"},{"floor":16,"key":"PowerPotion"},{"floor":19,"key":"Block Potion"},{"floor":23,"key":"EssenceOfSteel"},{"floor":33,"key":"Regen Potion"},{"floor":38,"key":"GamblersBrew"}],"is_trial":false,"path_per_floor":["M","?","?","?","M","R","?","E","T","M","M","M","R","M","R","B",null,"M","?","$","?","$","E","R","M","T","?","M","R","$","E","R","B",null,"M","?","?","?","M","R","E","M","T","M","$","T","$","M"],"character_chosen":"DEFECT","items_purchased":["Gremlin Horn","Self Repair+1","DollysMirror","GamblersBrew","Discovery"],"campfire_rested":4,"item_purchase_floors":[20,45,45,45,47],"current_hp_per_floor":[64,57,46,46,46,46,46,46,46,42,36,22,22,20,20,20,58,53,53,53,33,33,17,39,17,17,17,10,32,32,32,54,17,61,60,60,75,28,33,55,22,18,18,7,7,7,7,0],"gold":9,"neow_bonus":"THREE_ENEMY_KILL","is_prod":false,"is_daily":false,"chose_seed":false,"campfire_upgraded":3,"win_rate":0,"timestamp":1549370817,"path_taken":["M","?","?","?","M","R","?","E","T","M","M","?","R","M","R","BOSS","M","?","$","?","?","E","R","?","T","?","M","R","$","E","R","BOSS","M","?","?","?","M","R","E","M","T","M","$","?","?","?"],"build_version":"2019-01-23","purchased_purges":2,"victory":false,"max_hp_per_floor":[71,71,71,71,71,71,71,71,71,71,71,71,71,71,71,71,71,71,71,71,76,76,76,76,76,76,76,76,76,76,76,76,76,76,76,76,76,76,76,76,76,76,76,76,76,76,76,76],"card_choices":[{"not_picked":["Melter","Compile Driver"],"picked":"Streamline","floor":1},{"not_picked":["Ball Lightning","Compile Driver","Auto Shields"],"picked":"SKIP","floor":5},{"not_picked":["Tempest","Barrage"],"picked":"FTL","floor":8},{"not_picked":["Blizzard","Steam Power","Turbo"],"picked":"SKIP","floor":10},{"not_picked":["Turbo","Aggregate"],"picked":"Coolheaded","floor":11},{"not_picked":["Ball Lightning","Doom and Gloom","Rebound"],"picked":"SKIP","floor":12},{"not_picked":["Loop+1","Rebound"],"picked":"Electrodynamics+1","floor":14},{"not_picked":["Multi-Cast","All For One"],"picked":"Core Surge","floor":16},{"not_picked":["Compile Driver+1","Stack","Beam Cell"],"picked":"SKIP","floor":18},{"not_picked":["Compile Driver","Streamline"],"picked":"Echo Form+1","floor":23},{"not_picked":["Cold Snap","Barrage"],"picked":"Coolheaded","floor":25},{"not_picked":["Darkness","Streamline","Ball Lightning+1"],"picked":"SKIP","floor":28},{"not_picked":["Turbo","Barrage"],"picked":"Self Repair+1","floor":31},{"not_picked":["Rainbow","Multi-Cast"],"picked":"Electrodynamics+1","floor":33},{"not_picked":["Hologram","Turbo+1","Compile Driver"],"picked":"SKIP","floor":35},{"not_picked":["Hologram","Aggregate"],"picked":"BootSequence","floor":38},{"not_picked":["Undo","Go for the Eyes+1","Beam Cell"],"picked":"SKIP","floor":39},{"not_picked":["Sweeping Beam","Sunder"],"picked":"Reinforced Body+1","floor":41},{"not_picked":["Conserve Battery","Compile Driver","Gash"],"picked":"SKIP","floor":42},{"not_picked":["Conserve Battery","Compile Driver"],"picked":"Gash","floor":42},{"not_picked":["Turbo","Go for the Eyes"],"picked":"Conserve Battery+1","floor":44}],"player_experience":1389205,"relics_obtained":[{"floor":8,"key":"Blue Candle"},{"floor":9,"key":"PreservedInsect"},{"floor":19,"key":"Red Mask"},{"floor":23,"key":"Girya"},{"floor":26,"key":"Ancient Tea Set"},{"floor":31,"key":"Mercury Hourglass"},{"floor":38,"key":"Ice Cream"},{"floor":41,"key":"Bag of Marbles"},{"floor":43,"key":"Happy Flower"},{"floor":46,"key":"Bottled Lightning"}],"event_choices":[{"cards_removed":["Strike_B"],"damage_healed":0,"gold_gain":0,"player_choice":"Card Removal","damage_taken":7,"max_hp_gain":0,"max_hp_loss":0,"event_name":"Golden Wing","floor":2,"gold_loss":0},{"damage_healed":0,"gold_gain":0,"player_choice":"Success","damage_taken":11,"relics_obtained":["Shuriken"],"max_hp_gain":0,"max_hp_loss":0,"event_name":"Scrap Ooze","floor":3,"gold_loss":0},{"damage_healed":0,"gold_gain":0,"cards_transformed":["Defend_B"],"player_choice":"Change","damage_taken":0,"max_hp_gain":0,"max_hp_loss":0,"event_name":"Living Wall","floor":4,"gold_loss":0,"cards_obtained":["Static Discharge"]},{"damage_healed":0,"gold_gain":0,"player_choice":"Paid Gold","damage_taken":0,"relics_obtained":["Frozen Egg 2"],"max_hp_gain":0,"max_hp_loss":0,"event_name":"WeMeetAgain","floor":7,"gold_loss":73},{"damage_healed":0,"gold_gain":0,"player_choice":"Fought Bandits","damage_taken":0,"max_hp_gain":0,"max_hp_loss":0,"event_name":"Masked Bandits","floor":19,"gold_loss":0},{"damage_healed":0,"gold_gain":0,"player_choice":"Shed Blood","damage_taken":25,"max_hp_gain":5,"max_hp_loss":0,"event_name":"Forgotten Altar","floor":21,"gold_loss":0},{"damage_healed":0,"gold_gain":0,"cards_transformed":["Strike_B","Strike_B"],"player_choice":"Became Test Subject","damage_taken":0,"max_hp_gain":0,"max_hp_loss":0,"event_name":"Drug Dealer","floor":27,"gold_loss":0,"cards_obtained":["Chill","Thunder Strike"]},{"damage_healed":0,"gold_gain":222,"player_choice":"Wore Mask","damage_taken":0,"max_hp_gain":0,"max_hp_loss":0,"event_name":"Tomb of Lord Red Mask","floor":36,"gold_loss":0},{"damage_healed":15,"gold_gain":0,"player_choice":"Writhe","damage_taken":0,"max_hp_gain":0,"max_hp_loss":0,"event_name":"Winding Halls","floor":37,"gold_loss":0,"cards_obtained":["Writhe"]},{"damage_healed":0,"gold_gain":0,"player_choice":"Fight","damage_taken":0,"max_hp_gain":0,"max_hp_loss":0,"event_name":"Mysterious Sphere","floor":38,"gold_loss":0}],"is_beta":false,"boss_relics":[{"not_picked":["Velvet Choker","Ectoplasm"],"picked":"Fusion Hammer"},{"not_picked":["Calling Bell","Philosopher\u0027s Stone"],"picked":"Runic Dome"}],"items_purged_floors":[45,47],"is_endless":false,"potions_floor_spawned":[1,8,12,14,16,19,23,33,38],"killed_by":"Transient","ascension_level":20}