{"gold_per_floor":[111,127,127,140,140,140,190,233,256,256,277,277,291,51,51,144,144,168,186,186,210,229,229,229],"floor_reached":24,"playtime":572,"items_purged":[],"score":396,"play_id":"a19047cc-60fc-4db2-aeeb-5746a2a89e5b","local_time":"20190331205616","is_ascension_mode":true,"campfire_choices":[{"data":"Hologram","floor":6,"key":"SMITH"},{"floor":10,"key":"REST"},{"floor":15,"key":"REST"},{"data":"Defragment","floor":23,"key":"SMITH"}],"neow_cost":"NONE","seed_source_timestamp":208076993266500,"circlet_count":0,"master_deck":["AscendersBane","Strike_B","Strike_B","Strike_B","Strike_B","Defend_B","Defend_B","Defend_B","Defend_B","Zap","Dualcast","Hologram+1","Cold Snap","Conserve Battery","Defragment+1","Meteor Strike","Streamline","Ghostly","Ghostly","Ghostly","Coolheaded","Undo"],"relics":["Runic Dome","WarpedTongs","Golden Idol","Bag of Marbles","Smiling Mask","Lantern","Coffee Dripper"],"potions_floor_usage":[8,21],"damage_taken":[{"damage":10,"enemies":"2 Louse","floor":1,"turns":3},{"damage":0,"enemies":"Cultist","floor":2,"turns":4},{"damage":15,"enemies":"Small Slimes","floor":4,"turns":4},{"damage":21,"enemies":"3 Sentries","floor":8,"turns":7},{"damage":15,"enemies":"2 Fungi Beasts","floor":11,"turns":4},{"damage":0,"enemies":"Red Slaver","floor":13,"turns":5},{"damage":22,"enemies":"The Guardian","floor":16,"turns":12},{"damage":19,"enemies":"Spheric Guardian","floor":18,"turns":5},{"damage":11,"enemies":"2 Thieves","floor":19,"turns":3},{"damage":0,"enemies":"Snake Plant","floor":21,"turns":5},{"damage":0,"enemies":"Snecko","floor":22,"turns":5},{"damage":26,"enemies":"Slavers","floor":24,"turns":1}],"seed_played":"-527492077416155149","potions_obtained":[{"floor":1,"key":"Strength Potion"},{"floor":8,"key":"Energy Potion"},{"floor":18,"key":"AttackPotion"}],"is_trial":false,"path_per_floor":["M","M","?","M","?","R","?","E","T","R","M","?","M","$","R","B",null,"M","M","?","M","M","R","E"],"character_chosen":"DEFECT","items_purchased":["Lantern","Defragment"],"campfire_rested":2,"item_purchase_floors":[14,14],"current_hp_per_floor":[54,54,54,39,39,39,39,18,18,37,22,22,22,22,41,19,53,34,23,23,23,23,23,0],"gold":229,"neow_bonus":"BOSS_RELIC","is_prod":false,"is_daily":false,"chose_seed":false,"campfire_upgraded":2,"win_rate":0,"timestamp":1554033376,"path_taken":["M","M","?","?","?","R","?","E","T","R","?","?","?","?","R","BOSS","M","M","?","M","M","R","E"],"build_version":"2019-01-23","purchased_purges":0,"victory":false,"max_hp_per_floor":[71,71,71,71,64,64,64,64,64,64,64,64,64,64,64,64,64,64,64,32,32,32,32,32],"card_choices":[{"not_picked":["Fusion","Reprogram"],"picked":"Hologram","floor":1},{"not_picked":["Leap","Redo"],"picked":"Cold Snap","floor":2},{"not_picked":["Beam Cell","Steam Power","Aggregate"],"picked":"SKIP","floor":4},{"not_picked":["Gash","Hologram"],"picked":"Conserve Battery","floor":8},{"not_picked":["Reprogram","Rebound","Ball Lightning"],"picked":"SKIP","floor":11},{"not_picked":["Steam Power","Go for the Eyes","Fusion"],"picked":"SKIP","floor":13},{"not_picked":["Rainbow","Hyperbeam"],"picked":"Meteor Strike","floor":16},{"not_picked":["Rebound","Leap"],"picked":"Streamline","floor":18},{"not_picked":["FTL","Melter","Barrage"],"picked":"SKIP","floor":19},{"not_picked":["Rebound","Steam Power"],"picked":"Coolheaded","floor":21},{"not_picked":["All For One","Rebound"],"picked":"Undo","floor":22}],"player_experience":2786189,"relics_obtained":[{"floor":8,"key":"Bag of Marbles"},{"floor":9,"key":"Smiling Mask"}],"event_choices":[{"damage_healed":0,"gold_gain":0,"player_choice":"Rummage","damage_taken":0,"relics_obtained":["WarpedTongs"],"max_hp_gain":0,"max_hp_loss":0,"event_name":"Accursed Blacksmith","floor":3,"gold_loss":0,"cards_obtained":["Pain"]},{"damage_healed":0,"gold_gain":0,"player_choice":"Lose Max HP","damage_taken":0,"relics_obtained":["Golden Idol"],"max_hp_gain":0,"max_hp_loss":7,"event_name":"Golden Idol","floor":5,"gold_loss":0},{"damage_healed":0,"gold_gain":50,"player_choice":"Pray","damage_taken":0,"max_hp_gain":0,"max_hp_loss":0,"event_name":"Golden Shrine","floor":7,"gold_loss":0},{"cards_removed":["Pain"],"damage_healed":0,"gold_gain":0,"player_choice":"Removed Curses","damage_taken":0,"max_hp_gain":0,"max_hp_loss":0,"event_name":"Fountain of Cleansing","floor":12,"gold_loss":0},{"damage_healed":0,"gold_gain":0,"player_choice":"Became a Ghost","damage_taken":0,"max_hp_gain":0,"max_hp_loss":32,"event_name":"Ghosts","floor":20,"gold_loss":0,"cards_obtained":["Ghostly","Ghostly","Ghostly"]}],"is_beta":false,"boss_relics":[{"not_picked":["Busted Crown","Ectoplasm"],"picked":"Coffee Dripper"}],"items_purged_floors":[],"is_endless":false,"potions_floor_spawned":[1,8,18],"killed_by":"Slavers","ascension_level":20}