{"gold_per_floor":[109,109,109,123,123,48,48,79,79,120,143,143,167,201,201,295,295,310,310,328,328,27,61,61,94,147,177,223,235,172,208,220,325,337,365,377,404,416,428,483,495,521,533,589,601,424,442,567,567,567,567,567,567,76,111,111],"floor_reached":57,"playtime":1872,"items_purged":["Strike_B","Defend_B","Streamline+1"],"score":2789,"play_id":"4f7bcba9-96bb-42ba-8c10-0bf90864ad20","local_time":"20190320010101","is_ascension_mode":true,"campfire_choices":[{"data":"Streamline","floor":7.0,"key":"SMITH"},{"data":"Zap","floor":12.0,"key":"SMITH"},{"data":"Biased Cognition","floor":15.0,"key":"SMITH"},{"data":"Electrodynamics","floor":24.0,"key":"SMITH"},{"data":"Coolheaded","floor":29.0,"key":"SMITH"},{"floor":32.0,"key":"REST"},{"data":"Echo Form","floor":41.0,"key":"SMITH"},{"floor":45.0,"key":"RECALL"},{"data":"Defragment","floor":49.0,"key":"SMITH"},{"data":"Heatsinks","floor":53.0,"key":"SMITH"}],"neow_cost":"NONE","seed_source_timestamp":21243867595400,"circlet_count":0,"master_deck":["AscendersBane","Defend_B","Defend_B","Defend_B","Zap+1","Dualcast","Sunder+1","Coolheaded+1","Biased Cognition+1","White Noise","Conserve Battery","Electrodynamics+1","Cold Snap","Consume+1","Force Field","Echo Form+1","Conserve Battery+1","Heatsinks+1","Meteor Strike","Defragment+1","Glacier"],"special_seed":0,"relics":["Cracked Core","NeowsBlessing","Letter Opener","Golden Idol","Juzu Bracelet","PreservedInsect","Vajra","Matryoshka","Snecko Eye","Lee\u0027s Waffle","Bird Faced Urn","Omamori","Orichalcum","MawBank","Meat on the Bone","Inserter","WarpedTongs","Mango","Sundial","Mummified Hand","Gremlin Horn","Ice Cream","Bottled Tornado","Strawberry"],"potions_floor_usage":[56,56],"damage_taken":[{"damage":0.0,"enemies":"Small Slimes","floor":1.0,"turns":1.0},{"damage":0.0,"enemies":"Jaw Worm","floor":4.0,"turns":1.0},{"damage":0.0,"enemies":"Lagavulin","floor":8.0,"turns":1.0},{"damage":8.0,"enemies":"Gremlin Nob","floor":10.0,"turns":3.0},{"damage":0.0,"enemies":"2 Louse","floor":13.0,"turns":1.0},{"damage":8.0,"enemies":"3 Sentries","floor":14.0,"turns":4.0},{"damage":33.0,"enemies":"Hexaghost","floor":16.0,"turns":6.0},{"damage":17.0,"enemies":"2 Thieves","floor":18.0,"turns":2.0},{"damage":0.0,"enemies":"Chosen","floor":20.0,"turns":2.0},{"damage":10.0,"enemies":"Slavers","floor":23.0,"turns":2.0},{"damage":7.0,"enemies":"Book of Stabbing","floor":25.0,"turns":4.0},{"damage":2.0,"enemies":"Centurion and Healer","floor":27.0,"turns":2.0},{"damage":10.0,"enemies":"Slavers","floor":28.0,"turns":3.0},{"damage":16.0,"enemies":"Snake Plant","floor":31.0,"turns":3.0},{"damage":53.0,"enemies":"Collector","floor":33.0,"turns":7.0},{"damage":16.0,"enemies":"3 Shapes","floor":35.0,"turns":4.0},{"damage":10.0,"enemies":"Orb Walker","floor":37.0,"turns":4.0},{"damage":13.0,"enemies":"Reptomancer","floor":40.0,"turns":4.0},{"damage":0.0,"enemies":"Transient","floor":42.0,"turns":6.0},{"damage":2.0,"enemies":"Giant Head","floor":44.0,"turns":7.0},{"damage":0.0,"enemies":"4 Shapes","floor":47.0,"turns":1.0},{"damage":0.0,"enemies":"Mind Bloom Boss Battle","floor":48.0,"turns":4.0},{"damage":11.0,"enemies":"Donu and Deca","floor":50.0,"turns":6.0},{"damage":26.0,"enemies":"Awakened One","floor":51.0,"turns":13.0},{"damage":4.0,"enemies":"Shield and Spear","floor":55.0,"turns":2.0},{"damage":44,"enemies":"The Heart","floor":56,"turns":11}],"seed_played":"5603213395611282370","potions_obtained":[{"floor":1.0,"key":"Dexterity Potion"},{"floor":13.0,"key":"Poison Potion"},{"floor":16.0,"key":"Ancient Potion"},{"floor":28.0,"key":"PowerPotion"},{"floor":40.0,"key":"EssenceOfSteel"},{"floor":42.0,"key":"GamblersBrew"},{"floor":48.0,"key":"Fire Potion"}],"is_trial":false,"path_per_floor":["M","?","?","M","?","?","R","E","T","E","T","R","M","E","R","B",null,"M","?","M","?","$","E","R","E","T","M","E","R","?","M","R","B",null,"M","?","M","?","?","E","R","M","T","E","R","$","M","?","R","B","B",null,"R","$","E","B",null],"character_chosen":"DEFECT","items_purchased":["Lee\u0027s Waffle","Defragment","Bottled Tornado","GamblersBrew"],"campfire_rested":1,"item_purchase_floors":[22,46,54,54],"current_hp_per_floor":[64,59,59,59,59,59,59,59,59,51,51,51,51,43,43,10,51,34,28,28,28,71,61,61,62,62,64,58,58,58,46,67,30,61,59,59,57,57,57,68,68,78,78,79,79,79,81,81,81,76,62,76,76,76,88,56],"gold":111,"neow_bonus":"THREE_ENEMY_KILL","is_prod":false,"is_daily":false,"chose_seed":false,"campfire_upgraded":8,"win_rate":0,"timestamp":1553011261,"path_taken":["M","?","?","?","?","?","R","E","T","E","?","R","M","E","R","BOSS","M","?","M","?","?","E","R","E","T","M","E","R","?","M","R","BOSS","M","?","M","?","?","E","R","M","T","E","R","$","M","?","R","BOSS","BOSS","R","$","E","BOSS"],"build_version":"2019-01-23","purchased_purges":3,"victory":true,"max_hp_per_floor":[71,71,71,71,64,64,64,64,64,64,64,64,64,64,64,64,64,64,64,64,64,71,71,71,71,71,71,71,71,71,71,71,71,71,71,67,67,67,67,81,81,81,81,81,81,81,81,81,81,81,81,81,81,81,88,88],"card_choices":[{"not_picked":["Streamline","Coolheaded"],"picked":"Sunder","floor":1.0},{"not_picked":["Ball Lightning","Stack"],"picked":"Streamline","floor":4.0},{"not_picked":["Turbo","Darkness"],"picked":"Coolheaded","floor":8.0},{"not_picked":["Hologram","Conserve Battery"],"picked":"Biased Cognition","floor":10.0},{"not_picked":["Fusion","Stack"],"picked":"White Noise","floor":13.0},{"not_picked":["Barrage","Redo"],"picked":"Conserve Battery","floor":14.0},{"not_picked":["Amplify","Biased Cognition"],"picked":"Electrodynamics","floor":16.0},{"not_picked":["Storm+1","Turbo","Sweeping Beam+1"],"picked":"SKIP","floor":18.0},{"not_picked":["Go for the Eyes","White Noise+1"],"picked":"Cold Snap","floor":20.0},{"not_picked":["Hologram","Force Field"],"picked":"Consume+1","floor":23.0},{"not_picked":["Sweeping Beam","Static Discharge"],"picked":"Force Field","floor":25.0},{"not_picked":["Rebound+1","Steam Power","Chaos"],"picked":"SKIP","floor":27.0},{"not_picked":["Conserve Battery","Steam","Go for the Eyes"],"picked":"SKIP","floor":28.0},{"not_picked":["Scrape","Streamline","Rip and Tear"],"picked":"SKIP","floor":31.0},{"not_picked":["Electrodynamics","Amplify"],"picked":"Echo Form","floor":33.0},{"not_picked":["Leap","Static Discharge","Stack"],"picked":"SKIP","floor":35.0},{"not_picked":["Beam Cell","Stack+1"],"picked":"Doom and Gloom+1","floor":37.0},{"not_picked":["Sweeping Beam","Steam Power"],"picked":"Conserve Battery+1","floor":40.0},{"not_picked":["Turbo","Go for the Eyes"],"picked":"Heatsinks","floor":42.0},{"not_picked":["Sunder","Genetic Algorithm"],"picked":"Meteor Strike","floor":44.0},{"not_picked":["Conserve Battery+1","Go for the Eyes","Ball Lightning"],"picked":"SKIP","floor":47.0},{"not_picked":["Gash","Beam Cell+1"],"picked":"Glacier","floor":55.0}],"player_experience":2396393,"relics_obtained":[{"floor":8.0,"key":"Juzu Bracelet"},{"floor":10.0,"key":"PreservedInsect"},{"floor":11.0,"key":"Vajra"},{"floor":14.0,"key":"Matryoshka"},{"floor":23.0,"key":"Bird Faced Urn"},{"floor":25.0,"key":"Omamori"},{"floor":26.0,"key":"Orichalcum"},{"floor":26.0,"key":"MawBank"},{"floor":28.0,"key":"Meat on the Bone"},{"floor":40.0,"key":"Mango"},{"floor":43.0,"key":"Sundial"},{"floor":43.0,"key":"Mummified Hand"},{"floor":44.0,"key":"Gremlin Horn"},{"floor":48.0,"key":"Ice Cream"},{"floor":55.0,"key":"Strawberry"}],"event_choices":[{"damage_healed":0.0,"max_hp_gain":0.0,"max_hp_loss":0.0,"gold_gain":0.0,"event_name":"Scrap Ooze","player_choice":"Success","floor":2.0,"gold_loss":0.0,"damage_taken":5.0,"relics_obtained":["Letter Opener"]},{"damage_healed":0.0,"max_hp_gain":0.0,"max_hp_loss":0.0,"gold_gain":0.0,"event_name":"Living Wall","player_choice":"Grow","floor":3.0,"gold_loss":0.0,"damage_taken":0.0,"cards_upgraded":["Sunder"]},{"damage_healed":0.0,"max_hp_gain":0.0,"max_hp_loss":7.0,"gold_gain":0.0,"event_name":"Golden Idol","player_choice":"Lose Max HP","floor":5.0,"gold_loss":0.0,"damage_taken":0.0,"relics_obtained":["Golden Idol"]},{"cards_removed":["Strike_B"],"damage_healed":0.0,"max_hp_gain":0.0,"max_hp_loss":0.0,"gold_gain":0.0,"event_name":"The Cleric","player_choice":"Card Removal","floor":6.0,"gold_loss":75.0,"damage_taken":0.0},{"damage_healed":0.0,"max_hp_gain":0.0,"max_hp_loss":0.0,"gold_gain":0.0,"event_name":"Knowing Skull","player_choice":"","floor":19.0,"potions_obtained":[],"gold_loss":0.0,"damage_taken":6.0,"cards_obtained":[]},{"cards_removed":["Strike_B"],"damage_healed":0.0,"max_hp_gain":0.0,"max_hp_loss":0.0,"gold_gain":0.0,"event_name":"Purifier","player_choice":"Purged","floor":21.0,"gold_loss":0.0,"damage_taken":0.0},{"cards_removed":["Strike_B"],"damage_healed":0.0,"max_hp_gain":0.0,"max_hp_loss":0.0,"gold_gain":0.0,"event_name":"Beggar","player_choice":"Gave Gold","floor":30.0,"gold_loss":75.0,"damage_taken":0.0},{"damage_healed":0.0,"max_hp_gain":0.0,"max_hp_loss":4.0,"gold_gain":0.0,"event_name":"Winding Halls","player_choice":"Max HP","floor":36.0,"gold_loss":0.0,"damage_taken":0.0},{"damage_healed":0.0,"max_hp_gain":0.0,"max_hp_loss":0.0,"gold_gain":0.0,"event_name":"Accursed Blacksmith","player_choice":"Rummage","floor":38.0,"gold_loss":0.0,"damage_taken":0.0,"relics_obtained":["WarpedTongs"],"cards_obtained":["Pain"]},{"cards_removed":["Doom and Gloom"],"damage_healed":0.0,"max_hp_gain":0.0,"max_hp_loss":0.0,"gold_gain":0.0,"event_name":"Falling","player_choice":"Removed Attack","floor":39.0,"gold_loss":0.0,"damage_taken":0.0},{"damage_healed":0.0,"max_hp_gain":0.0,"max_hp_loss":0.0,"gold_gain":0.0,"event_name":"MindBloom","player_choice":"Fight","floor":48.0,"gold_loss":0.0,"damage_taken":0.0}],"is_beta":false,"boss_relics":[{"not_picked":["Calling Bell","Orrery"],"picked":"Snecko Eye"},{"not_picked":["Cursed Key","Busted Crown"],"picked":"Inserter"}],"items_purged_floors":[22,46,54],"is_endless":false,"potions_floor_spawned":[1,13,16,18,25,28,31,40,42,44,48],"ascension_level":20}