{"gold_per_floor":[110,110,110,125,125,150,170,170,170,186,196,196,216,141,141,218,218,236,286,306,221,221,221,255,255,255,269,269,288,238,248,248,248],"floor_reached":33,"playtime":1081,"items_purged":["Regret"],"score":584,"play_id":"02765f7b-0ab3-4616-a201-7ece5e2e9888","local_time":"20190406200837","is_ascension_mode":true,"campfire_choices":[{"data":"Bash","floor":8.0,"key":"SMITH"},{"data":"Body Slam","floor":12.0,"key":"SMITH"},{"data":"Rampage","floor":15.0,"key":"SMITH"},{"data":"Entrench","floor":23.0,"key":"SMITH"},{"data":"Dark Embrace","floor":25.0,"key":"SMITH"},{"data":"Pommel Strike","floor":28.0,"key":"SMITH"},{"floor":32,"key":"REST"}],"neow_cost":"NONE","seed_source_timestamp":722976748521600,"circlet_count":0,"master_deck":["AscendersBane","Strike_R","Strike_R","Defend_R","Defend_R","Defend_R","Defend_R","Bash+1","Second Wind","Impervious","Body Slam+1","Rampage+1","Entrench+1","Dark Embrace+1","Pommel Strike+1","Armaments+1","Pommel Strike","Shockwave+1"],"special_seed":0,"relics":["Burning Blood","NeowsBlessing","Sundial","Ice Cream","Regal Pillow","Happy Flower","Empty Cage","Magic Flower","Ginger"],"potions_floor_usage":[],"damage_taken":[{"damage":0.0,"enemies":"2 Louse","floor":1.0,"turns":1.0},{"damage":0.0,"enemies":"Jaw Worm","floor":4.0,"turns":1.0},{"damage":0.0,"enemies":"Lagavulin","floor":6.0,"turns":1.0},{"damage":1.0,"enemies":"Cultist","floor":7.0,"turns":4.0},{"damage":10.0,"enemies":"2 Fungi Beasts","floor":10.0,"turns":5.0},{"damage":11.0,"enemies":"Lots of Slimes","floor":11.0,"turns":5.0},{"damage":9.0,"enemies":"3 Louse","floor":13.0,"turns":5.0},{"damage":50.0,"enemies":"The Guardian","floor":16.0,"turns":11.0},{"damage":23.0,"enemies":"2 Thieves","floor":18.0,"turns":4.0},{"damage":13.0,"enemies":"Chosen","floor":20.0,"turns":4.0},{"damage":18.0,"enemies":"Gremlin Leader","floor":24.0,"turns":8.0},{"damage":28.0,"enemies":"Sentry and Sphere","floor":27.0,"turns":6.0},{"damage":19,"enemies":"Centurion and Healer","floor":29,"turns":7},{"damage":7,"enemies":"Cultist and Chosen","floor":31,"turns":5},{"damage":85,"enemies":"Collector","floor":33,"turns":8}],"seed_played":"-8080391843561640514","potions_obtained":[{"floor":4.0,"key":"GamblersBrew"},{"floor":10.0,"key":"BloodPotion"},{"floor":11.0,"key":"BloodPotion"},{"floor":16.0,"key":"Explosive Potion"},{"floor":18.0,"key":"Regen Potion"},{"floor":20.0,"key":"Strength Potion"},{"floor":29,"key":"Ancient Potion"}],"is_trial":false,"path_per_floor":["M","?","?","M","?","E","M","R","T","M","M","R","M","$","R","B",null,"M","?","M","?","?","R","E","R","T","M","R","M","?","M","R","B"],"character_chosen":"IRONCLAD","items_purchased":[],"campfire_rested":1,"item_purchase_floors":[],"current_hp_per_floor":[74,74,74,75,75,75,75,75,75,71,66,66,70,70,70,33,65,48,48,53,53,53,53,44,44,44,25,25,15,15,17,54,0],"gold":248,"neow_bonus":"THREE_ENEMY_KILL","is_prod":false,"is_daily":false,"chose_seed":false,"campfire_upgraded":6,"win_rate":0,"timestamp":1554548917,"path_taken":["M","?","?","?","?","E","M","R","T","?","?","R","M","$","R","BOSS","M","?","M","?","?","R","E","R","T","M","R","M","?","?","R","BOSS"],"build_version":"2019-01-23","purchased_purges":1,"victory":false,"max_hp_per_floor":[75,75,75,75,75,75,75,75,75,75,75,75,75,75,75,75,75,75,75,75,75,75,75,75,75,75,75,75,75,75,75,75,75],"card_choices":[{"not_picked":["Clothesline","Thunderclap","Uppercut"],"picked":"SKIP","floor":1.0},{"not_picked":["Anger","Pommel Strike","Warcry"],"picked":"SKIP","floor":4.0},{"not_picked":["Havoc","Inflame","Flame Barrier"],"picked":"SKIP","floor":6.0},{"not_picked":["True Grit","Infernal Blade"],"picked":"Impervious","floor":7.0},{"not_picked":["Rupture","Second Wind"],"picked":"Body Slam","floor":10.0},{"not_picked":["Perfected Strike","Warcry"],"picked":"Rampage","floor":11.0},{"not_picked":["Iron Wave","Sentinel"],"picked":"Entrench","floor":13.0},{"not_picked":["Brutality","Exhume"],"picked":"Dark Embrace","floor":16.0},{"not_picked":["Iron Wave+1","Anger"],"picked":"Pommel Strike","floor":18.0},{"not_picked":["Pommel Strike","Perfected Strike","Twin Strike"],"picked":"SKIP","floor":20.0},{"not_picked":["Pommel Strike","Perfected Strike","Twin Strike"],"picked":"SKIP","floor":20.0},{"not_picked":["Clothesline","Twin Strike"],"picked":"Armaments+1","floor":24.0},{"not_picked":["Pommel Strike","Blood for Blood","Clothesline+1"],"picked":"SKIP","floor":27.0},{"not_picked":["Blood for Blood","Clothesline+1"],"picked":"Pommel Strike","floor":27.0},{"not_picked":["Body Slam","Clothesline"],"picked":"Shockwave+1","floor":29},{"not_picked":["Thunderclap+1","Hemokinesis","Berserk"],"picked":"SKIP","floor":31}],"player_experience":2922770,"relics_obtained":[{"floor":6.0,"key":"Regal Pillow"},{"floor":9.0,"key":"Happy Flower"},{"floor":24.0,"key":"Ginger"}],"event_choices":[{"damage_healed":0.0,"max_hp_gain":0.0,"max_hp_loss":0.0,"gold_gain":0.0,"event_name":"Big Fish","player_choice":"Box","floor":2.0,"gold_loss":0.0,"damage_taken":0.0,"relics_obtained":["Sundial"],"cards_obtained":["Regret"]},{"damage_healed":0.0,"max_hp_gain":0.0,"max_hp_loss":0.0,"gold_gain":0.0,"cards_transformed":["Strike_R"],"event_name":"Transmorgrifier","player_choice":"Transformed","floor":3.0,"gold_loss":0.0,"damage_taken":0.0,"cards_obtained":["Second Wind"]},{"damage_healed":0.0,"max_hp_gain":0.0,"max_hp_loss":0.0,"gold_gain":0.0,"event_name":"WeMeetAgain","player_choice":"Gave Potion","floor":5.0,"gold_loss":0.0,"damage_taken":0.0,"relics_obtained":["Ice Cream"]},{"damage_healed":0.0,"max_hp_gain":0.0,"max_hp_loss":0.0,"gold_gain":50.0,"event_name":"Nest","player_choice":"Stole From Cult","floor":19.0,"gold_loss":0.0,"damage_taken":0.0},{"damage_healed":0.0,"max_hp_gain":0.0,"max_hp_loss":0.0,"gold_gain":0.0,"event_name":"Addict","player_choice":"Obtained Relic","floor":21.0,"gold_loss":85.0,"damage_taken":0.0,"relics_obtained":["Magic Flower"]},{"damage_healed":0.0,"max_hp_gain":0.0,"max_hp_loss":0.0,"gold_gain":0.0,"event_name":"Vampires","player_choice":"Ignored","floor":22.0,"gold_loss":0.0,"damage_taken":0.0},{"damage_healed":0,"gold_gain":0,"player_choice":"Bet on Murderer","damage_taken":0,"max_hp_gain":0,"max_hp_loss":0,"event_name":"The Joust","floor":30,"gold_loss":50}],"is_beta":false,"boss_relics":[{"not_picked":["Sozu","Lizard Tail"],"picked":"Empty Cage"}],"items_purged_floors":[14],"is_endless":false,"potions_floor_spawned":[4,10,11,16,18,20,29],"killed_by":"Collector","ascension_level":20}