{"gold_per_floor":[112,262,337,355,355,380,380,415,470,485,6,19,19,39,39,113,113,131,131,131,131,147,147,180,180,229,229,239,77,2,29,29,29],"floor_reached":33,"playtime":848,"items_purged":["Defend_B"],"score":632,"play_id":"70b56103-22c1-48ae-a570-69bcfcb5d1ff","local_time":"20190222225731","is_ascension_mode":true,"campfire_choices":[{"data":"Zap","floor":7.0,"key":"SMITH"},{"data":"Streamline","floor":15.0,"key":"SMITH"},{"data":"Electrodynamics","floor":23.0,"key":"SMITH"},{"data":"Blizzard","floor":25.0,"key":"SMITH"},{"data":"Chill","floor":27.0,"key":"SMITH"},{"data":"Defragment","floor":32.0,"key":"SMITH"}],"neow_cost":"NONE","seed_source_timestamp":212332245305800,"circlet_count":0,"master_deck":["AscendersBane","Strike_B","Strike_B","Strike_B","Defend_B","Defend_B","Zap+1","Dualcast","Cold Snap","Self Repair","Cold Snap","Panacea","Streamline+1","Hello World","Electrodynamics+1","Chill+1","Leap","Blizzard+1","Self Repair","Defragment+1"],"special_seed":0,"relics":["Cracked Core","NeowsBlessing","Bag of Marbles","Oddly Smooth Stone","Tiny Chest","FossilizedHelix","Coffee Dripper","Shuriken","Omamori","Smiling Mask"],"potions_floor_usage":[],"damage_taken":[{"damage":0.0,"enemies":"2 Louse","floor":1.0,"turns":1.0},{"damage":0.0,"enemies":"Jaw Worm","floor":4.0,"turns":1.0},{"damage":0.0,"enemies":"Lagavulin","floor":6.0,"turns":1.0},{"damage":31.0,"enemies":"3 Sentries","floor":8.0,"turns":10.0},{"damage":0.0,"enemies":"Small Slimes","floor":10.0,"turns":2.0},{"damage":0.0,"enemies":"Blue Slaver","floor":12.0,"turns":2.0},{"damage":0.0,"enemies":"Red Slaver","floor":14.0,"turns":3.0},{"damage":2.0,"enemies":"Hexaghost","floor":16.0,"turns":9.0},{"damage":26.0,"enemies":"2 Thieves","floor":18.0,"turns":4.0},{"damage":0.0,"enemies":"Chosen","floor":22.0,"turns":4.0},{"damage":22.0,"enemies":"Gremlin Leader","floor":24.0,"turns":5.0},{"damage":0.0,"enemies":"Centurion and Healer","floor":28.0,"turns":5.0},{"damage":25.0,"enemies":"Book of Stabbing","floor":31.0,"turns":5.0},{"damage":45,"enemies":"Automaton","floor":33,"turns":6}],"seed_played":"-1574578201610264284","potions_obtained":[{"floor":6.0,"key":"EssenceOfSteel"},{"floor":8.0,"key":"SteroidPotion"},{"floor":12.0,"key":"Energy Potion"},{"floor":18.0,"key":"Poison Potion"},{"floor":28.0,"key":"AttackPotion"}],"is_trial":false,"path_per_floor":["M","?","?","M","?","E","R","E","T","M","$","M","$","M","R","B",null,"M","T","?","?","M","R","E","R","T","R","M","$","?","E","R","B"],"character_chosen":"DEFECT","items_purchased":["FossilizedHelix","Panacea","Streamline","Defragment"],"campfire_rested":0,"item_purchase_floors":[11,11,11,29],"current_hp_per_floor":[64,64,53,53,53,53,53,22,22,22,22,22,22,29,29,34,62,43,43,43,43,50,50,35,35,35,35,42,42,42,31,31,0],"gold":29,"neow_bonus":"THREE_ENEMY_KILL","is_prod":false,"is_daily":false,"chose_seed":false,"campfire_upgraded":6,"win_rate":0,"timestamp":1550843851,"path_taken":["M","?","?","M","?","E","R","E","T","M","$","M","?","?","R","BOSS","M","?","?","?","?","R","E","R","T","R","M","$","?","E","R","BOSS"],"build_version":"2019-01-23","purchased_purges":1,"victory":false,"max_hp_per_floor":[71,71,71,71,71,71,71,71,71,71,71,71,71,71,71,71,71,71,71,71,71,71,71,71,71,71,71,71,71,71,71,71,71],"card_choices":[{"not_picked":["Stack","Storm","Compile Driver"],"picked":"SKIP","floor":1.0},{"not_picked":["Static Discharge","Force Field","Hologram"],"picked":"SKIP","floor":4.0},{"not_picked":["Gash","Rip and Tear"],"picked":"Cold Snap","floor":6.0},{"not_picked":["FTL","Melter"],"picked":"Self Repair","floor":8.0},{"not_picked":["Sunder","Force Field"],"picked":"Cold Snap","floor":10.0},{"not_picked":["Redo","Turbo"],"picked":"Hello World","floor":12.0},{"not_picked":["Rebound","Redo","Ball Lightning"],"picked":"SKIP","floor":14.0},{"not_picked":["Fission","Machine Learning"],"picked":"Electrodynamics","floor":16.0},{"not_picked":["Heatsinks+1","Stack","Rebound"],"picked":"SKIP","floor":18.0},{"not_picked":["Barrage","Doom and Gloom","Leap"],"picked":"SKIP","floor":22.0},{"not_picked":["Barrage","Doom and Gloom","Leap"],"picked":"SKIP","floor":22.0},{"not_picked":["Gash","Steam"],"picked":"Blizzard","floor":24.0},{"not_picked":["Ball Lightning","Turbo"],"picked":"Self Repair","floor":28.0},{"not_picked":["Rebound","Double Energy","Steam+1"],"picked":"SKIP","floor":31.0}],"player_experience":1750055,"relics_obtained":[{"floor":6.0,"key":"Bag of Marbles"},{"floor":8.0,"key":"Oddly Smooth Stone"},{"floor":9.0,"key":"Tiny Chest"},{"floor":19.0,"key":"Shuriken"},{"floor":24.0,"key":"Omamori"},{"floor":31.0,"key":"Smiling Mask"}],"event_choices":[{"damage_healed":0.0,"max_hp_gain":0.0,"max_hp_loss":0.0,"gold_gain":150.0,"event_name":"Liars Game","player_choice":"AGREE","floor":2.0,"gold_loss":0.0,"damage_taken":0.0,"cards_obtained":["Doubt"]},{"damage_healed":0.0,"max_hp_gain":0.0,"max_hp_loss":0.0,"gold_gain":75.0,"event_name":"World of Goop","player_choice":"Gather Gold","floor":3.0,"gold_loss":0.0,"damage_taken":11.0},{"cards_removed":["Doubt"],"damage_healed":0.0,"max_hp_gain":0.0,"max_hp_loss":0.0,"gold_gain":0.0,"event_name":"Living Wall","player_choice":"Forget","floor":5.0,"gold_loss":0.0,"damage_taken":0.0},{"damage_healed":0.0,"max_hp_gain":0.0,"max_hp_loss":0.0,"gold_gain":0.0,"event_name":"The Library","player_choice":"Read","floor":20.0,"gold_loss":0.0,"damage_taken":0.0,"cards_obtained":["Chill"]},{"damage_healed":0.0,"max_hp_gain":0.0,"max_hp_loss":0.0,"gold_gain":0.0,"cards_transformed":["Defend_B"],"event_name":"Transmorgrifier","player_choice":"Transformed","floor":21.0,"gold_loss":0.0,"damage_taken":0.0,"cards_obtained":["Leap"]},{"cards_removed":["Strike_B"],"damage_healed":0.0,"max_hp_gain":0.0,"max_hp_loss":0.0,"gold_gain":0.0,"event_name":"Beggar","player_choice":"Gave Gold","floor":30.0,"gold_loss":75.0,"damage_taken":0.0}],"is_beta":false,"boss_relics":[{"not_picked":["Fusion Hammer","Busted Crown"],"picked":"Coffee Dripper"}],"items_purged_floors":[29],"is_endless":false,"potions_floor_spawned":[6,8,12,18,28],"killed_by":"Automaton","ascension_level":20}