{"gold_per_floor":[116,126,126,143,143,181,181,201,201,201,235,260,283,321,321,321],"floor_reached":16,"playtime":389,"items_purged":[],"score":224,"play_id":"f861d1c2-fbca-4750-b645-964567004f35","local_time":"20190314143505","is_ascension_mode":true,"campfire_choices":[{"data":"Carnage","floor":7,"key":"SMITH"},{"data":"Second Wind","floor":15,"key":"SMITH"}],"neow_cost":"NONE","seed_source_timestamp":16143195742800,"circlet_count":0,"master_deck":["AscendersBane","Strike_R","Strike_R","Strike_R","Strike_R","Defend_R","Defend_R","Defend_R","Defend_R","Bash","Carnage+1","Second Wind+1","Battle Trance","Power Through","Ghostly Armor","Spot Weakness"],"relics":["Burning Blood","NeowsBlessing","Golden Idol","Ancient Tea Set","Centennial Puzzle","Frozen Egg 2","Odd Mushroom"],"potions_floor_usage":[6,6,11,16],"damage_taken":[{"damage":0,"enemies":"Cultist","floor":1,"turns":1},{"damage":0,"enemies":"2 Louse","floor":2,"turns":2},{"damage":0,"enemies":"Small Slimes","floor":4,"turns":1},{"damage":26,"enemies":"Gremlin Nob","floor":6,"turns":4},{"damage":0,"enemies":"2 Fungi Beasts","floor":8,"turns":2},{"damage":15,"enemies":"3 Sentries","floor":11,"turns":7},{"damage":8,"enemies":"Blue Slaver","floor":12,"turns":4},{"damage":3,"enemies":"3 Louse","floor":13,"turns":4},{"damage":3,"enemies":"The Mushroom Lair","floor":14,"turns":4},{"damage":31,"enemies":"The Guardian","floor":16,"turns":6}],"seed_played":"751491113694643066","potions_obtained":[{"floor":1,"key":"BloodPotion"},{"floor":2,"key":"Swift Potion"},{"floor":8,"key":"AttackPotion"},{"floor":11,"key":"SpeedPotion"}],"is_trial":false,"path_per_floor":["M","M","?","M","?","E","R","M","T","?","E","M","M","?","R","B"],"character_chosen":"IRONCLAD","items_purchased":[],"campfire_rested":0,"item_purchase_floors":[],"current_hp_per_floor":[74,75,68,74,48,35,35,41,41,41,32,30,33,36,36,5],"gold":321,"neow_bonus":"THREE_ENEMY_KILL","is_prod":false,"is_daily":false,"chose_seed":false,"campfire_upgraded":2,"win_rate":0,"timestamp":1552541705,"path_taken":["M","?","?","M","?","E","R","M","T","?","E","M","?","?","R","BOSS"],"build_version":"2019-01-23","purchased_purges":0,"victory":false,"max_hp_per_floor":[75,75,75,75,75,75,75,75,75,75,75,75,75,75,75,75],"card_choices":[{"not_picked":["Metallicize","True Grit"],"picked":"Carnage","floor":1},{"not_picked":["Clash","Body Slam"],"picked":"Second Wind","floor":2},{"not_picked":["Dual Wield","Heavy Blade","Body Slam"],"picked":"SKIP","floor":4},{"not_picked":["Armaments","Dual Wield","Warcry"],"picked":"SKIP","floor":6},{"not_picked":["Burning Pact","Dual Wield"],"picked":"Battle Trance","floor":8},{"not_picked":["Clash","Heavy Blade"],"picked":"Power Through","floor":11},{"not_picked":["Anger","Sever Soul"],"picked":"Ghostly Armor","floor":12},{"not_picked":["Cleave","Perfected Strike","Headbutt"],"picked":"SKIP","floor":13},{"not_picked":["Battle Trance","Thunderclap"],"picked":"Spot Weakness","floor":14}],"player_experience":2266234,"relics_obtained":[{"floor":6,"key":"Ancient Tea Set"},{"floor":9,"key":"Centennial Puzzle"},{"floor":11,"key":"Frozen Egg 2"},{"floor":14,"key":"Odd Mushroom"}],"event_choices":[{"cards_removed":["Strike_R"],"damage_healed":0,"gold_gain":0,"player_choice":"Card Removal","damage_taken":7,"max_hp_gain":0,"max_hp_loss":0,"event_name":"Golden Wing","floor":3,"gold_loss":0},{"damage_healed":0,"gold_gain":0,"player_choice":"Take Damage","damage_taken":26,"relics_obtained":["Golden Idol"],"max_hp_gain":0,"max_hp_loss":0,"event_name":"Golden Idol","floor":5,"gold_loss":0},{"damage_healed":0,"gold_gain":0,"player_choice":"Ignored","damage_taken":0,"max_hp_gain":0,"max_hp_loss":0,"event_name":"Liars Game","floor":10,"gold_loss":0},{"damage_healed":0,"gold_gain":0,"player_choice":"Fought Mushrooms","damage_taken":0,"max_hp_gain":0,"max_hp_loss":0,"event_name":"Mushrooms","floor":14,"gold_loss":0}],"is_beta":false,"boss_relics":[],"items_purged_floors":[],"is_endless":false,"potions_floor_spawned":[1,2,8,11],"killed_by":"The Guardian","ascension_level":20}