{"gold_per_floor":[109,120,15,31,31,31,74,39,86,126,151,151,151,192,192,282,282,297,297,164,183,20,360,360,360,360,374,374,374,374,385,385,456,456,470,470,486,270,270,302,302,321,347,347,347,347,363,376,376,376,376,376,376,32,32],"floor_reached":55,"playtime":2504,"items_purged":["Defend_B","Defend_B","Sunder"],"score":1891,"play_id":"e7202d67-8c9e-426c-a4a0-e8fa611184e5","local_time":"20190224135958","is_ascension_mode":true,"campfire_choices":[{"data":"Barrage","floor":6.0,"key":"SMITH"},{"data":"Gash","floor":13.0,"key":"SMITH"},{"data":"Seek","floor":15.0,"key":"SMITH"},{"floor":24.0,"key":"REST"},{"data":"Defragment","floor":30.0,"key":"SMITH"},{"data":"Capacitor","floor":32.0,"key":"SMITH"},{"data":"Defragment","floor":41.0,"key":"SMITH"},{"data":"Blizzard","floor":46.0,"key":"SMITH"},{"floor":49.0,"key":"RECALL"},{"data":"Capacitor","floor":53,"key":"SMITH"}],"neow_cost":"NONE","seed_source_timestamp":0,"circlet_count":0,"master_deck":["AscendersBane","Zap+1","Dualcast+1","Gash+1","Cold Snap","Barrage+1","Cold Snap","Seek+1","Cold Snap","Defragment+1","Bandage Up","Coolheaded","Capacitor+1","Reinforced Body","Chill","Capacitor+1","Bite","Bite","Bite","Bite","Bite","Leap","Glacier","Echo Form","Blizzard+1","Chill+1","Coolheaded","Turbo","Defragment+1","Panacea","White Noise+1","Defragment+1","Stack"],"special_seed":0,"relics":["Cracked Core","Bag of Preparation","Bloody Idol","War Paint","Anchor","Centennial Puzzle","Juzu Bracelet","Sozu","Prayer Wheel","Old Coin","Thread and Needle","Empty Cage","The Courier","Regal Pillow","Cables"],"potions_floor_usage":[],"damage_taken":[{"damage":0.0,"enemies":"Cultist","floor":1.0,"turns":3.0},{"damage":11.0,"enemies":"Small Slimes","floor":2.0,"turns":4.0},{"damage":2.0,"enemies":"Jaw Worm","floor":4.0,"turns":3.0},{"damage":19.0,"enemies":"Lagavulin","floor":7.0,"turns":6.0},{"damage":1.0,"enemies":"Gremlin Nob","floor":10.0,"turns":3.0},{"damage":0.0,"enemies":"Exordium Wildlife","floor":11.0,"turns":2.0},{"damage":2.0,"enemies":"3 Sentries","floor":14.0,"turns":6.0},{"damage":17.0,"enemies":"Hexaghost","floor":16.0,"turns":9.0},{"damage":3.0,"enemies":"2 Thieves","floor":18.0,"turns":2.0},{"damage":5.0,"enemies":"Spheric Guardian","floor":21.0,"turns":3.0},{"damage":54.0,"enemies":"Slavers","floor":23.0,"turns":5.0},{"damage":18.0,"enemies":"Chosen and Byrds","floor":27.0,"turns":4.0},{"damage":0.0,"enemies":"Snake Plant","floor":31.0,"turns":10.0},{"damage":22.0,"enemies":"Champ","floor":33.0,"turns":17.0},{"damage":0.0,"enemies":"Orb Walker","floor":35.0,"turns":5.0},{"damage":4.0,"enemies":"3 Darklings","floor":37.0,"turns":4.0},{"damage":0.0,"enemies":"Jaw Worm Horde","floor":39.0,"turns":2.0},{"damage":24.0,"enemies":"Reptomancer","floor":40.0,"turns":9.0},{"damage":4.0,"enemies":"Spire Growth","floor":42.0,"turns":6.0},{"damage":34.0,"enemies":"3 Darklings","floor":47.0,"turns":12.0},{"damage":0.0,"enemies":"Writhing Mass","floor":48.0,"turns":11.0},{"damage":47,"enemies":"Awakened One","floor":50,"turns":16},{"damage":0,"enemies":"Donu and Deca","floor":51,"turns":12},{"damage":66,"enemies":"Shield and Spear","floor":55,"turns":3}],"seed_played":"6595340082049751679","potions_obtained":[{"floor":2.0,"key":"GamblersBrew"},{"floor":4.0,"key":"AttackPotion"},{"floor":10.0,"key":"FocusPotion"},{"floor":12.0,"key":"Fruit Juice"},{"floor":12.0,"key":"SmokeBomb"}],"is_trial":false,"path_per_floor":["M","M","$","M","?","R","E","?","T","E","M","?","R","E","R","B",null,"M","?","$","M","$","E","R","?","T","M","?","?","R","M","R","B",null,"M","T","M","$","M","E","R","M","T","?","?","R","M","M","R","B","B",null,"R","$","E"],"character_chosen":"DEFECT","items_purchased":["Cold Snap","AttackPotion","Defragment","Bandage Up","Capacitor","Defragment","Panacea","Cables","Stack"],"campfire_rested":1,"item_purchase_floors":[3,3,20,20,22,38,38,54,54],"current_hp_per_floor":[64,53,53,51,51,51,32,48,48,47,47,52,52,50,50,33,60,57,57,57,56,56,6,26,26,26,17,17,17,17,48,48,37,45,48,48,48,48,48,47,47,48,48,58,58,58,58,58,58,58,58,58,58,58,0],"gold":32,"neow_bonus":"RANDOM_COMMON_RELIC","is_prod":false,"is_daily":false,"chose_seed":false,"campfire_upgraded":8,"win_rate":0,"timestamp":1550984398,"path_taken":["M","M","?","M","?","R","E","?","T","E","?","?","R","E","R","BOSS","M","?","$","M","$","E","R","?","T","M","?","?","R","M","R","BOSS","M","?","M","$","M","E","R","M","T","?","?","R","M","M","R","BOSS","BOSS","R","$","E"],"build_version":"2019-01-23","purchased_purges":3,"victory":false,"max_hp_per_floor":[71,71,71,71,64,64,64,64,64,64,64,69,69,69,69,69,69,69,69,69,69,69,69,69,69,69,69,48,48,48,48,48,48,48,48,48,48,48,48,48,48,48,48,58,58,58,58,58,58,58,58,58,58,58,58],"card_choices":[{"not_picked":["Sweeping Beam","Leap"],"picked":"Gash","floor":1.0},{"not_picked":["Compile Driver","Rebound","Turbo"],"picked":"SKIP","floor":2.0},{"not_picked":["Redo","Turbo"],"picked":"Barrage","floor":4.0},{"not_picked":["Streamline","Reinforced Body"],"picked":"Cold Snap","floor":7.0},{"not_picked":["Go for the Eyes","Doom and Gloom","Scrape"],"picked":"SKIP","floor":10.0},{"not_picked":["Stack","Barrage"],"picked":"Seek","floor":11.0},{"not_picked":["Fusion","Rebound"],"picked":"Cold Snap","floor":14.0},{"not_picked":["Core Surge","Hyperbeam"],"picked":"Electrodynamics","floor":16.0},{"not_picked":["Reprogram","Fusion"],"picked":"Sunder","floor":18.0},{"not_picked":["Stack","Force Field"],"picked":"Coolheaded","floor":21.0},{"not_picked":["Compile Driver","Streamline","Storm"],"picked":"SKIP","floor":21.0},{"not_picked":["Genetic Algorithm","Compile Driver"],"picked":"Reinforced Body","floor":23.0},{"not_picked":["Turbo","Streamline"],"picked":"Chill","floor":27.0},{"not_picked":["Barrage","Beam Cell"],"picked":"Capacitor","floor":27.0},{"not_picked":["Steam","Stack"],"picked":"Glacier","floor":31.0},{"not_picked":["Leap","Lockon","Streamline"],"picked":"SKIP","floor":31.0},{"not_picked":["Fission","Core Surge"],"picked":"Echo Form","floor":33.0},{"not_picked":["Conserve Battery","Chill"],"picked":"Blizzard","floor":35.0},{"not_picked":["Redo","Compile Driver"],"picked":"Chill+1","floor":35.0},{"not_picked":["Amplify","Compile Driver"],"picked":"Coolheaded","floor":37.0},{"not_picked":["Redo+1","Turbo","Stack"],"picked":"SKIP","floor":37.0},{"not_picked":["Redo+1","Stack"],"picked":"Turbo","floor":37.0},{"not_picked":["Streamline+1","Ball Lightning","Sweeping Beam"],"picked":"SKIP","floor":40.0},{"not_picked":["Ball Lightning+1","Barrage"],"picked":"White Noise+1","floor":42.0},{"not_picked":["Redo","Steam","Genetic Algorithm"],"picked":"SKIP","floor":42.0},{"not_picked":["Redo","Go for the Eyes","Stack+1"],"picked":"SKIP","floor":47.0},{"not_picked":["Chaos","Cold Snap","Go for the Eyes"],"picked":"SKIP","floor":47.0},{"not_picked":["Hologram+1","Hello World","Stack"],"picked":"SKIP","floor":48.0},{"not_picked":["Stack","Chaos+1","Rebound+1"],"picked":"SKIP","floor":48.0}],"player_experience":1791129,"relics_obtained":[{"floor":7.0,"key":"War Paint"},{"floor":9.0,"key":"Anchor"},{"floor":10.0,"key":"Centennial Puzzle"},{"floor":14.0,"key":"Juzu Bracelet"},{"floor":19.0,"key":"Prayer Wheel"},{"floor":23.0,"key":"Old Coin"},{"floor":26.0,"key":"Thread and Needle"},{"floor":36.0,"key":"The Courier"},{"floor":40.0,"key":"Regal Pillow"}],"event_choices":[{"damage_healed":0.0,"max_hp_gain":0.0,"max_hp_loss":7.0,"gold_gain":0.0,"event_name":"Golden Idol","player_choice":"Lose Max HP","floor":5.0,"gold_loss":0.0,"damage_taken":0.0,"relics_obtained":["Golden Idol"]},{"damage_healed":16.0,"max_hp_gain":0.0,"max_hp_loss":0.0,"gold_gain":0.0,"event_name":"The Cleric","player_choice":"Healed","floor":8.0,"gold_loss":35.0,"damage_taken":0.0},{"damage_healed":0.0,"max_hp_gain":0.0,"max_hp_loss":0.0,"gold_gain":0.0,"event_name":"Lab","player_choice":"Got Potions","floor":12.0,"gold_loss":0.0,"damage_taken":0.0},{"damage_healed":0.0,"max_hp_gain":0.0,"max_hp_loss":0.0,"gold_gain":0.0,"event_name":"Wheel of Change","player_choice":"Relic","floor":19.0,"gold_loss":0.0,"damage_taken":0.0},{"damage_healed":0.0,"max_hp_gain":0.0,"max_hp_loss":0.0,"gold_gain":0.0,"event_name":"Forgotten Altar","player_choice":"Gave Idol","floor":25.0,"relics_lost":["Golden Idol"],"gold_loss":0.0,"damage_taken":0.0,"relics_obtained":["Bloody Idol"]},{"damage_healed":0.0,"max_hp_gain":0.0,"max_hp_loss":21.0,"gold_gain":0.0,"event_name":"Vampires","player_choice":"Became a vampire","floor":28.0,"gold_loss":0.0,"damage_taken":0.0,"cards_obtained":["Bite","Bite","Bite","Bite","Bite"]},{"damage_healed":0.0,"max_hp_gain":0.0,"max_hp_loss":0.0,"gold_gain":0.0,"event_name":"Match and Keep!","player_choice":"1 cards matched","floor":29.0,"gold_loss":0.0,"damage_taken":0.0,"cards_obtained":["Leap"]},{"cards_removed":["Electrodynamics"],"damage_healed":0.0,"max_hp_gain":10.0,"max_hp_loss":0.0,"gold_gain":0.0,"event_name":"Bonfire Elementals","player_choice":"Offered Rare","floor":44.0,"gold_loss":0.0,"damage_taken":0.0},{"damage_healed":0.0,"max_hp_gain":0.0,"max_hp_loss":0.0,"gold_gain":0.0,"event_name":"Duplicator","player_choice":"Copied","floor":45.0,"gold_loss":0.0,"damage_taken":0.0,"cards_obtained":["Defragment"]}],"is_beta":false,"boss_relics":[{"not_picked":["Lizard Tail","Pandora\u0027s Box"],"picked":"Sozu"},{"not_picked":["Eternal Feather","Philosopher\u0027s Stone"],"picked":"Empty Cage"}],"items_purged_floors":[22,38,54],"is_endless":false,"potions_floor_spawned":[2,4,10,18,21,35,39],"killed_by":"Shield and Spear","ascension_level":20}