{"gold_per_floor":[119,119,40,54,54,54,66,85,85,85,112,129,129,129,129,129],"floor_reached":16,"playtime":532,"items_purged":[],"score":200,"play_id":"c6f5bbb5-9915-4ff3-a18e-52a2eb8f451c","local_time":"20190417193802","is_ascension_mode":true,"campfire_choices":[{"data":"Consume","floor":6,"key":"SMITH"},{"data":"Static Discharge","floor":10,"key":"SMITH"},{"data":"Loop","floor":13,"key":"SMITH"},{"data":"Biased Cognition","floor":15,"key":"SMITH"}],"neow_cost":"NONE","seed_source_timestamp":142774619870000,"circlet_count":0,"master_deck":["AscendersBane","Strike_B","Strike_B","Strike_B","Strike_B","Defend_B","Defend_B","Defend_B","Defend_B","Zap","Dualcast","Self Repair","Cold Snap","Static Discharge+1","Coolheaded","Turbo","Consume+1","Biased Cognition+1","Cold Snap","Loop+1"],"relics":["Orrery","WarpedTongs","Meat on the Bone"],"potions_floor_usage":[16],"damage_taken":[{"damage":7,"enemies":"Small Slimes","floor":1,"turns":5},{"damage":7,"enemies":"Cultist","floor":4,"turns":3},{"damage":13,"enemies":"2 Louse","floor":7,"turns":4},{"damage":2,"enemies":"Exordium Wildlife","floor":8,"turns":5},{"damage":31,"enemies":"Lagavulin","floor":11,"turns":6},{"damage":8,"enemies":"2 Fungi Beasts","floor":12,"turns":3},{"damage":20,"enemies":"Hexaghost","floor":16,"turns":10}],"seed_played":"-2359989405272263998","potions_obtained":[{"floor":4,"key":"Swift Potion"},{"floor":7,"key":"Strength Potion"}],"is_trial":false,"path_per_floor":["M","?","$","M","$","R","M","M","T","R","E","M","R","?","R","B"],"character_chosen":"DEFECT","items_purchased":["Biased Cognition"],"campfire_rested":0,"item_purchase_floors":[3],"current_hp_per_floor":[64,64,64,64,64,64,58,63,63,63,32,46,46,39,39,19],"gold":129,"neow_bonus":"BOSS_RELIC","is_prod":false,"is_daily":false,"chose_seed":false,"campfire_upgraded":4,"win_rate":0,"timestamp":1555497482,"path_taken":["M","?","$","?","$","R","?","M","T","R","E","M","R","?","R","BOSS"],"build_version":"2019-01-23","purchased_purges":0,"victory":false,"max_hp_per_floor":[71,71,71,71,71,71,71,71,71,71,71,71,71,71,71,71],"card_choices":[{"not_picked":["Turbo","Ball Lightning"],"picked":"Self Repair","floor":0},{"not_picked":["Coolheaded","Sweeping Beam"],"picked":"Cold Snap","floor":0},{"not_picked":["Compile Driver","Redo"],"picked":"Static Discharge","floor":0},{"not_picked":["Stack","Genetic Algorithm"],"picked":"Coolheaded","floor":0},{"not_picked":["Barrage","Beam Cell"],"picked":"Turbo","floor":0},{"not_picked":["Core Surge","Go for the Eyes"],"picked":"Consume","floor":1},{"not_picked":["Storm","Stack"],"picked":"Cold Snap","floor":4},{"not_picked":["Leap","Sweeping Beam","Conserve Battery"],"picked":"SKIP","floor":7},{"not_picked":["Aggregate","Conserve Battery","Go for the Eyes"],"picked":"SKIP","floor":8},{"not_picked":["Lockon","Reprogram","Redo"],"picked":"SKIP","floor":11},{"not_picked":["Stack","Chaos"],"picked":"Loop","floor":12}],"player_experience":3202162,"relics_obtained":[{"floor":11,"key":"Meat on the Bone"}],"event_choices":[{"damage_healed":0,"gold_gain":0,"player_choice":"Rummage","damage_taken":0,"relics_obtained":["WarpedTongs"],"max_hp_gain":0,"max_hp_loss":0,"event_name":"Accursed Blacksmith","floor":2,"gold_loss":0,"cards_obtained":["Pain"]},{"cards_removed":["Pain"],"damage_healed":0,"gold_gain":0,"player_choice":"Card Removal","damage_taken":7,"max_hp_gain":0,"max_hp_loss":0,"event_name":"Golden Wing","floor":14,"gold_loss":0}],"is_beta":false,"boss_relics":[],"items_purged_floors":[],"is_endless":false,"potions_floor_spawned":[4,7],"killed_by":"Hexaghost","ascension_level":20}