{"gold_per_floor":[111,72,87,87,87,87,107,107,107,67,85,113,113,132,132,208,208,222,222,236,251,251,251,5,5],"floor_reached":25,"playtime":547,"items_purged":["Strike_R"],"score":402,"play_id":"895607c7-25cd-4de9-8838-211ad6a4f69e","local_time":"20190418163720","is_ascension_mode":true,"campfire_choices":[{"data":"Bash","floor":6,"key":"SMITH"},{"data":"Sword Boomerang","floor":8,"key":"SMITH"},{"data":"Armaments","floor":13,"key":"SMITH"},{"data":"Disarm","floor":15,"key":"SMITH"},{"data":"Limit Break","floor":23,"key":"SMITH"}],"neow_cost":"NONE","seed_source_timestamp":218318859286000,"circlet_count":0,"master_deck":["AscendersBane","Strike_R","Strike_R","Strike_R+1","Defend_R","Defend_R","Defend_R","Defend_R","Bash+1","Shrug It Off","Inflame+1","Sword Boomerang+1","Metallicize","Armaments+1","Disarm+1","Limit Break+1","Sword Boomerang+1","Feel No Pain"],"relics":["Burning Blood","NeowsBlessing","PreservedInsect","WingedGreaves","Velvet Choker","Regal Pillow"],"potions_floor_usage":[21,25,25],"damage_taken":[{"damage":0,"enemies":"Cultist","floor":1,"turns":1},{"damage":0,"enemies":"Small Slimes","floor":3,"turns":1},{"damage":0,"enemies":"2 Louse","floor":7,"turns":1},{"damage":3,"enemies":"Looter","floor":11,"turns":2},{"damage":8,"enemies":"Gremlin Nob","floor":12,"turns":3},{"damage":4,"enemies":"Red Slaver","floor":14,"turns":3},{"damage":20,"enemies":"The Guardian","floor":16,"turns":10},{"damage":8,"enemies":"Shell Parasite","floor":18,"turns":5},{"damage":24,"enemies":"Spheric Guardian","floor":20,"turns":5},{"damage":15,"enemies":"Centurion and Healer","floor":21,"turns":6},{"damage":53,"enemies":"Slavers","floor":25,"turns":3}],"seed_played":"6374319258611682327","potions_obtained":[{"floor":10,"key":"GamblersBrew"},{"floor":10,"key":"SkillPotion"},{"floor":21,"key":"Regen Potion"}],"is_trial":false,"path_per_floor":["M","$","M","?","?","R","M","R","T","?","M","E","R","M","R","B",null,"M","?","M","M","?","R","$","E"],"character_chosen":"IRONCLAD","items_purchased":["Inflame","Regal Pillow"],"campfire_rested":0,"item_purchase_floors":[2,24],"current_hp_per_floor":[74,74,75,52,52,52,58,58,58,58,61,59,59,61,61,47,68,66,66,48,39,39,39,39,0],"gold":5,"neow_bonus":"THREE_ENEMY_KILL","is_prod":false,"is_daily":false,"chose_seed":false,"campfire_upgraded":5,"win_rate":0,"timestamp":1555573040,"path_taken":["M","$","?","?","?","R","M","R","T","?","?","E","R","M","R","BOSS","M","?","M","?","?","R","$","E"],"build_version":"2019-01-23","purchased_purges":1,"victory":false,"max_hp_per_floor":[75,75,75,75,75,75,75,75,75,75,75,75,75,75,75,75,75,75,75,75,75,75,75,75,75],"card_choices":[{"not_picked":["Cleave","Blood for Blood"],"picked":"Shrug It Off","floor":1},{"not_picked":["Pommel Strike","Fire Breathing"],"picked":"Sword Boomerang","floor":3},{"not_picked":["Cleave","Havoc"],"picked":"Metallicize","floor":7},{"not_picked":["Armaments","Hemokinesis","Thunderclap"],"picked":"SKIP","floor":11},{"not_picked":["Hemokinesis","Thunderclap"],"picked":"Armaments","floor":11},{"not_picked":["Armaments","Spot Weakness"],"picked":"Disarm","floor":12},{"not_picked":["Flex","Clash","Warcry"],"picked":"SKIP","floor":14},{"not_picked":["Reaper","Brutality"],"picked":"Limit Break","floor":16},{"not_picked":["Headbutt","Warcry","Perfected Strike"],"picked":"SKIP","floor":18},{"not_picked":["Anger","Dual Wield"],"picked":"Sword Boomerang+1","floor":20},{"not_picked":["Heavy Blade","Bludgeon"],"picked":"Feel No Pain","floor":21}],"player_experience":3210740,"relics_obtained":[{"floor":9,"key":"PreservedInsect"},{"floor":12,"key":"WingedGreaves"}],"event_choices":[{"damage_healed":0,"gold_gain":0,"player_choice":"Entered Light","damage_taken":23,"max_hp_gain":0,"max_hp_loss":0,"event_name":"Shining Light","floor":4,"gold_loss":0,"cards_upgraded":["Strike_R","Inflame"]},{"damage_healed":0,"gold_gain":0,"player_choice":"Ignored","damage_taken":0,"max_hp_gain":0,"max_hp_loss":0,"event_name":"Liars Game","floor":5,"gold_loss":0},{"damage_healed":0,"gold_gain":0,"player_choice":"Bought 3 Potions","damage_taken":0,"max_hp_gain":0,"max_hp_loss":0,"event_name":"The Woman in Blue","floor":10,"gold_loss":0},{"damage_healed":0,"gold_gain":0,"player_choice":"Ignored","damage_taken":0,"max_hp_gain":0,"max_hp_loss":0,"event_name":"N\u0027loth","floor":19,"gold_loss":0},{"cards_removed":["Strike_R"],"damage_healed":0,"gold_gain":0,"player_choice":"Offered Basic","damage_taken":0,"max_hp_gain":0,"max_hp_loss":0,"event_name":"Bonfire Elementals","floor":22,"gold_loss":0}],"is_beta":false,"boss_relics":[{"not_picked":["Ectoplasm","Black Blood"],"picked":"Velvet Choker"}],"items_purged_floors":[24],"is_endless":false,"potions_floor_spawned":[11,21],"killed_by":"Slavers","ascension_level":20}