{"gold_per_floor":[113,38,113,83,102,102,121,151,208,218,218,218,245,256,256,330,330,305,315,43,43,58,58,58,138,162,175,175,190,222,236,236,307,307,320,210,222,234,334,365,365,398,398,430,102,102],"floor_reached":46,"playtime":2671,"items_purged":["Parasite"],"score":1080,"play_id":"70a3bc3d-d724-41cd-9edb-bcc3829d6d02","local_time":"20190218144652","is_ascension_mode":true,"campfire_choices":[{"data":"Beam Cell","floor":6,"key":"SMITH"},{"floor":12,"key":"REST"},{"data":"Consume","floor":15,"key":"SMITH"},{"floor":23,"key":"REST"},{"floor":28,"key":"REST"},{"floor":32,"key":"REST"},{"floor":41,"key":"RECALL"}],"neow_cost":"NONE","seed_source_timestamp":361012342736800,"circlet_count":0,"master_deck":["AscendersBane","Strike_B","Strike_B","Strike_B","Defend_B","Defend_B+1","Defend_B","Zap+1","Dualcast","Beam Cell+1","Consume+1","Cold Snap","Glacier+1","Conserve Battery","Creative AI","Ball Lightning","Panacea","Reinforced Body","Cold Snap","White Noise","Seek","Glacier","Hologram+1","Glacier","BootSequence","Echo Form"],"relics":["Cracked Core","Happy Flower","DataDisk","Tiny Chest","War Paint","Runic Dome","Art of War","Matryoshka","Centennial Puzzle","Anchor","Ancient Tea Set","Eternal Feather","Dead Branch","Bag of Marbles","Orichalcum","Potion Belt","Bottled Tornado","Lantern"],"potions_floor_usage":[8,11,16,16,22,33,33,40],"damage_taken":[{"damage":2,"enemies":"Jaw Worm","floor":1,"turns":4},{"damage":1,"enemies":"Cultist","floor":5,"turns":4},{"damage":6,"enemies":"2 Louse","floor":7,"turns":2},{"damage":39,"enemies":"Gremlin Nob","floor":8,"turns":4},{"damage":1,"enemies":"2 Fungi Beasts","floor":10,"turns":3},{"damage":0,"enemies":"Blue Slaver","floor":11,"turns":1},{"damage":2,"enemies":"Lagavulin","floor":13,"turns":6},{"damage":0,"enemies":"Red Slaver","floor":14,"turns":3},{"damage":10,"enemies":"Hexaghost","floor":16,"turns":9},{"damage":11,"enemies":"2 Thieves","floor":18,"turns":4},{"damage":21,"enemies":"Shell Parasite","floor":19,"turns":5},{"damage":8,"enemies":"Colosseum Slavers","floor":21,"turns":6},{"damage":0,"enemies":"Cultist and Chosen","floor":22,"turns":5},{"damage":18,"enemies":"3 Cultists","floor":27,"turns":7},{"damage":0,"enemies":"Snecko","floor":29,"turns":6},{"damage":21,"enemies":"Book of Stabbing","floor":30,"turns":7},{"damage":7,"enemies":"Centurion and Healer","floor":31,"turns":10},{"damage":33,"enemies":"Collector","floor":33,"turns":11},{"damage":0,"enemies":"3 Shapes","floor":35,"turns":9},{"damage":6,"enemies":"Orb Walker","floor":37,"turns":5},{"damage":3,"enemies":"Writhing Mass","floor":38,"turns":9},{"damage":9,"enemies":"Mind Bloom Boss Battle","floor":39,"turns":8},{"damage":1,"enemies":"Giant Head","floor":40,"turns":14},{"damage":21,"enemies":"Nemesis","floor":42,"turns":11},{"damage":26,"enemies":"Giant Head","floor":44,"turns":13},{"damage":7,"enemies":"Jaw Worm Horde","floor":46,"turns":2}],"seed_played":"4400510968563115351","potions_obtained":[{"floor":1,"key":"SmokeBomb"},{"floor":4,"key":"Swift Potion"},{"floor":5,"key":"Strength Potion"},{"floor":8,"key":"Poison Potion"},{"floor":13,"key":"Strength Potion"},{"floor":16,"key":"Dexterity Potion"},{"floor":19,"key":"Swift Potion"},{"floor":30,"key":"SpeedPotion"},{"floor":37,"key":"GamblersBrew"},{"floor":38,"key":"Poison Potion"},{"floor":39,"key":"SpeedPotion"}],"is_trial":false,"path_per_floor":["M","?","?","?","M","R","M","E","T","M","M","R","E","M","R","B",null,"M","M","$","?","M","R","?","T","T","M","R","M","E","M","R","B",null,"M","?","M","M","?","E","R","E","T","E","$","M"],"character_chosen":"DEFECT","items_purchased":["Art of War","Panacea","Lantern","LiquidBronze"],"campfire_rested":4,"item_purchase_floors":[20,20,45,45],"current_hp_per_floor":[62,62,51,51,50,50,44,5,5,4,4,25,23,23,23,13,57,46,25,25,17,17,38,38,38,38,20,41,41,20,13,34,1,54,54,54,48,45,36,35,50,29,29,3,3,0],"gold":102,"neow_bonus":"RANDOM_COMMON_RELIC","is_prod":false,"is_daily":false,"chose_seed":false,"campfire_upgraded":2,"win_rate":0,"timestamp":1550468812,"path_taken":["M","?","?","?","?","R","M","E","T","M","?","R","E","M","R","BOSS","M","M","$","?","M","R","?","?","T","?","R","M","E","?","R","BOSS","M","?","M","?","?","E","R","E","T","E","?","M"],"build_version":"2019-01-23","purchased_purges":1,"victory":false,"max_hp_per_floor":[71,71,71,71,71,71,71,71,71,71,71,71,71,71,71,71,71,71,71,71,71,71,71,71,71,71,71,71,71,71,71,71,71,71,71,71,71,71,71,71,71,71,71,71,68,68],"card_choices":[{"not_picked":["Aggregate","Steam","Turbo"],"picked":"SKIP","floor":1},{"not_picked":["Auto Shields","Hologram"],"picked":"Beam Cell","floor":5},{"not_picked":["Heatsinks","Melter"],"picked":"Consume","floor":7},{"not_picked":["All For One","Force Field"],"picked":"Cold Snap","floor":8},{"not_picked":["Sweeping Beam","Genetic Algorithm"],"picked":"Glacier","floor":10},{"not_picked":["Leap","Hello World","Heatsinks"],"picked":"SKIP","floor":13},{"not_picked":["Leap","Hello World","Heatsinks"],"picked":"SKIP","floor":13},{"not_picked":["Steam","Rebound"],"picked":"Conserve Battery","floor":14},{"not_picked":["Fission","Multi-Cast"],"picked":"Creative AI","floor":16},{"not_picked":["Scrape","Turbo"],"picked":"Ball Lightning","floor":18},{"not_picked":["Undo","Force Field","Barrage"],"picked":"SKIP","floor":19},{"not_picked":["Turbo","Streamline"],"picked":"Reinforced Body","floor":22},{"not_picked":["Go for the Eyes","Recycle+1"],"picked":"Cold Snap","floor":27},{"not_picked":["Cold Snap","BootSequence"],"picked":"White Noise","floor":29},{"not_picked":["Rebound","Steam","Conserve Battery"],"picked":"SKIP","floor":30},{"not_picked":["Ball Lightning","Beam Cell+1","Hologram"],"picked":"SKIP","floor":31},{"not_picked":["Ball Lightning","Beam Cell+1","Hologram"],"picked":"SKIP","floor":31},{"not_picked":["Thunder Strike","Echo Form"],"picked":"Seek","floor":33},{"not_picked":["Barrage","Force Field","Steam"],"picked":"SKIP","floor":35},{"not_picked":["Compile Driver","Redo"],"picked":"Glacier","floor":37},{"not_picked":["Gash+1","Reinforced Body"],"picked":"Hologram+1","floor":38},{"not_picked":["Ball Lightning+1","Compile Driver"],"picked":"Glacier","floor":39},{"not_picked":["Leap","Chaos"],"picked":"BootSequence","floor":40},{"not_picked":["Heatsinks","Genetic Algorithm+1"],"picked":"Echo Form","floor":42},{"not_picked":["Sunder","Conserve Battery","Compile Driver"],"picked":"SKIP","floor":44}],"player_experience":1624200,"relics_obtained":[{"floor":8,"key":"DataDisk"},{"floor":9,"key":"Tiny Chest"},{"floor":13,"key":"War Paint"},{"floor":25,"key":"Matryoshka"},{"floor":26,"key":"Centennial Puzzle"},{"floor":26,"key":"Anchor"},{"floor":30,"key":"Ancient Tea Set"},{"floor":39,"key":"Dead Branch"},{"floor":40,"key":"Bag of Marbles"},{"floor":42,"key":"Orichalcum"},{"floor":43,"key":"Potion Belt"},{"floor":44,"key":"Bottled Tornado"}],"event_choices":[{"cards_removed":["Defend_B"],"damage_healed":0,"gold_gain":0,"player_choice":"Card Removal","damage_taken":0,"max_hp_gain":0,"max_hp_loss":0,"event_name":"The Cleric","floor":2,"gold_loss":75},{"damage_healed":0,"gold_gain":75,"player_choice":"Gather Gold","damage_taken":11,"max_hp_gain":0,"max_hp_loss":0,"event_name":"World of Goop","floor":3,"gold_loss":0},{"damage_healed":0,"gold_gain":0,"player_choice":"Bought 2 Potions","damage_taken":0,"max_hp_gain":0,"max_hp_loss":0,"event_name":"The Woman in Blue","floor":4,"gold_loss":0},{"damage_healed":0,"gold_gain":0,"player_choice":"Fight","damage_taken":0,"max_hp_gain":0,"max_hp_loss":0,"event_name":"Colosseum","floor":21,"gold_loss":0},{"damage_healed":0,"gold_gain":0,"player_choice":"Fled From Nobs","damage_taken":0,"max_hp_gain":0,"max_hp_loss":0,"event_name":"Colosseum","floor":21,"gold_loss":0},{"damage_healed":0,"gold_gain":0,"player_choice":"Ignored","damage_taken":0,"max_hp_gain":0,"max_hp_loss":0,"event_name":"The Mausoleum","floor":24,"gold_loss":0},{"cards_removed":["Strike_B"],"damage_healed":0,"gold_gain":0,"player_choice":"Upgrade and Remove","damage_taken":0,"max_hp_gain":0,"max_hp_loss":0,"event_name":"Designer","floor":36,"gold_loss":110,"cards_upgraded":["Zap"]},{"damage_healed":0,"gold_gain":0,"player_choice":"Fight","damage_taken":0,"max_hp_gain":0,"max_hp_loss":0,"event_name":"MindBloom","floor":39,"gold_loss":0}],"is_beta":false,"boss_relics":[{"not_picked":["Sozu","Tiny House"],"picked":"Runic Dome"},{"not_picked":["Velvet Choker","Runic Pyramid"],"picked":"Eternal Feather"}],"items_purged_floors":[45],"is_endless":false,"potions_floor_spawned":[1,5,8,13,16,19,21,30,31,37,38,39],"killed_by":"Jaw Worm Horde","ascension_level":20}