{"gold_per_floor":[111,111,111,72,72,106,124,124,147,164,164],"floor_reached":11,"playtime":202,"items_purged":[],"score":192,"play_id":"cff0fafc-23c6-4599-8925-1404281a4ae7","local_time":"20190418154835","is_ascension_mode":true,"campfire_choices":[{"data":"True Grit","floor":8,"key":"SMITH"}],"neow_cost":"NONE","seed_source_timestamp":215739887411100,"circlet_count":0,"master_deck":["AscendersBane","Strike_R","Strike_R","Strike_R","Defend_R+1","Defend_R","Defend_R","Defend_R","Bash+1","Seeing Red","Evolve","Metallicize","True Grit+1","Spot Weakness"],"relics":["Burning Blood","NeowsBlessing","Bottled Tornado","Lantern"],"potions_floor_usage":[],"damage_taken":[{"damage":0,"enemies":"2 Louse","floor":1,"turns":1},{"damage":0,"enemies":"Lagavulin","floor":6,"turns":1},{"damage":0,"enemies":"Small Slimes","floor":7,"turns":2},{"damage":3,"enemies":"Cultist","floor":10,"turns":4},{"damage":35,"enemies":"Gremlin Nob","floor":11,"turns":4}],"seed_played":"5099187005170514707","potions_obtained":[{"floor":1,"key":"Fire Potion"}],"is_trial":false,"path_per_floor":["M","?","?","$","?","E","M","R","T","M","E"],"character_chosen":"IRONCLAD","items_purchased":["Evolve"],"campfire_rested":0,"item_purchase_floors":[4],"current_hp_per_floor":[74,67,44,44,44,50,56,56,56,59,24],"gold":164,"neow_bonus":"THREE_ENEMY_KILL","is_prod":false,"is_daily":false,"chose_seed":false,"campfire_upgraded":1,"win_rate":0,"timestamp":1555570115,"path_taken":["M","?","?","$","?","E","M","R","T","M","E"],"build_version":"2019-01-23","purchased_purges":0,"victory":false,"max_hp_per_floor":[75,75,75,75,75,75,75,75,75,75,75],"card_choices":[{"not_picked":["Dropkick","Pummel"],"picked":"Seeing Red","floor":1},{"not_picked":["Shrug It Off","Flex"],"picked":"True Grit","floor":6},{"not_picked":["Body Slam","Rage"],"picked":"Spot Weakness","floor":7},{"not_picked":["Barricade","Heavy Blade","Pummel"],"picked":"SKIP","floor":10},{"not_picked":["Barricade","Heavy Blade","Pummel"],"picked":"SKIP","floor":10}],"player_experience":3208253,"relics_obtained":[{"floor":6,"key":"Bottled Tornado"},{"floor":9,"key":"Lantern"}],"event_choices":[{"cards_removed":["Strike_R"],"damage_healed":0,"gold_gain":0,"player_choice":"Card Removal","damage_taken":7,"max_hp_gain":0,"max_hp_loss":0,"event_name":"Golden Wing","floor":2,"gold_loss":0},{"damage_healed":0,"gold_gain":0,"player_choice":"Entered Light","damage_taken":23,"max_hp_gain":0,"max_hp_loss":0,"event_name":"Shining Light","floor":3,"gold_loss":0,"cards_upgraded":["Defend_R","Bash"]},{"damage_healed":0,"gold_gain":0,"cards_transformed":["Strike_R"],"player_choice":"Change","damage_taken":0,"max_hp_gain":0,"max_hp_loss":0,"event_name":"Living Wall","floor":5,"gold_loss":0,"cards_obtained":["Metallicize"]}],"is_beta":false,"boss_relics":[],"items_purged_floors":[],"is_endless":false,"potions_floor_spawned":[1],"killed_by":"Gremlin Nob","ascension_level":20}