{"path_per_floor":["M","?","M","?","M","E","?","R","T","$","E","R","?","M","R","B",null,"M","?","?","?","$","E","R","M","T"],"character_chosen":"IRONCLAD","items_purchased":["True Grit","Feel No Pain","Singing Bowl"],"gold_per_floor":[112,112,128,128,142,183,183,183,207,6,45,45,75,90,90,213,213,231,271,271,271,25,86,86,66,66,66],"floor_reached":27,"campfire_rested":0,"playtime":1837,"current_hp_per_floor":[60,60,64,64,64,56,56,56,56,56,43,43,43,37,37,17,60,49,36,60,60,60,43,43,40,40,0],"items_purged":["Bash","Bludgeon"],"gold":66,"score":332,"play_id":"c10dca63-f685-4fa3-9318-91655a72e326","local_time":"20180401231750","is_prod":false,"is_daily":false,"is_ascension_mode":true,"campfire_upgraded":4,"timestamp":1522595870,"path_taken":["M","?","?","?","M","E","?","R","T","$","E","R","?","M","R","BOSS","M","?","?","?","$","E","R","M","T","E"],"build_version":"2018-03-29","purchased_purges":2,"victory":false,"master_deck":["Strike_R","Strike_R","Strike_R","Defend_R","Defend_R","Defend_R","Bash","Body Slam+1","Whirlwind","Body Slam+1","Flame Barrier","Pommel Strike","True Grit","Feel No Pain+1","Armaments+1","Thunderclap","Headbutt","Impervious","Rage+1","Headbutt+1","Ghostly Armor","True Grit+1","Seeing Red"],"max_hp_per_floor":[80,80,80,74,74,74,74,74,74,74,74,74,74,74,74,74,74,74,74,74,74,74,76,76,76,76,76],"relics":["Burning Blood","Golden Idol","Art of War","Oddly Smooth Stone","Ginger","Odd Mushroom","Astrolabe","Red Mask","Singing Bowl","Tiny Chest","Du-Vu Doll"],"card_choices":[{"not_picked":["Fire Breathing","Pommel Strike"],"picked":"Body Slam","floor":0},{"not_picked":["Bloodletting","Anger"],"picked":"Whirlwind","floor":1},{"not_picked":["Reckless Charge","Carnage"],"picked":"Body Slam","floor":3},{"not_picked":["Clash","Sentinel"],"picked":"Flame Barrier","floor":5},{"not_picked":["Body Slam","Twin Strike"],"picked":"Armaments","floor":11},{"not_picked":["Bludgeon","Armaments"],"picked":"Thunderclap","floor":13},{"not_picked":["Shockwave","Pommel Strike"],"picked":"Headbutt","floor":14},{"not_picked":["Demon Form","Feed"],"picked":"Impervious","floor":16},{"not_picked":["Second Wind","Cleave"],"picked":"Ghostly Armor","floor":18},{"not_picked":["True Grit","Immolate"],"picked":"Seeing Red","floor":25}],"player_experience":214355,"potions_floor_usage":[11,11,16,16,19,19,27,27],"damage_taken":[{"damage":18,"enemies":"Jaw Worm","floor":1,"turns":4},{"damage":2,"enemies":"2 Louse","floor":3,"turns":2},{"damage":6,"enemies":"Cultist","floor":5,"turns":4},{"damage":14,"enemies":"3 Sentries","floor":6,"turns":9},{"damage":19,"enemies":"Gremlin Nob","floor":11,"turns":4},{"damage":6,"enemies":"The Mushroom Lair","floor":13,"turns":4},{"damage":12,"enemies":"Lots of Slimes","floor":14,"turns":3},{"damage":26,"enemies":"Hexaghost","floor":16,"turns":11},{"damage":17,"enemies":"Shell Parasite","floor":18,"turns":8},{"damage":19,"enemies":"Masked Bandits","floor":19,"turns":4},{"damage":25,"enemies":"Slavers","floor":23,"turns":8},{"damage":9,"enemies":"2 Thieves","floor":25,"turns":5},{"damage":44,"enemies":"Gremlin Leader","floor":27,"turns":7}],"event_choices":[{"event_name":"Living Wall","player_choice":"Grow","floor":2,"damage_taken":0},{"event_name":"Golden Idol","player_choice":"Lose Max HP","floor":4,"damage_taken":0},{"event_name":"Match and Keep!","player_choice":"2 cards matched","floor":7,"damage_taken":0},{"event_name":"Mushrooms","player_choice":"Fought Mushrooms","floor":13,"damage_taken":0},{"event_name":"Masked Bandits","player_choice":"Fought over 231 gold","floor":19,"damage_taken":0},{"event_name":"The Library","player_choice":"Heal","floor":20,"damage_taken":0},{"event_name":"Duplicator","player_choice":"One dupe","floor":21,"damage_taken":0}],"boss_relics":[{"not_picked":["Lizard Tail","Pandora\u0027s Box"],"picked":"Astrolabe"}],"potions_floor_spawned":[1,3,6,13,14,16,18,25],"seed_played":"8877197679575413175","killed_by":"Gremlin Leader","ascension_level":8,"is_trial":false}