{"gold_per_floor":[118,118,193,204,218,218,245,258,258,293,311,311,311,325,325,427,427,446,446,371,387,387],"floor_reached":22,"playtime":1122,"items_purged":["Strike_R"],"score":206,"play_id":"5cd18a92-5fb5-44bb-9e72-d39bbdbf46d4","local_time":"20181126200255","is_ascension_mode":true,"campfire_choices":[{"data":"Armaments","floor":6,"key":"SMITH"},{"floor":15,"key":"REST"}],"neow_cost":"NONE","seed_source_timestamp":199202276179692,"circlet_count":0,"master_deck":["Strike_R","Strike_R","Strike_R","Defend_R","Defend_R","Defend_R","Bash","Armaments+1","Blood for Blood","Warcry","Anger","Combust+1","Intimidate","Fire Breathing+1","Flex","Flex"],"relics":["Black Blood","Frozen Egg 2","Unceasing Top","Magic Flower"],"potions_floor_usage":[7,11,14,21],"damage_taken":[{"damage":9,"enemies":"Small Slimes","floor":1,"turns":5},{"damage":1,"enemies":"2 Louse","floor":4,"turns":4},{"damage":5,"enemies":"Jaw Worm","floor":5,"turns":5},{"damage":19,"enemies":"Gremlin Nob","floor":7,"turns":4},{"damage":3,"enemies":"2 Fungi Beasts","floor":8,"turns":4},{"damage":18,"enemies":"Lagavulin","floor":10,"turns":5},{"damage":0,"enemies":"Red Slaver","floor":11,"turns":3},{"damage":1,"enemies":"3 Louse","floor":14,"turns":4},{"damage":45,"enemies":"Slime Boss","floor":16,"turns":7},{"damage":30,"enemies":"Shell Parasite","floor":18,"turns":6},{"damage":29,"enemies":"2 Thieves","floor":21,"turns":4},{"damage":65,"enemies":"Snecko","floor":22,"turns":6}],"seed_played":"6188134746988173639","potions_obtained":[{"floor":1,"key":"EssenceOfSteel"},{"floor":4,"key":"Fire Potion"},{"floor":8,"key":"Explosive Potion"},{"floor":14,"key":"Explosive Potion"}],"is_trial":false,"path_per_floor":["M","?","?","M","M","R","E","M","T","E","M","?","?","M","R","B",null,"M","?","$","M","M"],"character_chosen":"IRONCLAD","items_purchased":[],"campfire_rested":1,"item_purchase_floors":[],"current_hp_per_floor":[85,85,74,79,80,80,67,70,70,58,67,60,60,68,88,52,88,73,65,65,51,0],"gold":387,"neow_bonus":"TEN_PERCENT_HP_BONUS","is_prod":false,"is_daily":false,"chose_seed":false,"campfire_upgraded":1,"win_rate":0,"timestamp":1543255375,"path_taken":["M","?","?","M","M","R","E","M","T","E","M","?","?","?","R","BOSS","M","?","$","?","M"],"build_version":"2018-11-15","purchased_purges":1,"victory":false,"max_hp_per_floor":[88,88,88,88,88,88,88,88,88,88,88,88,88,88,88,88,88,88,88,88,88,88],"card_choices":[{"not_picked":["Clothesline","Cleave"],"picked":"Armaments","floor":1},{"not_picked":["Thunderclap","Evolve"],"picked":"Blood for Blood","floor":4},{"not_picked":["Ghostly Armor","Body Slam"],"picked":"Warcry","floor":5},{"not_picked":["Armaments","Intimidate"],"picked":"Anger","floor":7},{"not_picked":["Thunderclap","Sentinel"],"picked":"Combust+1","floor":8},{"not_picked":["Evolve+1","Double Tap"],"picked":"Intimidate","floor":10},{"not_picked":["Iron Wave","Sever Soul"],"picked":"Fire Breathing+1","floor":11},{"not_picked":["Intimidate","Cleave"],"picked":"Flex","floor":14},{"not_picked":["Iron Wave","Pommel Strike"],"picked":"Flex","floor":18},{"not_picked":["Searing Blow+1","Sword Boomerang+1","Cleave"],"picked":"SKIP","floor":21}],"player_experience":796971,"relics_obtained":[{"floor":7,"key":"Frozen Egg 2"},{"floor":9,"key":"Unceasing Top"},{"floor":10,"key":"Magic Flower"}],"event_choices":[{"damage_healed":0,"gold_gain":0,"player_choice":"Ignored","damage_taken":0,"max_hp_gain":0,"max_hp_loss":0,"event_name":"Shining Light","floor":2,"gold_loss":0},{"damage_healed":0,"gold_gain":75,"player_choice":"Gather Gold","damage_taken":11,"max_hp_gain":0,"max_hp_loss":0,"event_name":"World of Goop","floor":3,"gold_loss":0},{"cards_removed":["Strike_R"],"damage_healed":0,"gold_gain":0,"player_choice":"Card Removal","damage_taken":7,"max_hp_gain":0,"max_hp_loss":0,"event_name":"Golden Wing","floor":12,"gold_loss":0},{"cards_removed":["Defend_R"],"damage_healed":0,"gold_gain":0,"player_choice":"Forget","damage_taken":0,"max_hp_gain":0,"max_hp_loss":0,"event_name":"Living Wall","floor":13,"gold_loss":0},{"damage_healed":0,"gold_gain":0,"player_choice":"Damaged","damage_taken":8,"max_hp_gain":0,"max_hp_loss":0,"event_name":"Wheel of Change","floor":19,"gold_loss":0}],"is_beta":false,"boss_relics":[{"not_picked":["Philosopher\u0027s Stone","Coffee Dripper"],"picked":"Black Blood"}],"items_purged_floors":[20],"is_endless":false,"potions_floor_spawned":[1,4,8,14],"killed_by":"Snecko","ascension_level":1}