{"path_per_floor":["M","?","M","?","?","M","M","R","T","E","R","E","$","M","R","B",null,"M","M","$","?","M"],"character_chosen":"DEFECT","items_purchased":["Loop","Thunder Strike"],"gold_per_floor":[111,111,134,134,134,158,174,174,200,234,234,270,159,172,172,300,300,316,329,157,157,178,178],"floor_reached":23,"campfire_rested":0,"playtime":1720,"current_hp_per_floor":[74,56,56,56,56,53,55,55,55,50,50,42,42,41,41,53,75,75,63,63,63,37,0],"items_purged":["Strike_B","Strike_B"],"gold":178,"score":201,"play_id":"e9a33e4c-69d9-4b23-ad86-9c6ef0a6e968","local_time":"20180430133944","is_prod":false,"is_daily":false,"chose_seed":false,"is_ascension_mode":false,"campfire_upgraded":3,"timestamp":1525066784,"path_taken":["M","?","M","?","?","?","M","R","T","E","R","E","$","M","R","BOSS","M","M","$","?","M","E"],"build_version":"2018-04-27v3","seed_source_timestamp":272790981664797,"purchased_purges":2,"victory":false,"master_deck":["Strike_B","Defend_B","Defend_B","Defend_B","Defend_B","Zap+1","Dualcast+1","Self Repair","Ball Lightning","FTL","Coolheaded","Ball Lightning","White Noise","Loop","Capacitor+1","Rainbow","Capacitor","Cold Snap","Thunder Strike","Impulse"],"max_hp_per_floor":[75,75,75,75,75,75,75,75,75,75,75,75,75,75,75,75,75,75,75,75,75,75,75],"relics":["Cracked Core","Golden Idol","Happy Flower","Bag of Marbles","Blue Candle"],"card_choices":[{"not_picked":["Sweeping Beam","Blaster"],"picked":"Self Repair","floor":1},{"not_picked":["Barrage","Doom and Gloom"],"picked":"Ball Lightning","floor":3},{"not_picked":["Self Repair","Sweeping Beam"],"picked":"FTL","floor":6},{"not_picked":["Aggregate","Scrape"],"picked":"Coolheaded","floor":7},{"not_picked":["Go for the Eyes","Darkness"],"picked":"Ball Lightning","floor":10},{"not_picked":["Doom and Gloom","Barrage"],"picked":"White Noise","floor":12},{"not_picked":["Stack","Force Field"],"picked":"Capacitor","floor":14},{"not_picked":["Thunder Strike","All For One"],"picked":"Rainbow","floor":16},{"not_picked":["Coolheaded","Auto Shields"],"picked":"Capacitor","floor":18},{"not_picked":["Ball Lightning","Hello World"],"picked":"Cold Snap","floor":19},{"not_picked":["Axe Kick","Barrage"],"picked":"Impulse","floor":22}],"player_experience":288393,"potions_floor_usage":[10,10,16,22,23,23],"damage_taken":[{"damage":1,"enemies":"Jaw Worm","floor":1,"turns":5},{"damage":7,"enemies":"Small Slimes","floor":3,"turns":4},{"damage":10,"enemies":"Cultist","floor":6,"turns":4},{"damage":5,"enemies":"Looter","floor":7,"turns":3},{"damage":12,"enemies":"Gremlin Nob","floor":10,"turns":3},{"damage":15,"enemies":"3 Sentries","floor":12,"turns":5},{"damage":8,"enemies":"Exordium Wildlife","floor":14,"turns":5},{"damage":4,"enemies":"Slime Boss","floor":16,"turns":7},{"damage":7,"enemies":"Chosen","floor":18,"turns":5},{"damage":26,"enemies":"Spheric Guardian","floor":19,"turns":5},{"damage":48,"enemies":"Slaver and Parasite","floor":22,"turns":6},{"damage":38,"enemies":"Gremlin Leader","floor":23,"turns":4}],"event_choices":[{"event_name":"Golden Idol","player_choice":"Take Damage","floor":2,"damage_taken":0},{"event_name":"Liars Game","player_choice":"disagreed","floor":4,"damage_taken":0},{"event_name":"Bonfire Elementals","player_choice":"BASIC","floor":5,"damage_taken":0},{"event_name":"The Lab","player_choice":"Got Potions","floor":21,"damage_taken":0}],"boss_relics":[{"not_picked":[]}],"potions_floor_spawned":[1,7,14,16,18,22],"seed_played":"-1067248209779463872","killed_by":"Gremlin Leader","ascension_level":0,"is_trial":false}