{"path_per_floor":["M","M","$","M","M","E","?","R","T","M","R","T","M","M","R","B",null,"M","M","$","?","M"],"character_chosen":"IRONCLAD","items_purchased":["Hemokinesis","Dead Branch"],"gold_per_floor":[116,130,94,109,129,157,221,221,221,234,234,234,245,263,263,364,394,407,424,125,125,142],"floor_reached":23,"campfire_rested":2,"playtime":1416,"current_hp_per_floor":[76,80,80,78,80,61,43,80,80,83,83,83,51,54,83,41,88,91,67,67,67,63],"items_purged":[],"gold":142,"score":224,"play_id":"78388ea1-85e4-4e7d-85db-8734795c935f","is_prod":false,"is_daily":false,"is_ascension_mode":true,"campfire_upgraded":1,"path_taken":["M","M","$","M","M","E","?","R","T","?","R","?","M","M","R","BOSS","M","M","$","?","M","E"],"build_version":"2018-02-22-PROD2","purchased_purges":1,"victory":false,"master_deck":["Strike_R","Strike_R","Strike_R","Strike_R","Strike_R","Defend_R","Defend_R","Defend_R","Defend_R","Bash","Power Through","Rupture","Hemokinesis","Demon Form+1","Twin Strike+1","Feed","Rupture","Twin Strike","Anger","Flex","Feed","Perfected Strike","Thunderclap","Offering","Warcry"],"max_hp_per_floor":[80,80,80,80,80,80,80,80,80,83,83,83,83,83,83,83,88,94,94,94,94,94],"relics":["Burning Blood","Regal Pillow","Blue Candle","Vajra","Oddly Smooth Stone","Tiny House","Dead Branch"],"card_choices":[{"not_picked":["Combust","Whirlwind"],"picked":"Power Through"},{"not_picked":["Twin Strike","Sword Boomerang"],"picked":"Rupture"},{"not_picked":["Searing Blow","Headbutt"],"picked":"Demon Form"},{"not_picked":["Dropkick","Pommel Strike"],"picked":"Twin Strike"},{"not_picked":["Body Slam","Cleave"],"picked":"Feed"},{"not_picked":["Armaments","Fire Breathing"],"picked":"Rupture"},{"not_picked":["Clash","Sword Boomerang"],"picked":"Twin Strike"},{"not_picked":["Berserk","Shrug It Off"],"picked":"Anger"},{"not_picked":["Battle Trance","Iron Wave"],"picked":"Flex"},{"not_picked":["Double Tap","Juggernaut"],"picked":"Feed"},{"not_picked":["Burning Pact","Anger"],"picked":"Perfected Strike"},{"not_picked":["Wild Strike","Havoc"],"picked":"Thunderclap"},{"not_picked":["Cleave","Shockwave"],"picked":"Offering"},{"not_picked":["Feel No Pain","Iron Wave"],"picked":"Warcry"}],"player_experience":186047,"potions_floor_usage":[4,5,13,16,18,18,19,22,22],"damage_taken":[{"damage":10,"enemies":"Jaw Worm","floor":1,"turns":5},{"damage":1,"enemies":"Cultist","floor":2,"turns":3},{"damage":8,"enemies":"2 Louse","floor":4,"turns":2},{"damage":17,"enemies":"Lots of Slimes","floor":5,"turns":6},{"damage":25,"enemies":"3 Sentries","floor":6,"turns":7},{"damage":24,"enemies":"Gremlin Nob","floor":7,"turns":4},{"damage":5,"enemies":"3 Louse","floor":10,"turns":4},{"damage":38,"enemies":"Large Slime","floor":13,"turns":5},{"damage":3,"enemies":"Red Slaver","floor":14,"turns":2},{"damage":48,"enemies":"Hexaghost","floor":16,"turns":8},{"damage":9,"enemies":"3 Byrds","floor":18,"turns":4},{"damage":30,"enemies":"Spheric Guardian","floor":19,"turns":4},{"damage":10,"enemies":"Snecko","floor":22,"turns":4},{"damage":63,"enemies":"Book of Stabbing","floor":23,"turns":5}],"event_choices":[{"event_name":"Dead Adventurer","player_choice":"Searched \u00271\u0027 times","floor":7,"damage_taken":0},{"event_name":"Vampires","player_choice":"Ignored","floor":21,"damage_taken":0}],"boss_relics":[{"not_picked":["Black Star","Sozu"],"picked":"Tiny House"}],"potions_floor_spawned":[1,2,7,10,13,16,18,19],"seed_played":"-2265376511779416462","killed_by":"Book of Stabbing","ascension_level":3,"is_trial":false}