{"gold_per_floor":[12,12,30,43,59,93,113,113,113,113,139,154,79,107,107,207,207,219,134,150,150,150,176,176,209,236,236,266,280,311,311],"floor_reached":31,"playtime":2189,"items_purged":["Strike_B"],"score":437,"play_id":"de256400-ea93-412d-b248-6c710392d8af","local_time":"20190218161502","is_ascension_mode":true,"campfire_choices":[{"floor":8,"key":"REST"},{"data":"Genetic Algorithm","floor":10,"key":"SMITH"},{"floor":15,"key":"REST"},{"data":"Tempest","floor":24,"key":"SMITH"},{"data":"Double Energy","floor":27,"key":"SMITH"}],"neow_cost":"NO_GOLD","seed_source_timestamp":419205871977100,"circlet_count":0,"master_deck":["Defend_B+1","Defend_B+1","Defend_B+1","Defend_B+1","Zap","Tempest+1","Streamline","Static Discharge","Sunder","Ball Lightning","Skim","Thunder Strike","Genetic Algorithm+1","Leap","Conserve Battery","Conserve Battery","Biased Cognition","Double Energy+1","Recycle","Auto Shields","Steam+1","Hologram","Defragment+1","Reinforced Body"],"relics":["Cracked Core","Letter Opener","Question Card","Gremlin Horn","Peace Pipe","Velvet Choker","PreservedInsect","Mango","Oddly Smooth Stone","Shovel","Anchor"],"potions_floor_usage":[11,11,14,14,28,30,31],"damage_taken":[{"damage":7,"enemies":"Small Slimes","floor":1,"turns":3},{"damage":6,"enemies":"2 Louse","floor":3,"turns":2},{"damage":0,"enemies":"Cultist","floor":4,"turns":3},{"damage":15,"enemies":"Gremlin Gang","floor":5,"turns":3},{"damage":20,"enemies":"Lagavulin","floor":6,"turns":6},{"damage":4,"enemies":"Exordium Wildlife","floor":7,"turns":2},{"damage":12,"enemies":"Gremlin Nob","floor":11,"turns":3},{"damage":0,"enemies":"3 Louse","floor":12,"turns":2},{"damage":20,"enemies":"Lagavulin","floor":14,"turns":6},{"damage":17,"enemies":"Hexaghost","floor":16,"turns":9},{"damage":3,"enemies":"3 Byrds","floor":18,"turns":3},{"damage":10,"enemies":"2 Thieves","floor":20,"turns":3},{"damage":9,"enemies":"Book of Stabbing","floor":23,"turns":4},{"damage":24,"enemies":"Gremlin Leader","floor":25,"turns":6},{"damage":0,"enemies":"Book of Stabbing","floor":28,"turns":3},{"damage":0,"enemies":"Centurion and Healer","floor":29,"turns":3},{"damage":13,"enemies":"Slavers","floor":30,"turns":5},{"damage":46,"enemies":"Cultist and Chosen","floor":31,"turns":4}],"seed_played":"-8194603675213214423","potions_obtained":[{"floor":3,"key":"Dexterity Potion"},{"floor":6,"key":"EssenceOfSteel"},{"floor":7,"key":"Poison Potion"},{"floor":11,"key":"Dexterity Potion"},{"floor":12,"key":"Fruit Juice"},{"floor":16,"key":"FocusPotion"},{"floor":25,"key":"Block Potion"},{"floor":28,"key":"Explosive Potion"},{"floor":29,"key":"FocusPotion"}],"is_trial":false,"path_per_floor":["M","?","M","M","M","E","M","R","T","R","E","M","$","E","R","B",null,"M","?","M","?","?","E","R","E","T","R","E","M","E","M"],"character_chosen":"DEFECT","items_purchased":[],"campfire_rested":2,"item_purchase_floors":[],"current_hp_per_floor":[68,61,55,55,40,20,16,38,38,38,26,26,26,11,35,18,80,77,77,67,67,67,72,72,48,48,48,48,48,35,0],"gold":311,"neow_bonus":"TRANSFORM_TWO_CARDS","is_prod":false,"is_daily":false,"chose_seed":false,"campfire_upgraded":3,"win_rate":0,"timestamp":1550524502,"path_taken":["M","?","M","M","M","E","M","R","T","R","E","M","$","E","R","BOSS","M","?","M","?","?","E","R","E","T","R","E","M","E","?"],"build_version":"2019-01-23","purchased_purges":1,"victory":false,"max_hp_per_floor":[75,75,75,75,75,75,75,75,75,75,75,75,75,80,80,80,80,80,80,80,80,80,94,94,94,94,94,94,94,94,94],"card_choices":[{"not_picked":["Gash","Compile Driver"],"picked":"Static Discharge","floor":1},{"not_picked":["Streamline","Redo"],"picked":"Sunder","floor":3},{"not_picked":["Heatsinks","Sweeping Beam"],"picked":"Ball Lightning","floor":4},{"not_picked":["Consume","Aggregate"],"picked":"Skim","floor":5},{"not_picked":["Force Field","Buffer"],"picked":"Thunder Strike","floor":6},{"not_picked":["Barrage","Heatsinks"],"picked":"Genetic Algorithm","floor":7},{"not_picked":["Chaos","Skim","Scrape"],"picked":"Leap","floor":11},{"not_picked":["Redo","Hologram","Beam Cell"],"picked":"Conserve Battery","floor":12},{"not_picked":["Rebound","Gash","BootSequence"],"picked":"Conserve Battery","floor":14},{"not_picked":["Meteor Strike","Creative AI","Amplify"],"picked":"Biased Cognition","floor":16},{"not_picked":["Leap","FTL","Auto Shields"],"picked":"Double Energy","floor":18},{"not_picked":["Stack","Redo","Hologram+1"],"picked":"Recycle","floor":20},{"not_picked":["Double Energy","Compile Driver","All For One"],"picked":"Steam+1","floor":23},{"not_picked":["Blizzard","Barrage","Compile Driver+1"],"picked":"Hologram","floor":25},{"not_picked":["Double Energy+1","Turbo","Streamline"],"picked":"Defragment+1","floor":28},{"not_picked":["Hologram","Ball Lightning+1","Reboot"],"picked":"Reinforced Body","floor":29},{"not_picked":["Consume","Barrage","Capacitor","Turbo"],"picked":"SKIP","floor":30}],"player_experience":181125,"relics_obtained":[{"floor":6,"key":"Letter Opener"},{"floor":9,"key":"Question Card"},{"floor":11,"key":"Gremlin Horn"},{"floor":14,"key":"Peace Pipe"},{"floor":23,"key":"Mango"},{"floor":25,"key":"Oddly Smooth Stone"},{"floor":28,"key":"Shovel"},{"floor":30,"key":"Anchor"}],"event_choices":[{"cards_removed":["Strike_B"],"damage_healed":0,"gold_gain":0,"player_choice":"Card Removal","damage_taken":7,"max_hp_gain":0,"max_hp_loss":0,"event_name":"Golden Wing","floor":2,"gold_loss":0},{"damage_healed":0,"gold_gain":0,"player_choice":"Obtained Relic","damage_taken":0,"relics_obtained":["PreservedInsect"],"max_hp_gain":0,"max_hp_loss":0,"event_name":"Addict","floor":19,"gold_loss":85},{"damage_healed":0,"gold_gain":0,"player_choice":"Simplicity","damage_taken":0,"max_hp_gain":0,"max_hp_loss":0,"event_name":"Back to Basics","floor":21,"gold_loss":0,"cards_upgraded":["Defend_B","Defend_B","Defend_B","Defend_B"]},{"damage_healed":0,"gold_gain":0,"cards_transformed":["Dualcast"],"player_choice":"Transformed","damage_taken":0,"max_hp_gain":0,"max_hp_loss":0,"event_name":"Transmorgrifier","floor":22,"gold_loss":0,"cards_obtained":["Auto Shields"]}],"is_beta":false,"boss_relics":[{"not_picked":["Tiny House","Inserter"],"picked":"Velvet Choker"}],"items_purged_floors":[13],"is_endless":false,"potions_floor_spawned":[3,6,7,11,12,16,25,28,29],"killed_by":"Cultist and Chosen","ascension_level":3}