{"gold_per_floor":[113,113,123,123,136,136,170,170,239,278,23,57,57,0,0,89,89,110,23,42,42,42,42],"floor_reached":23,"playtime":1069,"items_purged":[],"score":410,"play_id":"3a52d83e-7f81-40f1-99e9-73af3fb44c90","local_time":"20190213104819","is_ascension_mode":true,"campfire_choices":[{"data":"Consume","floor":6,"key":"SMITH"},{"floor":8,"key":"REST"},{"floor":15,"key":"REST"}],"neow_cost":"NONE","seed_source_timestamp":87310001197800,"circlet_count":0,"master_deck":["AscendersBane","Strike_B","Strike_B","Strike_B","Defend_B","Defend_B","Defend_B+1","Defend_B","Zap+1","Dualcast","Rip and Tear","Ball Lightning","Beam Cell","Reinforced Body","Cold Snap","Consume+1","Coolheaded","Loop","Leap","Defragment+1","Creative AI+1","Chill","Skim+1"],"relics":["Orrery","Golden Idol","Bag of Marbles","Frozen Egg 2","Blood Vial","Bronze Scales","Incense Burner","Cursed Key"],"potions_floor_usage":[7,12,16,23,23],"damage_taken":[{"damage":0,"enemies":"2 Louse","floor":1,"turns":4},{"damage":12,"enemies":"Jaw Worm","floor":3,"turns":4},{"damage":0,"enemies":"Cultist","floor":5,"turns":3},{"damage":20,"enemies":"3 Sentries","floor":7,"turns":9},{"damage":3,"enemies":"Lagavulin","floor":10,"turns":8},{"damage":7,"enemies":"3 Sentries","floor":12,"turns":8},{"damage":17,"enemies":"The Guardian","floor":16,"turns":10},{"damage":8,"enemies":"3 Byrds","floor":18,"turns":3},{"damage":12,"enemies":"2 Thieves","floor":20,"turns":4},{"damage":32,"enemies":"Gremlin Leader","floor":23,"turns":6}],"seed_played":"-2477587508324755238","potions_obtained":[{"floor":1,"key":"SpeedPotion"},{"floor":3,"key":"Dexterity Potion"},{"floor":5,"key":"PowerPotion"},{"floor":16,"key":"Poison Potion"},{"floor":21,"key":"AttackPotion"}],"is_trial":false,"path_per_floor":["M","?","M","?","M","R","E","R","T","E","$","E","?","$","R","B",null,"M","$","M","?","$","E"],"character_chosen":"DEFECT","items_purchased":["Defragment+1","Bronze Scales","Block Potion","Chill"],"campfire_rested":2,"item_purchase_floors":[11,11,14,19],"current_hp_per_floor":[64,43,31,31,31,31,11,30,30,27,27,22,15,15,34,19,53,47,47,37,37,37,7],"gold":42,"neow_bonus":"BOSS_RELIC","is_prod":false,"is_daily":false,"chose_seed":false,"campfire_upgraded":1,"win_rate":0,"timestamp":1550022499,"path_taken":["M","?","M","?","M","R","E","R","T","E","$","E","?","?","R","BOSS","M","$","M","?","?","E"],"build_version":"2019-01-23","purchased_purges":0,"victory":false,"max_hp_per_floor":[71,71,71,64,64,64,64,64,64,64,64,64,64,64,64,64,64,64,64,64,64,64,64],"card_choices":[{"not_picked":["Genetic Algorithm","Go for the Eyes"],"picked":"Rip and Tear","floor":0},{"not_picked":["Leap","Heatsinks"],"picked":"Ball Lightning","floor":0},{"not_picked":["Stack","Double Energy"],"picked":"Beam Cell","floor":0},{"not_picked":["Redo","Steam"],"picked":"Reinforced Body","floor":0},{"not_picked":["Undo","Compile Driver"],"picked":"Cold Snap","floor":0},{"not_picked":["Compile Driver","Leap"],"picked":"Consume","floor":1},{"not_picked":["Turbo","Go for the Eyes","Ball Lightning"],"picked":"SKIP","floor":3},{"not_picked":["Darkness","Melter"],"picked":"Coolheaded","floor":5},{"not_picked":["Genetic Algorithm","Rainbow"],"picked":"Loop","floor":7},{"not_picked":["Stack","Conserve Battery"],"picked":"Leap","floor":10},{"not_picked":["Darkness","Gash","Skim"],"picked":"SKIP","floor":12},{"not_picked":["Biased Cognition+1","Seek"],"picked":"Creative AI+1","floor":16},{"not_picked":["Ball Lightning","Recycle","Steam"],"picked":"SKIP","floor":18},{"not_picked":["Ball Lightning","Recycle","Steam"],"picked":"SKIP","floor":18},{"not_picked":["Steam","Gash"],"picked":"Skim+1","floor":20}],"player_experience":1542347,"relics_obtained":[{"floor":7,"key":"Bag of Marbles"},{"floor":9,"key":"Frozen Egg 2"},{"floor":10,"key":"Blood Vial"},{"floor":12,"key":"Incense Burner"}],"event_choices":[{"damage_healed":0,"gold_gain":0,"player_choice":"Entered Light","damage_taken":21,"max_hp_gain":0,"max_hp_loss":0,"event_name":"Shining Light","floor":2,"gold_loss":0,"cards_upgraded":["Zap","Defend_B"]},{"damage_healed":0,"gold_gain":0,"player_choice":"Lose Max HP","damage_taken":0,"relics_obtained":["Golden Idol"],"max_hp_gain":0,"max_hp_loss":7,"event_name":"Golden Idol","floor":4,"gold_loss":0},{"cards_removed":["Strike_B"],"damage_healed":0,"gold_gain":0,"player_choice":"Card Removal","damage_taken":7,"max_hp_gain":0,"max_hp_loss":0,"event_name":"Golden Wing","floor":13,"gold_loss":0},{"damage_healed":0,"gold_gain":0,"player_choice":"Got Potions","damage_taken":0,"max_hp_gain":0,"max_hp_loss":0,"event_name":"Lab","floor":21,"gold_loss":0}],"is_beta":false,"boss_relics":[{"not_picked":["Ectoplasm","Eternal Feather"],"picked":"Cursed Key"}],"items_purged_floors":[],"is_endless":false,"potions_floor_spawned":[1,3,5,16],"killed_by":"Gremlin Leader","ascension_level":20}