{"gold_per_floor":[118,118,130,130,205,205,230,230,230,241,272,272,156,186,186,257,257,271,271,271,286,1,1],"floor_reached":23,"playtime":782,"items_purged":["Pain"],"score":460,"play_id":"d680c18c-27ce-4191-88be-9e1683e5c7fb","local_time":"20190301133505","is_ascension_mode":true,"campfire_choices":[{"data":"Defragment","floor":6,"key":"SMITH"},{"data":"Defragment","floor":12,"key":"SMITH"},{"floor":15,"key":"REST"}],"neow_cost":"NONE","seed_source_timestamp":6969991521000,"circlet_count":0,"master_deck":["AscendersBane","Zap+1","Dualcast+1","Defragment+1","Rainbow","Hologram","Coolheaded","Defragment+1","Capacitor","Amplify","Fission","Echo Form","Electrodynamics","Scrape","Auto Shields","Core Surge","Buffer","Aggregate","Defragment+1","Recycle"],"relics":["Cracked Core","NeowsBlessing","WarpedTongs","War Paint","Blue Candle","Calipers","Turnip","Juzu Bracelet","Pandora\u0027s Box","Toxic Egg 2"],"potions_floor_usage":[14],"damage_taken":[{"damage":0,"enemies":"2 Louse","floor":1,"turns":1},{"damage":0,"enemies":"Cultist","floor":3,"turns":1},{"damage":0,"enemies":"Gremlin Nob","floor":7,"turns":1},{"damage":3,"enemies":"Jaw Worm","floor":10,"turns":3},{"damage":8,"enemies":"Lagavulin","floor":11,"turns":5},{"damage":10,"enemies":"3 Sentries","floor":14,"turns":4},{"damage":26,"enemies":"Slime Boss","floor":16,"turns":8},{"damage":14,"enemies":"2 Thieves","floor":18,"turns":4},{"damage":0,"enemies":"Spheric Guardian","floor":21,"turns":4},{"damage":28,"enemies":"Slavers","floor":23,"turns":2}],"seed_played":"-708144030680169009","potions_obtained":[{"floor":1,"key":"FearPotion"},{"floor":10,"key":"Fire Potion"},{"floor":14,"key":"SpeedPotion"},{"floor":21,"key":"Strength Potion"}],"is_trial":false,"path_per_floor":["M","?","M","?","?","R","E","?","T","M","E","R","$","E","R","B",null,"M","$","?","M","$","E"],"character_chosen":"DEFECT","items_purchased":["Capacitor","Toxic Egg 2"],"campfire_rested":1,"item_purchase_floors":[13,22],"current_hp_per_floor":[64,64,64,53,42,42,42,42,42,39,31,31,31,21,42,16,57,43,43,43,43,43,15],"gold":1,"neow_bonus":"THREE_ENEMY_KILL","is_prod":false,"is_daily":false,"chose_seed":false,"campfire_upgraded":2,"win_rate":0,"timestamp":1551414905,"path_taken":["M","?","?","?","?","R","E","?","T","M","E","R","$","E","R","BOSS","M","$","?","M","?","E"],"build_version":"2019-01-23","purchased_purges":1,"victory":false,"max_hp_per_floor":[71,71,71,71,71,71,71,71,71,71,71,71,71,71,71,71,71,71,71,71,71,71,71],"card_choices":[{"not_picked":["Undo","Conserve Battery"],"picked":"Defragment","floor":1},{"not_picked":["Recycle","Lockon","Sweeping Beam"],"picked":"SKIP","floor":3},{"not_picked":["Rebound","Tempest"],"picked":"Rainbow","floor":7},{"not_picked":["Barrage","Compile Driver"],"picked":"Coolheaded","floor":10},{"not_picked":["Undo","Coolheaded"],"picked":"Defragment","floor":11},{"not_picked":["Streamline","Rip and Tear"],"picked":"Amplify","floor":14},{"not_picked":["Machine Learning","Echo Form"],"picked":"Fission","floor":16},{"not_picked":["Sweeping Beam","Tempest+1","Gash"],"picked":"SKIP","floor":18},{"not_picked":["Tempest","Hologram"],"picked":"Recycle","floor":21}],"player_experience":1912549,"relics_obtained":[{"floor":7,"key":"Blue Candle"},{"floor":9,"key":"Calipers"},{"floor":11,"key":"Turnip"},{"floor":14,"key":"Juzu Bracelet"}],"event_choices":[{"damage_healed":0,"gold_gain":0,"player_choice":"Rummage","damage_taken":0,"relics_obtained":["WarpedTongs"],"max_hp_gain":0,"max_hp_loss":0,"event_name":"Accursed Blacksmith","floor":2,"gold_loss":0,"cards_obtained":["Pain"]},{"damage_healed":0,"gold_gain":0,"player_choice":"Success","damage_taken":11,"relics_obtained":["War Paint"],"max_hp_gain":0,"max_hp_loss":0,"event_name":"Scrap Ooze","floor":4,"gold_loss":0},{"damage_healed":0,"gold_gain":75,"player_choice":"Gather Gold","damage_taken":11,"max_hp_gain":0,"max_hp_loss":0,"event_name":"World of Goop","floor":5,"gold_loss":0},{"damage_healed":0,"gold_gain":0,"cards_transformed":["Defend_B"],"player_choice":"Transformed","damage_taken":0,"max_hp_gain":0,"max_hp_loss":0,"event_name":"Transmorgrifier","floor":8,"gold_loss":0,"cards_obtained":["Hologram"]},{"damage_healed":0,"gold_gain":0,"player_choice":"Copied","damage_taken":0,"max_hp_gain":0,"max_hp_loss":0,"event_name":"Duplicator","floor":20,"gold_loss":0,"cards_obtained":["Defragment"]}],"is_beta":false,"boss_relics":[{"not_picked":["Tiny House","Black Star"],"picked":"Pandora\u0027s Box"}],"items_purged_floors":[13],"is_endless":false,"potions_floor_spawned":[1,10,11,14,18,21],"killed_by":"Slavers","ascension_level":20}