{"gold_per_floor":[114,128,25,25,25,51,65,76,129,162,162,173,37,37],"floor_reached":14,"playtime":369,"items_purged":[],"score":250,"play_id":"6961794d-e5d5-4069-939e-9429589f38f5","local_time":"20190309174332","is_ascension_mode":true,"campfire_choices":[{"data":"Discovery","floor":11,"key":"SMITH"}],"neow_cost":"NONE","seed_source_timestamp":26994985435600,"circlet_count":0,"master_deck":["AscendersBane","Strike_R","Strike_R","Strike_R","Strike_R","Strike_R","Defend_R","Defend_R","Defend_R","Defend_R","Bash","Evolve","Entrench","Discovery+1","Shrug It Off","True Grit","Body Slam","Barricade"],"relics":["Burning Blood","NeowsBlessing","Sundial","Art of War","Centennial Puzzle"],"potions_floor_usage":[8,14,14],"damage_taken":[{"damage":0,"enemies":"Small Slimes","floor":1,"turns":1},{"damage":0,"enemies":"Jaw Worm","floor":2,"turns":1},{"damage":0,"enemies":"3 Sentries","floor":6,"turns":1},{"damage":1,"enemies":"Cultist","floor":7,"turns":4},{"damage":10,"enemies":"Large Slime","floor":8,"turns":4},{"damage":32,"enemies":"Lagavulin","floor":10,"turns":7},{"damage":40,"enemies":"Exordium Wildlife","floor":12,"turns":7},{"damage":20,"enemies":"Gremlin Nob","floor":14,"turns":3}],"seed_played":"-8656290127707052468","potions_obtained":[{"floor":2,"key":"LiquidBronze"},{"floor":7,"key":"Poison Potion"},{"floor":8,"key":"Strength Potion"}],"is_trial":false,"path_per_floor":["M","M","$","?","?","E","M","M","T","E","R","M","$","E"],"character_chosen":"IRONCLAD","items_purchased":["Discovery","Energy Potion","Regen Potion"],"campfire_rested":0,"item_purchase_floors":[3,13,13],"current_hp_per_floor":[74,75,75,75,80,80,80,76,76,50,50,16,16,8],"gold":37,"neow_bonus":"THREE_ENEMY_KILL","is_prod":false,"is_daily":false,"chose_seed":false,"campfire_upgraded":1,"win_rate":0,"timestamp":1552121012,"path_taken":["M","M","$","?","?","E","M","M","T","E","R","M","$","E"],"build_version":"2019-01-23","purchased_purges":0,"victory":false,"max_hp_per_floor":[75,75,75,75,80,80,80,80,80,80,80,80,80,80],"card_choices":[{"not_picked":["Body Slam","Clothesline"],"picked":"Evolve","floor":1},{"not_picked":["Dual Wield","Heavy Blade"],"picked":"Entrench","floor":2},{"not_picked":["Clothesline","Pommel Strike"],"picked":"Shrug It Off","floor":6},{"not_picked":["Warcry","Heavy Blade","Thunderclap"],"picked":"SKIP","floor":7},{"not_picked":["Warcry","Heavy Blade","Thunderclap"],"picked":"SKIP","floor":7},{"not_picked":["Clash","Flex"],"picked":"True Grit","floor":8},{"not_picked":["Bloodletting","Pummel"],"picked":"Body Slam","floor":10},{"not_picked":["Body Slam","Corruption"],"picked":"Barricade","floor":12}],"player_experience":2100378,"relics_obtained":[{"floor":6,"key":"Sundial"},{"floor":9,"key":"Art of War"},{"floor":10,"key":"Centennial Puzzle"}],"event_choices":[{"damage_healed":0,"gold_gain":0,"player_choice":"Ignored","damage_taken":0,"max_hp_gain":0,"max_hp_loss":0,"event_name":"Liars Game","floor":4,"gold_loss":0},{"damage_healed":0,"gold_gain":0,"player_choice":"Donut","damage_taken":0,"max_hp_gain":5,"max_hp_loss":0,"event_name":"Big Fish","floor":5,"gold_loss":0}],"is_beta":false,"boss_relics":[],"items_purged_floors":[],"is_endless":false,"potions_floor_spawned":[2,7,8],"killed_by":"Gremlin Nob","ascension_level":20}