{"gold_per_floor":[13,88,88,108,122,122,152,152,178,203,203,228,8,28,28,28],"floor_reached":16,"playtime":566,"items_purged":[],"score":336,"play_id":"054663b2-b1f8-4f8f-8e14-252a1d1ab518","local_time":"20190411122221","is_ascension_mode":true,"campfire_choices":[{"data":"Bash","floor":6,"key":"SMITH"},{"data":"Strike_R","floor":8,"key":"SMITH"},{"floor":11,"key":"REST"},{"data":"Heavy Blade","floor":15,"key":"SMITH"}],"neow_cost":"NO_GOLD","seed_source_timestamp":0,"circlet_count":0,"master_deck":["AscendersBane","Strike_R","Strike_R","Strike_R+1","Defend_R","Defend_R","Defend_R","Defend_R","Bash+1","Second Wind","Corruption","Shrug It Off","Disarm","Shockwave","Heavy Blade+1","Shrug It Off"],"special_seed":0,"relics":["Burning Blood","Orichalcum","Bag of Marbles","Anchor","Turnip","Champion Belt","Vajra"],"potions_floor_usage":[7,16],"damage_taken":[{"damage":1,"enemies":"2 Louse","floor":1,"turns":2},{"damage":4,"enemies":"Jaw Worm","floor":4,"turns":4},{"damage":15,"enemies":"Cultist","floor":5,"turns":5},{"damage":17,"enemies":"Lagavulin","floor":7,"turns":7},{"damage":28,"enemies":"Gremlin Nob","floor":10,"turns":6},{"damage":12,"enemies":"Lagavulin","floor":12,"turns":8},{"damage":4,"enemies":"3 Louse","floor":14,"turns":4},{"damage":44,"enemies":"Slime Boss","floor":16,"turns":10}],"seed_played":"8095108247251364023","potions_obtained":[{"floor":1,"key":"Strength Potion"},{"floor":4,"key":"Energy Potion"},{"floor":7,"key":"FearPotion"}],"is_trial":false,"path_per_floor":["M","?","?","M","M","R","E","R","T","E","R","E","$","M","R","B"],"character_chosen":"IRONCLAD","items_purchased":["Heavy Blade","Vajra"],"campfire_rested":1,"item_purchase_floors":[13,13],"current_hp_per_floor":[73,62,62,64,55,55,44,44,44,22,44,38,38,40,40,0],"gold":28,"neow_bonus":"TRANSFORM_TWO_CARDS","is_prod":false,"is_daily":false,"chose_seed":false,"campfire_upgraded":3,"win_rate":0,"timestamp":1554952941,"path_taken":["M","?","?","M","?","R","E","R","T","E","R","E","$","M","R","BOSS"],"build_version":"2019-01-23","purchased_purges":0,"victory":false,"max_hp_per_floor":[75,75,75,75,75,75,75,75,75,75,75,75,75,75,75,75],"card_choices":[{"not_picked":["True Grit","Power Through"],"picked":"Second Wind","floor":1},{"not_picked":["Anger","Intimidate"],"picked":"Corruption","floor":4},{"not_picked":["Inflame","Body Slam"],"picked":"Shrug It Off","floor":5},{"not_picked":["Anger","Dual Wield"],"picked":"Disarm","floor":7},{"not_picked":["Warcry","Bludgeon"],"picked":"Shockwave","floor":10},{"not_picked":["Iron Wave","Headbutt","Hemokinesis"],"picked":"SKIP","floor":12},{"not_picked":["Iron Wave","Headbutt","Hemokinesis"],"picked":"SKIP","floor":12},{"not_picked":["Anger","Wild Strike"],"picked":"Shrug It Off","floor":14}],"player_experience":3047106,"relics_obtained":[{"floor":7,"key":"Bag of Marbles"},{"floor":9,"key":"Anchor"},{"floor":10,"key":"Turnip"},{"floor":12,"key":"Champion Belt"}],"event_choices":[{"damage_healed":0,"gold_gain":75,"player_choice":"Gather Gold","damage_taken":11,"max_hp_gain":0,"max_hp_loss":0,"event_name":"World of Goop","floor":2,"gold_loss":0},{"damage_healed":0,"gold_gain":0,"player_choice":"Gave Potion","damage_taken":0,"relics_obtained":["Orichalcum"],"max_hp_gain":0,"max_hp_loss":0,"event_name":"WeMeetAgain","floor":3,"gold_loss":0}],"is_beta":false,"boss_relics":[],"items_purged_floors":[],"is_endless":false,"potions_floor_spawned":[1,4,7],"killed_by":"Slime Boss","ascension_level":20}