{"gold_per_floor":[359,359,359,10,24,53,53,84,129,129,147,177,177,195,195,299,299,315,332,21,33,33,64,64,91,91,91,110,110,110,129,129,129],"floor_reached":33,"playtime":1994,"items_purged":[],"score":394,"play_id":"6c6897bc-334f-46fd-821a-1db997112710","local_time":"20190426164029","is_ascension_mode":true,"campfire_choices":[{"floor":7,"key":"RECALL"},{"floor":10,"key":"REST"},{"data":"Envenom","floor":13,"key":"SMITH"},{"data":"Accuracy","floor":15,"key":"SMITH"},{"floor":24,"key":"REST"},{"floor":27,"key":"REST"},{"data":"Accuracy","floor":29,"key":"SMITH"},{"data":"Wraith Form v2","floor":32,"key":"SMITH"}],"neow_cost":"PERCENT_DAMAGE","seed_source_timestamp":168431955162200,"circlet_count":0,"master_deck":["Defend_G+1","Defend_G","Defend_G","Defend_G","Defend_G","Strike_G","Strike_G","Strike_G","Strike_G","Strike_G","Survivor","Neutralize","Cloak And Dagger","Bullet Time","Neutralize","Caltrops","Infinite Blades","Crippling Poison","Accuracy+1","Accuracy+1","Cloak And Dagger","PiercingWail","Envenom+1","Crippling Poison+1","Corpse Explosion","Bane+1","Infinite Blades","PiercingWail","Accuracy+1","Neutralize","Wraith Form v2+1"],"relics":["Ring of the Snake","Toolbox","Blood Vial","Bag of Marbles","Centennial Puzzle","Busted Crown","Toy Ornithopter","Smiling Mask","Sundial","War Paint","Gremlin Horn"],"potions_floor_usage":[6,12,12,21,23,28],"damage_taken":[{"damage":6,"enemies":"Jaw Worm","floor":1,"turns":8},{"damage":5,"enemies":"2 Louse","floor":5,"turns":2},{"damage":10,"enemies":"Gremlin Nob","floor":6,"turns":4},{"damage":24,"enemies":"Lagavulin","floor":8,"turns":8},{"damage":6,"enemies":"Cultist","floor":11,"turns":4},{"damage":9,"enemies":"3 Sentries","floor":12,"turns":8},{"damage":0,"enemies":"Blue Slaver","floor":14,"turns":4},{"damage":19,"enemies":"Hexaghost","floor":16,"turns":9},{"damage":9,"enemies":"Shell Parasite","floor":18,"turns":5},{"damage":0,"enemies":"3 Byrds","floor":19,"turns":2},{"damage":28,"enemies":"Centurion and Healer","floor":21,"turns":4},{"damage":15,"enemies":"Book of Stabbing","floor":23,"turns":4},{"damage":21,"enemies":"Gremlin Leader","floor":25,"turns":4},{"damage":0,"enemies":"Shelled Parasite and Fungi","floor":28,"turns":3},{"damage":0,"enemies":"3 Cultists","floor":31,"turns":3},{"damage":70,"enemies":"Collector","floor":33,"turns":5}],"seed_played":"4218730774522732145","potions_obtained":[{"floor":1,"key":"Poison Potion"},{"floor":8,"key":"Regen Potion"},{"floor":11,"key":"Swift Potion"},{"floor":12,"key":"Fruit Juice"},{"floor":16,"key":"LiquidBronze"},{"floor":18,"key":"Fire Potion"}],"is_trial":false,"path_per_floor":["M","?","?","$","M","E","R","E","T","R","M","E","R","M","R","B",null,"M","M","$","M","?","E","R","E","T","R","M","R","?","M","R","B"],"character_chosen":"THE_SILENT","items_purchased":["Infinite Blades","Toolbox","Crippling Poison","Infinite Blades","Toy Ornithopter","PiercingWail"],"campfire_rested":3,"item_purchase_floors":[4,4,4,20,20,20],"current_hp_per_floor":[39,62,62,62,57,47,47,25,25,46,42,55,55,57,57,40,66,59,61,61,40,40,32,54,35,35,57,64,64,64,66,66,0],"gold":129,"neow_bonus":"TWO_FIFTY_GOLD","is_prod":false,"is_daily":false,"chose_seed":false,"campfire_upgraded":4,"win_rate":0,"timestamp":1556311229,"path_taken":["M","?","?","$","?","E","R","E","T","R","M","E","R","M","R","BOSS","M","M","$","M","?","E","R","E","T","R","M","R","?","M","R","BOSS"],"build_version":"2019-01-23","purchased_purges":0,"victory":false,"max_hp_per_floor":[70,70,70,70,70,70,70,70,70,70,70,75,75,75,75,75,75,75,75,75,75,75,75,75,75,75,75,75,75,75,75,75,75],"card_choices":[{"not_picked":["Caltrops","Poisoned Stab"],"picked":"Cloak And Dagger","floor":1},{"not_picked":["Catalyst","Caltrops"],"picked":"Accuracy","floor":5},{"not_picked":["Quick Slash","Tactician"],"picked":"Accuracy","floor":6},{"not_picked":["Underhanded Strike","PiercingWail"],"picked":"Cloak And Dagger","floor":8},{"not_picked":["Outmaneuver","Setup"],"picked":"PiercingWail","floor":11},{"not_picked":["Escape Plan","Backflip"],"picked":"Envenom","floor":12},{"not_picked":["Distraction","Flying Knee"],"picked":"Crippling Poison","floor":14},{"not_picked":["Doppelganger","Grand Finale"],"picked":"Corpse Explosion","floor":16},{"not_picked":[],"picked":"Bane+1","floor":18},{"not_picked":["Dodge and Roll+1"],"picked":"SKIP","floor":19},{"not_picked":["Finisher"],"picked":"SKIP","floor":21},{"not_picked":[],"picked":"Accuracy+1","floor":23},{"not_picked":["Eviscerate"],"picked":"SKIP","floor":25},{"not_picked":["Eviscerate+1"],"picked":"SKIP","floor":28},{"not_picked":["Flying Knee"],"picked":"SKIP","floor":31}],"player_experience":175617,"relics_obtained":[{"floor":6,"key":"Blood Vial"},{"floor":8,"key":"Bag of Marbles"},{"floor":12,"key":"Centennial Puzzle"},{"floor":23,"key":"Sundial"},{"floor":25,"key":"War Paint"},{"floor":26,"key":"Gremlin Horn"}],"event_choices":[{"damage_healed":23,"gold_gain":0,"player_choice":"Banana","damage_taken":0,"max_hp_gain":0,"max_hp_loss":0,"event_name":"Big Fish","floor":2,"gold_loss":0},{"damage_healed":0,"gold_gain":0,"player_choice":"3 cards matched","damage_taken":0,"max_hp_gain":0,"max_hp_loss":0,"event_name":"Match and Keep!","floor":3,"gold_loss":0,"cards_obtained":["Bullet Time","Neutralize","Caltrops"]},{"damage_healed":0,"gold_gain":0,"player_choice":"3 cards matched","damage_taken":0,"max_hp_gain":0,"max_hp_loss":0,"event_name":"Match and Keep!","floor":3,"gold_loss":0,"cards_obtained":["Bullet Time","Neutralize","Caltrops"]},{"damage_healed":0,"gold_gain":0,"player_choice":"Opened","damage_taken":0,"relics_obtained":["Smiling Mask"],"max_hp_gain":0,"max_hp_loss":0,"event_name":"The Mausoleum","floor":22,"gold_loss":0},{"damage_healed":0,"gold_gain":0,"player_choice":"2 cards matched","damage_taken":0,"max_hp_gain":0,"max_hp_loss":0,"event_name":"Match and Keep!","floor":30,"gold_loss":0,"cards_obtained":["Neutralize","Wraith Form v2"]},{"damage_healed":0,"gold_gain":0,"player_choice":"2 cards matched","damage_taken":0,"max_hp_gain":0,"max_hp_loss":0,"event_name":"Match and Keep!","floor":30,"gold_loss":0,"cards_obtained":["Neutralize","Wraith Form v2"]}],"is_beta":false,"boss_relics":[{"not_picked":["Orrery","Philosopher\u0027s Stone"],"picked":"Busted Crown"}],"items_purged_floors":[],"is_endless":false,"potions_floor_spawned":[1,8,11,12,16,18],"killed_by":"Collector","ascension_level":6}