{"gold_per_floor":[112,112,62,85,108,108,151,2,26,26,39,75,90,126,126,219,219,235,235],"floor_reached":19,"playtime":578,"items_purged":["Strike_R"],"score":334,"play_id":"d7fa72e5-cce1-4c22-8024-5e95627c7edf","local_time":"20190203201506","is_ascension_mode":true,"campfire_choices":[{"data":"Bash","floor":6,"key":"SMITH"},{"data":"Carnage","floor":10,"key":"SMITH"},{"data":"Body Slam","floor":15,"key":"SMITH"}],"neow_cost":"CURSE","seed_source_timestamp":127563232656700,"circlet_count":0,"master_deck":["AscendersBane","Strike_R","Strike_R","Strike_R+1","Strike_R","Defend_R","Defend_R","Defend_R","Defend_R","Bash+1","Feed+1","Power Through","Evolve","Flex","Carnage+1","Seeing Red","Body Slam+1","Demon Form","Rage"],"relics":["Burning Blood","Golden Idol","Whetstone","Omamori","Strawberry","Vajra","Mark of Pain"],"potions_floor_usage":[7,7,16],"damage_taken":[{"damage":13,"enemies":"Jaw Worm","floor":1,"turns":5},{"damage":5,"enemies":"Cultist","floor":4,"turns":4},{"damage":7,"enemies":"Small Slimes","floor":5,"turns":7},{"damage":14,"enemies":"3 Sentries","floor":7,"turns":11},{"damage":8,"enemies":"Blue Slaver","floor":11,"turns":3},{"damage":19,"enemies":"Gremlin Nob","floor":12,"turns":4},{"damage":12,"enemies":"Looter","floor":13,"turns":3},{"damage":25,"enemies":"Lagavulin","floor":14,"turns":4},{"damage":23,"enemies":"Slime Boss","floor":16,"turns":4},{"damage":34,"enemies":"Shell Parasite","floor":18,"turns":8},{"damage":57,"enemies":"Masked Bandits","floor":19,"turns":3}],"seed_played":"-8975822830046456620","potions_obtained":[{"floor":1,"key":"Block Potion"},{"floor":5,"key":"PowerPotion"},{"floor":7,"key":"LiquidBronze"},{"floor":14,"key":"SkillPotion"}],"is_trial":false,"path_per_floor":["M","?","?","M","M","R","E","$","T","R","M","E","M","E","R","B",null,"M","?"],"character_chosen":"IRONCLAD","items_purchased":["Carnage"],"campfire_rested":0,"item_purchase_floors":[8],"current_hp_per_floor":[68,68,68,72,74,74,69,69,69,69,71,65,59,40,40,27,80,56,0],"gold":235,"neow_bonus":"THREE_RARE_CARDS","is_prod":false,"is_daily":false,"chose_seed":false,"campfire_upgraded":3,"win_rate":0,"timestamp":1549192506,"path_taken":["M","?","?","?","M","R","E","?","T","R","M","E","M","E","R","BOSS","M","?"],"build_version":"2019-01-23","purchased_purges":1,"victory":false,"max_hp_per_floor":[83,77,74,77,80,80,83,83,83,83,87,94,94,94,94,98,98,102,102],"card_choices":[{"not_picked":["Exhume","Limit Break"],"picked":"Feed","floor":0},{"not_picked":["Rupture","True Grit"],"picked":"Power Through","floor":1},{"not_picked":["Pummel","Iron Wave","True Grit"],"picked":"SKIP","floor":4},{"not_picked":["Pummel","Armaments"],"picked":"Evolve","floor":5},{"not_picked":["Perfected Strike","Rupture"],"picked":"Flex","floor":7},{"not_picked":["Seeing Red","Pommel Strike","Thunderclap"],"picked":"SKIP","floor":11},{"not_picked":["Pommel Strike","Thunderclap"],"picked":"Seeing Red","floor":11},{"not_picked":["Perfected Strike","Heavy Blade","Inflame"],"picked":"SKIP","floor":12},{"not_picked":["Clash","Anger","Reckless Charge"],"picked":"SKIP","floor":13},{"not_picked":["Limit Break","Heavy Blade"],"picked":"Body Slam","floor":14},{"not_picked":["Dark Embrace","Double Tap"],"picked":"Demon Form","floor":16},{"not_picked":["Twin Strike","Warcry"],"picked":"Rage","floor":18}],"player_experience":39211,"relics_obtained":[{"floor":7,"key":"Whetstone"},{"floor":9,"key":"Omamori"},{"floor":12,"key":"Strawberry"},{"floor":14,"key":"Vajra"}],"event_choices":[{"damage_healed":0,"gold_gain":0,"player_choice":"Lose Max HP","damage_taken":0,"relics_obtained":["Golden Idol"],"max_hp_gain":0,"max_hp_loss":6,"event_name":"Golden Idol","floor":2,"gold_loss":0},{"cards_removed":["Parasite"],"damage_healed":0,"gold_gain":0,"player_choice":"Card Removal","damage_taken":0,"max_hp_gain":0,"max_hp_loss":0,"event_name":"The Cleric","floor":3,"gold_loss":50},{"damage_healed":0,"gold_gain":0,"player_choice":"Fought Bandits","damage_taken":0,"max_hp_gain":0,"max_hp_loss":0,"event_name":"Masked Bandits","floor":19,"gold_loss":0}],"is_beta":false,"boss_relics":[{"not_picked":["Eternal Feather","Velvet Choker"],"picked":"Mark of Pain"}],"items_purged_floors":[8],"is_endless":false,"potions_floor_spawned":[1,5,7,14],"killed_by":"Masked Bandits","ascension_level":13}