{"gold_per_floor":[109,109,109,109,72,111,111,150,198,213,2,36,36,56,56,155,155,180,95,95,45,59,88,88,122,122,122,78,78,113,131,131,204,204,215,76,76,76,96,131,131,0,0,15,15,15,15,61,61,61,61,61,61,35,66,66],"floor_reached":56,"playtime":1846,"items_purged":["Strike_R","Strike_R","Strike_R"],"score":1986,"play_id":"6f1d8c65-d895-4137-b63d-1b17d304b6a9","local_time":"20190418154212","is_ascension_mode":true,"campfire_choices":[{"data":"Inflame","floor":7.0,"key":"SMITH"},{"data":"Juggernaut","floor":13.0,"key":"SMITH"},{"data":"Flame Barrier","floor":15.0,"key":"SMITH"},{"data":"Armaments","floor":24.0,"key":"SMITH"},{"data":"Metallicize","floor":29.0,"key":"SMITH"},{"floor":32.0,"key":"DIG"},{"floor":41.0,"key":"DIG"},{"data":"Armaments","floor":45.0,"key":"SMITH"},{"floor":47.0,"key":"DIG"},{"floor":49.0,"key":"RECALL"},{"data":"Feel No Pain","floor":53.0,"key":"SMITH"}],"neow_cost":"NONE","seed_source_timestamp":213161916370000,"circlet_count":0,"master_deck":["AscendersBane","Defend_R+1","Defend_R","Defend_R","Bash+1","Flame Barrier+1","Inflame+1","Feel No Pain","Juggernaut+1","Fiend Fire+1","Evolve","Immolate","Shrug It Off","Corruption","Armaments+1","Armaments+1","Feel No Pain+1","Metallicize+1","Whirlwind+1","Offering","True Grit","Bandage Up","Shockwave","Rage+1","Master of Strategy","Dark Shackles","Carnage","Armaments","Body Slam"],"special_seed":0,"relics":["Burning Blood","NeowsBlessing","Bloody Idol","Potion Belt","Magic Flower","Vajra","Smiling Mask","Bronze Scales","Pen Nib","Black Star","Mummified Hand","Dodecahedron","Boot","Orichalcum","Bag of Marbles","Blue Candle","Shovel","Omamori","Ice Cream","White Beast Statue","Paper Frog","Regal Pillow","Torii","Red Mask","Mango","Thread and Needle","Calipers","Whetstone"],"potions_floor_usage":[56,56],"damage_taken":[{"damage":0.0,"enemies":"Small Slimes","floor":1.0,"turns":1.0},{"damage":0.0,"enemies":"Lagavulin","floor":6.0,"turns":1.0},{"damage":0.0,"enemies":"3 Sentries","floor":8.0,"turns":2.0},{"damage":1.0,"enemies":"2 Louse","floor":10.0,"turns":2.0},{"damage":25.0,"enemies":"Lagavulin","floor":12.0,"turns":7.0},{"damage":0.0,"enemies":"Cultist","floor":14.0,"turns":2.0},{"damage":36.0,"enemies":"The Guardian","floor":16.0,"turns":10.0},{"damage":8.0,"enemies":"Spheric Guardian","floor":18.0,"turns":3.0},{"damage":33.0,"enemies":"Shell Parasite","floor":22.0,"turns":6.0},{"damage":18.0,"enemies":"Book of Stabbing","floor":23.0,"turns":4.0},{"damage":9.0,"enemies":"Gremlin Leader","floor":25.0,"turns":5.0},{"damage":29.0,"enemies":"Slavers","floor":30.0,"turns":3.0},{"damage":11.0,"enemies":"Snake Plant","floor":31.0,"turns":3.0},{"damage":7.0,"enemies":"Automaton","floor":33.0,"turns":9.0},{"damage":30.0,"enemies":"3 Darklings","floor":35.0,"turns":4.0},{"damage":6.0,"enemies":"Orb Walker","floor":39.0,"turns":3.0},{"damage":53.0,"enemies":"Reptomancer","floor":40.0,"turns":4.0},{"damage":13.0,"enemies":"Transient","floor":44.0,"turns":6.0},{"damage":7.0,"enemies":"2 Orb Walkers","floor":48.0,"turns":3.0},{"damage":22.0,"enemies":"Donu and Deca","floor":50.0,"turns":8.0},{"damage":35.0,"enemies":"Time Eater","floor":51.0,"turns":11.0},{"damage":39.0,"enemies":"Shield and Spear","floor":55.0,"turns":5.0},{"damage":71,"enemies":"The Heart","floor":56,"turns":8}],"seed_played":"1134147473314891267","potions_obtained":[{"floor":1.0,"key":"LiquidBronze"},{"floor":8.0,"key":"BloodPotion"},{"floor":16.0,"key":"EssenceOfSteel"},{"floor":22.0,"key":"Fruit Juice"},{"floor":30.0,"key":"Weak Potion"},{"floor":33.0,"key":"Poison Potion"},{"floor":35.0,"key":"Block Potion"},{"floor":39.0,"key":"PowerPotion"},{"floor":44.0,"key":"SpeedPotion"},{"floor":48.0,"key":"EssenceOfSteel"},{"floor":55.0,"key":"Strength Potion"}],"is_trial":false,"path_per_floor":["M","?","?","?","$","E","R","E","T","M","$","E","R","M","R","B",null,"M","?","?","$","M","E","R","E","T","?","$","R","E","M","R","B",null,"M","$","?","?","M","E","R","?","T","M","R","?","R","?","R","B","B",null,"R","$","E","B"],"character_chosen":"IRONCLAD","items_purchased":["Inflame","Bronze Scales","Metallicize","Bandage Up","Armaments"],"campfire_rested":0,"item_purchase_floors":[5,11,28,36,54],"current_hp_per_floor":[74,51,25,25,25,31,31,40,40,48,48,43,43,52,52,25,63,64,64,64,64,45,49,49,54,54,54,54,54,39,42,42,49,72,56,56,56,72,80,41,41,41,41,48,48,38,52,65,65,58,38,80,80,80,61,0],"gold":66,"neow_bonus":"THREE_ENEMY_KILL","is_prod":false,"is_daily":false,"chose_seed":false,"campfire_upgraded":7,"win_rate":0,"timestamp":1555569732,"path_taken":["M","?","?","?","$","E","R","E","T","?","$","E","R","?","R","BOSS","M","?","?","?","M","E","R","E","T","?","$","R","E","M","R","BOSS","M","$","?","?","M","E","R","?","T","M","R","?","R","?","R","BOSS","BOSS","R","$","E","BOSS"],"build_version":"2019-01-23","purchased_purges":3,"victory":false,"max_hp_per_floor":[75,75,75,75,75,75,75,75,75,75,75,75,75,75,75,75,75,75,75,75,75,75,80,80,80,80,80,80,80,80,80,80,80,80,80,80,80,80,80,80,80,80,80,80,80,80,94,94,94,94,94,94,94,94,94,94],"card_choices":[{"not_picked":["Blood for Blood","Warcry"],"picked":"Flame Barrier","floor":1.0},{"not_picked":["Havoc","Flame Barrier"],"picked":"Feel No Pain","floor":6.0},{"not_picked":["Intimidate","Shockwave"],"picked":"Juggernaut","floor":8.0},{"not_picked":["Clash","Twin Strike","Sentinel"],"picked":"SKIP","floor":10.0},{"not_picked":["Shrug It Off","Pommel Strike"],"picked":"Fiend Fire","floor":12.0},{"not_picked":["Sword Boomerang","Cleave"],"picked":"Evolve","floor":14.0},{"not_picked":["Reaper","Juggernaut"],"picked":"Immolate","floor":16.0},{"not_picked":["Anger","Sentinel"],"picked":"Shrug It Off","floor":18.0},{"not_picked":["Feel No Pain","Warcry"],"picked":"Corruption","floor":22.0},{"not_picked":["Dropkick","Warcry"],"picked":"Armaments","floor":23.0},{"not_picked":["Whirlwind","Anger","Sever Soul"],"picked":"SKIP","floor":25.0},{"not_picked":["Wild Strike","Thunderclap","Sword Boomerang"],"picked":"SKIP","floor":30.0},{"not_picked":["Wild Strike","Thunderclap","Sword Boomerang"],"picked":"SKIP","floor":30.0},{"not_picked":["Carnage","Warcry"],"picked":"Whirlwind","floor":31.0},{"not_picked":["Bludgeon","Reaper"],"picked":"Offering","floor":33.0},{"not_picked":["Iron Wave","Bloodletting+1"],"picked":"True Grit","floor":35.0},{"not_picked":["Twin Strike","Wild Strike"],"picked":"Shockwave","floor":39.0},{"not_picked":["Cleave+1","Thunderclap","Iron Wave"],"picked":"SKIP","floor":40.0},{"not_picked":["Havoc+1","Iron Wave"],"picked":"Rage+1","floor":44.0},{"not_picked":["Bandage Up","Secret Weapon"],"picked":"Master of Strategy","floor":46.0},{"not_picked":["Good Instincts","The Bomb"],"picked":"Dark Shackles","floor":46.0},{"not_picked":["Havoc","Rupture"],"picked":"Carnage","floor":48.0},{"not_picked":["Perfected Strike","Iron Wave+1"],"picked":"Body Slam","floor":55.0}],"player_experience":3206245,"relics_obtained":[{"floor":6.0,"key":"Magic Flower"},{"floor":8.0,"key":"Vajra"},{"floor":9.0,"key":"Smiling Mask"},{"floor":12.0,"key":"Pen Nib"},{"floor":23.0,"key":"Dodecahedron"},{"floor":23.0,"key":"Boot"},{"floor":25.0,"key":"Orichalcum"},{"floor":25.0,"key":"Bag of Marbles"},{"floor":26.0,"key":"Blue Candle"},{"floor":30.0,"key":"Shovel"},{"floor":30.0,"key":"Omamori"},{"floor":32.0,"key":"Ice Cream"},{"floor":40.0,"key":"Paper Frog"},{"floor":40.0,"key":"Regal Pillow"},{"floor":41.0,"key":"Torii"},{"floor":47.0,"key":"Mango"},{"floor":48.0,"key":"Thread and Needle"},{"floor":55.0,"key":"Calipers"},{"floor":55.0,"key":"Whetstone"}],"event_choices":[{"damage_healed":0.0,"max_hp_gain":0.0,"max_hp_loss":0.0,"gold_gain":0.0,"event_name":"Shining Light","player_choice":"Entered Light","floor":2.0,"gold_loss":0.0,"damage_taken":23.0,"cards_upgraded":["Defend_R","Bash"]},{"damage_healed":0.0,"max_hp_gain":0.0,"max_hp_loss":0.0,"gold_gain":0.0,"event_name":"Golden Idol","player_choice":"Take Damage","floor":3.0,"gold_loss":0.0,"damage_taken":26.0,"relics_obtained":["Golden Idol"]},{"damage_healed":0.0,"max_hp_gain":0.0,"max_hp_loss":0.0,"gold_gain":0.0,"event_name":"WeMeetAgain","player_choice":"Gave Potion","floor":4.0,"gold_loss":0.0,"damage_taken":0.0,"relics_obtained":["Potion Belt"]},{"damage_healed":0.0,"max_hp_gain":0.0,"max_hp_loss":0.0,"gold_gain":0.0,"event_name":"Addict","player_choice":"Obtained Relic","floor":19.0,"gold_loss":85.0,"damage_taken":0.0,"relics_obtained":["Mummified Hand"]},{"damage_healed":0.0,"max_hp_gain":0.0,"max_hp_loss":0.0,"gold_gain":0.0,"event_name":"Forgotten Altar","player_choice":"Gave Idol","floor":20.0,"relics_lost":["Golden Idol"],"gold_loss":0.0,"damage_taken":0.0,"relics_obtained":["Bloody Idol"]},{"damage_healed":0.0,"max_hp_gain":0.0,"max_hp_loss":0.0,"gold_gain":0.0,"cards_transformed":["Strike_R","Strike_R"],"event_name":"Drug Dealer","player_choice":"Became Test Subject","floor":27.0,"gold_loss":0.0,"damage_taken":0.0,"cards_obtained":["Armaments","Feel No Pain"]},{"cards_removed":["Defend_R"],"damage_healed":0.0,"max_hp_gain":0.0,"max_hp_loss":0.0,"gold_gain":0.0,"event_name":"Falling","player_choice":"Removed Skill","floor":37.0,"gold_loss":0.0,"damage_taken":0.0},{"damage_healed":16.0,"max_hp_gain":0.0,"max_hp_loss":0.0,"gold_gain":0.0,"event_name":"Winding Halls","player_choice":"Writhe","floor":38.0,"gold_loss":0.0,"damage_taken":0.0,"cards_obtained":["Writhe"]},{"damage_healed":0.0,"max_hp_gain":0.0,"max_hp_loss":0.0,"gold_gain":0.0,"event_name":"Tomb of Lord Red Mask","player_choice":"Paid","floor":42.0,"gold_loss":131.0,"damage_taken":0.0,"relics_obtained":["Red Mask"]},{"damage_healed":0.0,"max_hp_gain":0.0,"max_hp_loss":0.0,"gold_gain":0.0,"event_name":"SensoryStone","player_choice":"Memory 3","floor":46.0,"gold_loss":0.0,"damage_taken":10.0},{"damage_healed":0.0,"max_hp_gain":0.0,"max_hp_loss":0.0,"gold_gain":0.0,"event_name":"Mysterious Sphere","player_choice":"Fight","floor":48.0,"gold_loss":0.0,"damage_taken":0.0}],"is_beta":false,"boss_relics":[{"not_picked":["Velvet Choker","Runic Pyramid"],"picked":"Black Star"},{"not_picked":["Eternal Feather","Mark of Pain"],"picked":"White Beast Statue"}],"items_purged_floors":[11,21,36],"is_endless":false,"potions_floor_spawned":[1,8,16,22,30,33,35,39,44,48,55],"killed_by":"The Heart","ascension_level":20}