{"gold_per_floor":[115,115,132,152,76,76,105,105,176,190,190,209,209,225,225,297,297,312,312,188,3,23,23,41,41,64,78,33,33,46,56,56,131,131,147,147,163,163,163,163,163],"floor_reached":41,"playtime":2265,"items_purged":[],"score":772,"play_id":"953a3f0c-c7fc-4ee0-ac7a-191925917a2f","local_time":"20190402192124","is_ascension_mode":true,"campfire_choices":[{"data":"Electrodynamics","floor":6,"key":"SMITH"},{"data":"Heatsinks","floor":8,"key":"SMITH"},{"data":"Hello World","floor":13,"key":"SMITH"},{"floor":15,"key":"REST"},{"floor":23,"key":"REST"},{"floor":29,"key":"REST"},{"floor":32,"key":"REST"},{"floor":40,"key":"REST"}],"neow_cost":"NONE","seed_source_timestamp":1655115838132193,"circlet_count":0,"master_deck":["AscendersBane","Strike_B","Strike_B","Strike_B","Strike_B","Defend_B","Defend_B","Defend_B","Defend_B","Zap+1","Dualcast","BootSequence","Capacitor","Electrodynamics+1","Heatsinks+1","FTL","Hello World+1","Parasite","Force Field","Creative AI","Ball Lightning","Loop","Conserve Battery","Ball Lightning","Darkness","Amplify","Echo Form","Storm","Static Discharge","Storm","Ball Lightning","Auto Shields","Conserve Battery","Stack","Leap","Static Discharge","Writhe","Panache"],"relics":["Cracked Core","Bag of Marbles","The Courier","Orrery","Bottled Lightning","Blood Vial","Inserter"],"potions_floor_usage":[3,3,10,16,18,19,22,24,27,31,37],"damage_taken":[{"damage":0,"enemies":"2 Louse","floor":1,"turns":3},{"damage":0,"enemies":"Small Slimes","floor":3,"turns":3},{"damage":0,"enemies":"Jaw Worm","floor":4,"turns":3},{"damage":5,"enemies":"3 Sentries","floor":7,"turns":3},{"damage":13,"enemies":"Exordium Thugs","floor":10,"turns":3},{"damage":4,"enemies":"Red Slaver","floor":12,"turns":3},{"damage":0,"enemies":"3 Louse","floor":14,"turns":2},{"damage":42,"enemies":"The Guardian","floor":16,"turns":12},{"damage":28,"enemies":"Shell Parasite","floor":18,"turns":6},{"damage":17,"enemies":"2 Thieves","floor":22,"turns":3},{"damage":0,"enemies":"Centurion and Healer","floor":24,"turns":2},{"damage":14,"enemies":"Snake Plant","floor":27,"turns":3},{"damage":1,"enemies":"Cultist and Chosen","floor":30,"turns":4},{"damage":18,"enemies":"Chosen and Byrds","floor":31,"turns":5},{"damage":19,"enemies":"Champ","floor":33,"turns":9},{"damage":55,"enemies":"Orb Walker","floor":35,"turns":6},{"damage":7,"enemies":"3 Shapes","floor":37,"turns":5},{"damage":52,"enemies":"Spire Growth","floor":41,"turns":3}],"seed_played":"-8304407074488798939","potions_obtained":[{"floor":0,"key":"SpeedPotion"},{"floor":0,"key":"Weak Potion"},{"floor":4,"key":"LiquidBronze"},{"floor":7,"key":"Swift Potion"},{"floor":10,"key":"Block Potion"},{"floor":18,"key":"PowerPotion"},{"floor":19,"key":"Fruit Juice"},{"floor":19,"key":"AttackPotion"},{"floor":24,"key":"AttackPotion"},{"floor":35,"key":"PowerPotion"},{"floor":37,"key":"Explosive Potion"}],"is_trial":false,"path_per_floor":["M","?","M","M","$","R","E","R","T","M","?","M","R","M","R","B",null,"M","?","$","$","M","R","M","T","T","M","$","R","M","M","R","B",null,"M","?","M","?","?","R","M"],"character_chosen":"DEFECT","items_purchased":["Heatsinks","Echo Form","Storm","Static Discharge","Storm","PowerPotion"],"campfire_rested":5,"item_purchase_floors":[5,20,21,21,21,28],"current_hp_per_floor":[64,64,64,64,64,64,59,59,59,46,63,59,59,59,71,29,61,33,38,38,38,21,43,43,43,43,31,31,53,54,38,60,43,68,15,15,10,25,25,47,0],"gold":163,"neow_bonus":"THREE_SMALL_POTIONS","is_prod":false,"is_daily":false,"chose_seed":false,"campfire_upgraded":3,"win_rate":0,"timestamp":1554222084,"path_taken":["M","?","M","M","$","R","E","R","T","M","?","M","R","M","R","BOSS","M","?","?","$","M","R","?","?","T","M","$","R","M","M","R","BOSS","M","?","M","?","?","R","M"],"build_version":"2019-01-23","purchased_purges":0,"victory":false,"max_hp_per_floor":[71,71,71,71,71,71,71,71,71,71,71,71,71,71,71,71,71,71,76,76,76,76,76,76,76,76,76,76,76,76,76,76,76,76,76,76,76,76,76,76,76],"card_choices":[{"not_picked":["Conserve Battery","Rebound"],"picked":"BootSequence","floor":1},{"not_picked":["Streamline","Genetic Algorithm"],"picked":"Capacitor","floor":3},{"not_picked":["Chaos","Barrage"],"picked":"Electrodynamics","floor":4},{"not_picked":["Reinforced Body","Stack"],"picked":"FTL","floor":7},{"not_picked":["Compile Driver","Hologram"],"picked":"Hello World","floor":10},{"not_picked":["Cold Snap","Go for the Eyes"],"picked":"Force Field","floor":12},{"not_picked":["Turbo","Multi-Cast","Reinforced Body"],"picked":"SKIP","floor":14},{"not_picked":["Hyperbeam","Reboot"],"picked":"Creative AI","floor":16},{"not_picked":["BootSequence","Beam Cell"],"picked":"Ball Lightning","floor":17},{"not_picked":["FTL","Coolheaded"],"picked":"Loop","floor":17},{"not_picked":["Skim","Sweeping Beam"],"picked":"Conserve Battery","floor":17},{"not_picked":["Turbo","Barrage"],"picked":"Ball Lightning","floor":17},{"not_picked":["Hologram","Coolheaded"],"picked":"Darkness","floor":17},{"not_picked":["Steam Power","Chill"],"picked":"Amplify","floor":18},{"not_picked":["Stack","Conserve Battery"],"picked":"Ball Lightning","floor":22},{"not_picked":["Aggregate+1","Sunder"],"picked":"Auto Shields","floor":24},{"not_picked":["Beam Cell","Steam Power"],"picked":"Conserve Battery","floor":27},{"not_picked":["Coolheaded+1","Doom and Gloom+1"],"picked":"Stack","floor":30},{"not_picked":["Turbo","Go for the Eyes"],"picked":"Leap","floor":31},{"not_picked":["All For One","Hyperbeam"],"picked":"Meteor Strike","floor":33},{"not_picked":["Recycle","Leap"],"picked":"Static Discharge","floor":35},{"not_picked":["Rebound","Scrape","Sweeping Beam"],"picked":"SKIP","floor":37},{"not_picked":["Metamorphosis","The Bomb"],"picked":"Panache","floor":39}],"player_experience":1149250,"relics_obtained":[{"floor":7,"key":"Bag of Marbles"},{"floor":9,"key":"The Courier"},{"floor":25,"key":"Bottled Lightning"},{"floor":26,"key":"Blood Vial"}],"event_choices":[{"damage_healed":0,"gold_gain":0,"player_choice":"Grow","damage_taken":0,"max_hp_gain":0,"max_hp_loss":0,"event_name":"Living Wall","floor":2,"gold_loss":0,"cards_upgraded":["Zap"]},{"damage_healed":17,"gold_gain":0,"player_choice":"Healed and dodged fight","damage_taken":0,"max_hp_gain":0,"max_hp_loss":0,"event_name":"Mushrooms","floor":11,"gold_loss":0,"cards_obtained":["Parasite"]},{"damage_healed":0,"gold_gain":0,"player_choice":"Got Potions","damage_taken":0,"max_hp_gain":0,"max_hp_loss":0,"event_name":"Lab","floor":19,"gold_loss":0},{"cards_removed":["Meteor Strike"],"damage_healed":0,"gold_gain":0,"player_choice":"Removed Attack","damage_taken":0,"max_hp_gain":0,"max_hp_loss":0,"event_name":"Falling","floor":36,"gold_loss":0},{"damage_healed":15,"gold_gain":0,"player_choice":"Writhe","damage_taken":0,"max_hp_gain":0,"max_hp_loss":0,"event_name":"Winding Halls","floor":38,"gold_loss":0,"cards_obtained":["Writhe"]},{"damage_healed":0,"gold_gain":0,"player_choice":"Memory 1","damage_taken":0,"max_hp_gain":0,"max_hp_loss":0,"event_name":"SensoryStone","floor":39,"gold_loss":0}],"is_beta":false,"boss_relics":[{"not_picked":["Cursed Key","Astrolabe"],"picked":"Orrery"},{"not_picked":["Coffee Dripper","Black Star"],"picked":"Inserter"}],"items_purged_floors":[],"is_endless":false,"potions_floor_spawned":[4,7,10,14,18,24,35,37],"killed_by":"Spire Growth","ascension_level":18}