{"gold_per_floor":[116,116,126,144,155,155,181,106,106,106,106,139,139,171,171,244,244,261,281,281,292,310,310,335,335,410,410,420,455,57,107,107,178,178,191,191,209,258,258,286,286,321,321,321,35,64,43,78,78,78,78,78,78,1,28,28],"floor_reached":57,"playtime":3306,"items_purged":["Decay","Parasite","Heatsinks"],"score":2944,"play_id":"3c013467-4dc5-4ad3-a370-a88b59642877","local_time":"20190212213803","is_ascension_mode":true,"campfire_choices":[{"data":"Zap","floor":6,"key":"SMITH"},{"data":"Coolheaded","floor":10,"key":"SMITH"},{"data":"Go for the Eyes","floor":13,"key":"SMITH"},{"data":"Hello World","floor":15,"key":"SMITH"},{"data":"Self Repair","floor":23,"key":"SMITH"},{"data":"Consume","floor":25,"key":"SMITH"},{"floor":27,"key":"REST"},{"floor":32,"key":"REST"},{"data":"Heatsinks","floor":41,"key":"SMITH"},{"data":"Biased Cognition","floor":44,"key":"SMITH"},{"floor":49,"key":"RECALL"},{"data":"Loop","floor":53,"key":"SMITH"}],"neow_cost":"NONE","seed_source_timestamp":37630398217300,"circlet_count":0,"master_deck":["AscendersBane","Zap+1","Dualcast","Self Repair+1","Ball Lightning","Glacier","Coolheaded+1","Hello World+1","Go for the Eyes+1","All For One+1","Electrodynamics+1","Beam Cell+1","Sweeping Beam+1","Sweeping Beam+1","Consume+1","Cold Snap+1","Biased Cognition+1","Seek","Recycle","Glacier","Heatsinks+1","Stack","Heatsinks","Reboot","Fusion","Conserve Battery+1","Master of Strategy","Bandage Up","Chill","Storm","Core Surge+1","Loop+1","Cold Snap+1","White Noise+1"],"relics":["Cracked Core","NeowsBlessing","Mummified Hand","Gremlin Horn","Vajra","Molten Egg 2","Cursed Key","Singing Bowl","Darkstone Periapt","Orichalcum","Membership Card","Pandora\u0027s Box","Mango","Strawberry","Potion Belt","Calipers","Shuriken","Regal Pillow","Unceasing Top"],"potions_floor_usage":[7,7,16,22,33,38,56,56,56,56],"damage_taken":[{"damage":0,"enemies":"Jaw Worm","floor":1,"turns":1},{"damage":0,"enemies":"Cultist","floor":3,"turns":1},{"damage":0,"enemies":"Small Slimes","floor":4,"turns":1},{"damage":13,"enemies":"Blue Slaver","floor":5,"turns":4},{"damage":27,"enemies":"Gremlin Nob","floor":7,"turns":4},{"damage":9,"enemies":"Lagavulin","floor":12,"turns":7},{"damage":4,"enemies":"3 Sentries","floor":14,"turns":6},{"damage":28,"enemies":"Hexaghost","floor":16,"turns":8},{"damage":20,"enemies":"Shell Parasite","floor":18,"turns":3},{"damage":7,"enemies":"Spheric Guardian","floor":19,"turns":4},{"damage":0,"enemies":"Centurion and Healer","floor":21,"turns":5},{"damage":2,"enemies":"Snake Plant","floor":22,"turns":3},{"damage":41,"enemies":"Slavers","floor":24,"turns":5},{"damage":11,"enemies":"Snecko","floor":28,"turns":5},{"damage":26,"enemies":"Gremlin Leader","floor":29,"turns":3},{"damage":33,"enemies":"Champ","floor":33,"turns":17},{"damage":0,"enemies":"3 Darklings","floor":35,"turns":2},{"damage":0,"enemies":"Orb Walker","floor":37,"turns":4},{"damage":14,"enemies":"2 Orb Walkers","floor":38,"turns":3},{"damage":0,"enemies":"Nemesis","floor":40,"turns":5},{"damage":23,"enemies":"Giant Head","floor":42,"turns":8},{"damage":15,"enemies":"Nemesis","floor":46,"turns":11},{"damage":3,"enemies":"Giant Head","floor":48,"turns":8},{"damage":23,"enemies":"Donu and Deca","floor":50,"turns":7},{"damage":0,"enemies":"Awakened One","floor":51,"turns":18},{"damage":42,"enemies":"Shield and Spear","floor":55,"turns":8},{"damage":49,"enemies":"The Heart","floor":56,"turns":13}],"seed_played":"-1547153234159839135","potions_obtained":[{"floor":4,"key":"Poison Potion"},{"floor":5,"key":"Weak Potion"},{"floor":12,"key":"Strength Potion"},{"floor":14,"key":"SteroidPotion"},{"floor":19,"key":"AttackPotion"},{"floor":28,"key":"SmokeBomb"},{"floor":33,"key":"Swift Potion"},{"floor":42,"key":"FocusPotion"},{"floor":46,"key":"SteroidPotion"},{"floor":48,"key":"EssenceOfSteel"},{"floor":55,"key":"Block Potion"}],"is_trial":false,"path_per_floor":["M","?","M","M","M","R","E","?","T","R","?","E","R","E","R","B",null,"M","M","?","M","M","R","E","R","T","R","M","E","$","?","R","B",null,"M","?","M","?","?","E","R","E","T","R","$","E","$","E","R","B","B",null,"R","$","E","B",null],"character_chosen":"DEFECT","items_purchased":["Membership Card","Cold Snap+1","PowerPotion","Biased Cognition","Calipers","Core Surge+1","Loop","Cold Snap+1"],"campfire_rested":2,"item_purchase_floors":[30,30,30,30,45,45,47,54],"current_hp_per_floor":[64,64,64,71,65,65,45,45,45,45,68,66,66,69,69,48,65,52,52,52,59,57,57,26,26,26,47,48,34,34,34,56,33,65,65,57,73,89,89,97,97,84,90,90,90,91,91,104,104,95,104,104,104,104,72,37],"gold":28,"neow_bonus":"THREE_ENEMY_KILL","is_prod":false,"is_daily":false,"chose_seed":false,"campfire_upgraded":9,"win_rate":0,"timestamp":1549975083,"path_taken":["M","?","?","M","M","R","E","?","T","R","?","E","R","E","R","BOSS","M","M","?","?","M","R","E","R","T","R","M","E","$","?","R","BOSS","M","?","M","?","?","E","R","E","T","R","$","E","$","E","R","BOSS","BOSS","R","$","E","BOSS"],"build_version":"2019-01-23","purchased_purges":3,"victory":true,"max_hp_per_floor":[71,71,71,71,71,71,71,71,71,71,71,71,71,71,71,71,71,71,71,71,71,71,71,71,71,71,71,73,75,75,75,75,75,75,75,77,79,95,90,97,97,97,103,103,100,102,102,104,104,104,104,104,104,104,104,104],"card_choices":[{"not_picked":["Compile Driver","Steam Power"],"picked":"Self Repair","floor":1},{"not_picked":["Steam Power","Storm"],"picked":"Ball Lightning","floor":3},{"not_picked":["Sweeping Beam","Storm"],"picked":"Glacier","floor":4},{"not_picked":["Sweeping Beam","Compile Driver"],"picked":"Coolheaded","floor":5},{"not_picked":["Hologram","Rebound"],"picked":"Hello World","floor":7},{"not_picked":["Beam Cell","Conserve Battery"],"picked":"Go for the Eyes","floor":12},{"not_picked":["Hologram","Buffer"],"picked":"All For One","floor":14},{"not_picked":["Seek","Biased Cognition"],"picked":"Electrodynamics","floor":16},{"not_picked":["Turbo","Ball Lightning+1"],"picked":"Beam Cell+1","floor":18},{"not_picked":["Go for the Eyes+1","Stack"],"picked":"Sweeping Beam+1","floor":19},{"not_picked":["Stack","Conserve Battery"],"picked":"Sweeping Beam+1","floor":21},{"not_picked":["Rainbow","Ball Lightning+1","Rebound+1"],"picked":"SKIP","floor":22},{"not_picked":["Genetic Algorithm","Loop"],"picked":"Consume","floor":24},{"not_picked":["Reprogram","Leap","Ball Lightning+1"],"picked":"Singing Bowl","floor":28},{"not_picked":["Compile Driver+1","Barrage+1","Steam+1"],"picked":"Singing Bowl","floor":29},{"not_picked":["Reboot","All For One+1"],"picked":"Seek","floor":33},{"not_picked":["Stack","Sweeping Beam+1"],"picked":"Conserve Battery+1","floor":35},{"not_picked":["Jack Of All Trades","Good Instincts"],"picked":"Master of Strategy","floor":36},{"not_picked":["Transmutation","Good Instincts"],"picked":"Bandage Up","floor":36},{"not_picked":["Dramatic Entrance+1","Panache","Jack Of All Trades"],"picked":"Singing Bowl","floor":36},{"not_picked":["Sweeping Beam+1","Reprogram","Steam"],"picked":"Singing Bowl","floor":37},{"not_picked":["Gash+1","Rebound+1","Beam Cell+1"],"picked":"Singing Bowl","floor":38},{"not_picked":["Gash+1","Hyperbeam+1"],"picked":"Chill","floor":40},{"not_picked":["Redo","Compile Driver+1"],"picked":"Storm","floor":42},{"not_picked":["Barrage+1","Consume","Chill"],"picked":"Singing Bowl","floor":46},{"not_picked":["Stack","Conserve Battery","Compile Driver+1"],"picked":"Singing Bowl","floor":48},{"not_picked":["Barrage+1","Go for the Eyes+1"],"picked":"White Noise+1","floor":55}],"player_experience":1537950,"relics_obtained":[{"floor":7,"key":"Mummified Hand"},{"floor":9,"key":"Gremlin Horn"},{"floor":12,"key":"Vajra"},{"floor":14,"key":"Molten Egg 2"},{"floor":24,"key":"Singing Bowl"},{"floor":26,"key":"Darkstone Periapt"},{"floor":29,"key":"Orichalcum"},{"floor":38,"key":"Mango"},{"floor":40,"key":"Strawberry"},{"floor":42,"key":"Potion Belt"},{"floor":46,"key":"Shuriken"},{"floor":48,"key":"Regal Pillow"},{"floor":55,"key":"Unceasing Top"}],"event_choices":[{"damage_healed":0,"gold_gain":0,"player_choice":"Cursed","damage_taken":0,"max_hp_gain":0,"max_hp_loss":0,"event_name":"Wheel of Change","floor":2,"gold_loss":0,"cards_obtained":["Decay"]},{"cards_removed":["Decay"],"damage_healed":0,"gold_gain":0,"player_choice":"Card Removal","damage_taken":0,"max_hp_gain":0,"max_hp_loss":0,"event_name":"The Cleric","floor":8,"gold_loss":75},{"damage_healed":23,"gold_gain":0,"player_choice":"Banana","damage_taken":0,"max_hp_gain":0,"max_hp_loss":0,"event_name":"Big Fish","floor":11,"gold_loss":0},{"damage_healed":0,"gold_gain":0,"player_choice":"Upgraded","damage_taken":0,"max_hp_gain":0,"max_hp_loss":0,"event_name":"Upgrade Shrine","floor":20,"gold_loss":0,"cards_upgraded":["Electrodynamics"]},{"damage_healed":0,"gold_gain":50,"player_choice":"Stole From Cult","damage_taken":0,"max_hp_gain":0,"max_hp_loss":0,"event_name":"Nest","floor":31,"gold_loss":0},{"damage_healed":0,"gold_gain":0,"player_choice":"Memory 3","damage_taken":10,"max_hp_gain":0,"max_hp_loss":0,"event_name":"SensoryStone","floor":36,"gold_loss":0},{"damage_healed":0,"gold_gain":0,"player_choice":"Fight","damage_taken":0,"max_hp_gain":0,"max_hp_loss":0,"event_name":"Mysterious Sphere","floor":38,"gold_loss":0},{"damage_healed":0,"gold_gain":0,"player_choice":"Max HP","damage_taken":0,"max_hp_gain":0,"max_hp_loss":5,"event_name":"Winding Halls","floor":39,"gold_loss":0}],"is_beta":false,"boss_relics":[{"not_picked":["Tiny House","Runic Pyramid"],"picked":"Cursed Key"},{"not_picked":["Nuclear Battery","Astrolabe"],"picked":"Pandora\u0027s Box"}],"items_purged_floors":[30,45,54],"is_endless":false,"potions_floor_spawned":[4,5,12,14,19,28,33,37,42,46,48,55],"ascension_level":20}