{"path_per_floor":["M","M","?","?","?","R","E","M","T","T","M","R","M","E","R","B",null,"M","M","?","$","M","R","M","?","T","$","M","?","E","M","R","B",null,"M","?","M","?","?","E","R","?","T","R","$"],"character_chosen":"IRONCLAD","items_purchased":["Toy Ornithopter","Strength Potion"],"gold_per_floor":[15,26,26,101,101,101,135,148,198,198,218,218,230,256,256,361,361,372,389,389,314,330,330,344,259,310,16,27,27,53,69,69,174,174,185,185,203,203,203,237,237,237,284,284,108,108],"floor_reached":46,"campfire_rested":0,"playtime":2218,"current_hp_per_floor":[71,77,77,66,66,66,37,39,39,39,41,41,29,34,34,9,62,25,26,26,26,30,30,51,51,51,51,80,80,65,71,71,67,77,71,71,71,71,71,48,48,48,48,48,48,0],"items_purged":["Strike_R","Defend_R","Defend_R"],"gold":108,"score":752,"play_id":"2860561e-d80d-4dc0-bf68-f1974247d280","local_time":"20180513014022","is_prod":false,"is_daily":false,"chose_seed":false,"is_ascension_mode":true,"campfire_upgraded":7,"timestamp":1526146822,"path_taken":["M","M","?","?","?","R","E","M","T","?","M","R","M","E","R","BOSS","M","M","?","$","M","R","M","?","T","$","M","?","E","M","R","BOSS","M","?","M","?","?","E","R","?","T","R","$","M"],"build_version":"2018-05-11","seed_source_timestamp":118528114364579,"purchased_purges":3,"victory":false,"master_deck":["Strike_R+1","Strike_R+1","Strike_R+1","Strike_R+1","Bash+1","AscendersBane","Regret","Twin Strike+1","Clash+1","Whirlwind+1","Double Tap+1","Reaper","Clash+1","Flex+1","Disarm+1","Thunderclap+1","Offering+1","Normality","Disarm+1","Fiend Fire+1","Heavy Blade+1","Pain"],"max_hp_per_floor":[80,80,80,80,80,80,80,80,80,80,80,80,80,80,80,80,80,80,80,80,80,80,80,80,80,80,80,80,80,80,80,80,80,80,80,80,80,80,80,94,94,94,94,94,94,94],"relics":["Burning Blood","Du-Vu Doll","Regal Pillow","Dodecahedron","Juzu Bracelet","Blue Candle","Sundial","White Beast Statue","Molten Egg 2","Pen Nib","Toy Ornithopter","Kunai","Cursed Key","Happy Flower","Mango","War Paint"],"card_choices":[{"not_picked":["Havoc","Twin Strike","Clothesline"],"picked":"SKIP","floor":1},{"not_picked":["Warcry","Anger","Sever Soul"],"picked":"SKIP","floor":2},{"not_picked":["Juggernaut","Clothesline","Iron Wave"],"picked":"SKIP","floor":7},{"not_picked":["Inflame","Iron Wave"],"picked":"Twin Strike","floor":8},{"not_picked":["Pommel Strike","Cleave"],"picked":"Clash","floor":11},{"not_picked":["Sword Boomerang","Cleave"],"picked":"Whirlwind","floor":13},{"not_picked":["Intimidate","Inflame"],"picked":"Double Tap","floor":14},{"not_picked":["Offering","Dark Embrace"],"picked":"Reaper","floor":16},{"not_picked":["Shockwave+1","Havoc+1"],"picked":"Clash","floor":18},{"not_picked":["Second Wind+1","Clothesline","Headbutt"],"picked":"SKIP","floor":19},{"not_picked":["Carnage","Shrug It Off+1","Dual Wield"],"picked":"SKIP","floor":22},{"not_picked":["Heavy Blade+1","Headbutt"],"picked":"Flex","floor":24},{"not_picked":["Fiend Fire+1","Shrug It Off"],"picked":"Disarm","floor":28},{"not_picked":["Fire Breathing","Cleave+1","Body Slam+1"],"picked":"SKIP","floor":30},{"not_picked":["Body Slam+1","Havoc","Bludgeon+1"],"picked":"SKIP","floor":31},{"not_picked":["Demon Form","Impervious"],"picked":"Offering","floor":33},{"not_picked":["Shrug It Off","Anger+1","Battle Trance"],"picked":"SKIP","floor":35},{"not_picked":["Shrug It Off+1","Warcry"],"picked":"Disarm+1","floor":37},{"not_picked":["Cleave+1","Spot Weakness"],"picked":"Heavy Blade+1","floor":40}],"player_experience":367983,"potions_floor_usage":[7,14,16,16,22,24,30,31,31,33,40,46],"damage_taken":[{"damage":7,"enemies":"2 Louse","floor":1,"turns":3},{"damage":0,"enemies":"Small Slimes","floor":2,"turns":4},{"damage":35,"enemies":"Lagavulin","floor":7,"turns":5},{"damage":4,"enemies":"Jaw Worm","floor":8,"turns":3},{"damage":4,"enemies":"Blue Slaver","floor":11,"turns":3},{"damage":18,"enemies":"Exordium Wildlife","floor":13,"turns":4},{"damage":1,"enemies":"Gremlin Nob","floor":14,"turns":3},{"damage":39,"enemies":"Hexaghost","floor":16,"turns":8},{"damage":45,"enemies":"2 Thieves","floor":18,"turns":4},{"damage":11,"enemies":"Chosen","floor":19,"turns":4},{"damage":2,"enemies":"Sentry and Sphere","floor":22,"turns":2},{"damage":5,"enemies":"Centurion and Healer","floor":24,"turns":4},{"damage":6,"enemies":"3 Cultists","floor":28,"turns":3},{"damage":21,"enemies":"Slavers","floor":30,"turns":2},{"damage":19,"enemies":"Cultist and Chosen","floor":31,"turns":6},{"damage":39,"enemies":"Collector","floor":33,"turns":6},{"damage":20,"enemies":"3 Shapes","floor":35,"turns":2},{"damage":15,"enemies":"Flame Bruiser 1 Orb","floor":37,"turns":3},{"damage":55,"enemies":"Giant Head","floor":40,"turns":6},{"damage":88,"enemies":"4 Shapes","floor":46,"turns":5}],"event_choices":[{"event_name":"Living Wall","player_choice":"Forget","floor":3,"damage_taken":0},{"event_name":"World of Goop","player_choice":"Gather Gold","floor":4,"damage_taken":0},{"event_name":"Big Fish","player_choice":"Box","floor":5,"damage_taken":0},{"event_name":"Back to Basics","player_choice":"Simplicity","floor":20,"damage_taken":0},{"event_name":"Addict","player_choice":"Obtained Relic","floor":25,"damage_taken":0},{"event_name":"The Library","player_choice":"Read","floor":29,"damage_taken":0},{"event_name":"Accursed Blacksmith","player_choice":"Rummage","floor":36,"damage_taken":0},{"event_name":"Transmorgrifier","player_choice":"Transform","floor":38,"damage_taken":0},{"event_name":"SecretPortal","player_choice":"Rejected Portal.","floor":39,"damage_taken":0},{"event_name":"The Woman in Blue","player_choice":"Bought 0 Potions","floor":42,"damage_taken":0}],"boss_relics":[{"not_picked":["Velvet Choker","Philosopher\u0027s Stone"],"picked":"White Beast Statue"},{"not_picked":["Black Blood","Calling Bell"],"picked":"Cursed Key"}],"potions_floor_spawned":[2,8,13,14,16,18,19,22,24,28,30,31,33,35,37,40],"seed_played":"4163600380912339130","killed_by":"4 Shapes","ascension_level":10,"is_trial":false}