{"gold_per_floor":[110,54,54,54,67,99,99,99,153,170,184,184,184,216,216,216],"floor_reached":16,"playtime":335,"items_purged":[],"score":266,"play_id":"ca5cb8f5-20ed-4aed-9774-24fa708ea066","local_time":"20190410210113","is_ascension_mode":true,"campfire_choices":[{"data":"Consume","floor":8,"key":"SMITH"},{"data":"Fission","floor":13,"key":"SMITH"},{"data":"Coolheaded","floor":15,"key":"SMITH"}],"neow_cost":"NONE","seed_source_timestamp":327868862682700,"circlet_count":0,"master_deck":["AscendersBane","Strike_B","Strike_B","Strike_B","Defend_B","Defend_B","Defend_B","Zap","Dualcast","Double Energy","Coolheaded+1","Consume+1","Fission+1","Glacier","White Noise"],"relics":["Cracked Core","NeowsBlessing","The Courier","Sundial","Bag of Preparation"],"potions_floor_usage":[],"damage_taken":[{"damage":0,"enemies":"Cultist","floor":1,"turns":1},{"damage":0,"enemies":"2 Louse","floor":5,"turns":1},{"damage":0,"enemies":"3 Sentries","floor":6,"turns":1},{"damage":3,"enemies":"Small Slimes","floor":10,"turns":6},{"damage":7,"enemies":"Looter","floor":11,"turns":3},{"damage":9,"enemies":"Lagavulin","floor":14,"turns":8},{"damage":47,"enemies":"Hexaghost","floor":16,"turns":11}],"seed_played":"2730625120059254210","potions_obtained":[{"floor":1,"key":"Dexterity Potion"},{"floor":10,"key":"Energy Potion"}],"is_trial":false,"path_per_floor":["M","$","?","?","M","E","?","R","T","M","M","?","R","E","R","B"],"character_chosen":"DEFECT","items_purchased":["Coolheaded"],"campfire_rested":0,"item_purchase_floors":[2],"current_hp_per_floor":[64,64,64,57,57,57,39,39,39,36,29,52,52,43,43,0],"gold":216,"neow_bonus":"THREE_ENEMY_KILL","is_prod":false,"is_daily":false,"chose_seed":false,"campfire_upgraded":3,"win_rate":0,"timestamp":1554897673,"path_taken":["M","?","?","?","M","E","?","R","T","?","M","?","R","E","R","BOSS"],"build_version":"2019-01-23","purchased_purges":0,"victory":false,"max_hp_per_floor":[71,71,71,71,71,71,71,71,71,71,71,71,71,71,71,71],"card_choices":[{"not_picked":["Fusion","Reinforced Body"],"picked":"Double Energy","floor":1},{"not_picked":["Turbo","Gash","Rebound"],"picked":"SKIP","floor":5},{"not_picked":["Hello World","Compile Driver"],"picked":"Fission","floor":6},{"not_picked":["Aggregate","Double Energy","Hello World"],"picked":"SKIP","floor":10},{"not_picked":["Compile Driver","Heatsinks"],"picked":"Glacier","floor":11},{"not_picked":["Lockon","Undo"],"picked":"White Noise","floor":14}],"player_experience":3043442,"relics_obtained":[{"floor":6,"key":"The Courier"},{"floor":9,"key":"Bag of Preparation"}],"event_choices":[{"damage_healed":0,"gold_gain":0,"cards_transformed":["Defend_B"],"player_choice":"Change","damage_taken":0,"max_hp_gain":0,"max_hp_loss":0,"event_name":"Living Wall","floor":3,"gold_loss":0,"cards_obtained":["Consume"]},{"cards_removed":["Strike_B"],"damage_healed":0,"gold_gain":0,"player_choice":"Card Removal","damage_taken":7,"max_hp_gain":0,"max_hp_loss":0,"event_name":"Golden Wing","floor":4,"gold_loss":0},{"damage_healed":0,"gold_gain":0,"player_choice":"Success","damage_taken":18,"relics_obtained":["Sundial"],"max_hp_gain":0,"max_hp_loss":0,"event_name":"Scrap Ooze","floor":7,"gold_loss":0},{"damage_healed":23,"gold_gain":0,"player_choice":"Banana","damage_taken":0,"max_hp_gain":0,"max_hp_loss":0,"event_name":"Big Fish","floor":12,"gold_loss":0}],"is_beta":false,"boss_relics":[],"items_purged_floors":[],"is_endless":false,"potions_floor_spawned":[1,10,11,14],"killed_by":"Hexaghost","ascension_level":20}