{"gold_per_floor":[112,112,130,142,155,155,185,197,233,245,286,298,330,359,371,460,472,495,521,533,545,607,619,647,61,61,89,89,100,43,69,69,143,143,159,178,192,192,202,202,218,218],"floor_reached":42,"playtime":1917,"items_purged":[],"score":1025,"play_id":"5e581552-b587-47ff-af78-b57f808bf079","local_time":"20190206203946","is_ascension_mode":true,"campfire_choices":[{"data":"Apotheosis","floor":6,"key":"SMITH"},{"data":"Mind Blast","floor":8,"key":"SMITH"},{"data":"Zap","floor":10,"key":"SMITH"},{"floor":15,"key":"REST"},{"floor":23,"key":"REST"},{"floor":28,"key":"REST"},{"floor":32,"key":"REST"},{"floor":40,"key":"REST"}],"neow_cost":"TEN_PERCENT_HP_LOSS","seed_source_timestamp":93841152473300,"circlet_count":0,"master_deck":["AscendersBane","Zap+1","Dualcast","Mind Blast+1","Apotheosis+1","Streamline","Cold Snap","Coolheaded","Coolheaded","Electrodynamics","Chill","FTL","Echo Form","Chill","Hello World","Rip and Tear","Coolheaded+1","Panache","Capacitor","Capacitor","Creative AI","Rebound+1","Stack+1","Melter+1","Coolheaded","Gash","Coolheaded+1","Seek"],"relics":["Cracked Core","MawBank","Blood Vial","Vajra","Philosopher\u0027s Stone","Potion Belt","Regal Pillow","Art of War","Symbiotic Virus","Astrolabe"],"potions_floor_usage":[7,7,16,19,27,33,41],"damage_taken":[{"damage":4,"enemies":"Small Slimes","floor":1,"turns":3},{"damage":7,"enemies":"2 Louse","floor":3,"turns":2},{"damage":2,"enemies":"Cultist","floor":4,"turns":4},{"damage":10,"enemies":"Red Slaver","floor":5,"turns":4},{"damage":9,"enemies":"Gremlin Nob","floor":7,"turns":3},{"damage":6,"enemies":"Lagavulin","floor":11,"turns":7},{"damage":0,"enemies":"3 Louse","floor":13,"turns":2},{"damage":2,"enemies":"Looter","floor":14,"turns":3},{"damage":0,"enemies":"The Guardian","floor":16,"turns":11},{"damage":24,"enemies":"2 Thieves","floor":18,"turns":3},{"damage":4,"enemies":"Shell Parasite","floor":19,"turns":5},{"damage":10,"enemies":"Snecko","floor":24,"turns":5},{"damage":22,"enemies":"Book of Stabbing","floor":27,"turns":6},{"damage":28,"enemies":"Snake Plant","floor":29,"turns":4},{"damage":21,"enemies":"Gremlin Leader","floor":31,"turns":6},{"damage":32,"enemies":"Automaton","floor":33,"turns":9},{"damage":16,"enemies":"Orb Walker","floor":35,"turns":3},{"damage":8,"enemies":"3 Shapes","floor":36,"turns":3},{"damage":8,"enemies":"Maw","floor":37,"turns":8},{"damage":17,"enemies":"Transient","floor":39,"turns":6},{"damage":43,"enemies":"3 Darklings","floor":41,"turns":5},{"damage":10,"enemies":"Reptomancer","floor":42,"turns":1}],"seed_played":"6802544116769071564","potions_obtained":[{"floor":3,"key":"Swift Potion"},{"floor":4,"key":"Poison Potion"},{"floor":7,"key":"SpeedPotion"},{"floor":13,"key":"Weak Potion"},{"floor":19,"key":"EssenceOfSteel"},{"floor":24,"key":"FocusPotion"},{"floor":31,"key":"FearPotion"}],"is_trial":false,"path_per_floor":["M","?","M","M","M","R","E","R","T","R","E","?","M","M","R","B",null,"M","M","?","?","?","R","M","$","T","E","R","M","$","E","R","B",null,"M","M","M","?","M","R","M","E"],"character_chosen":"DEFECT","items_purchased":["Panache","Capacitor","Potion Belt","Regal Pillow","PowerPotion"],"campfire_rested":5,"item_purchase_floors":[25,25,25,25,30],"current_hp_per_floor":[60,60,53,51,41,41,32,32,32,32,28,28,30,30,49,51,61,39,37,37,37,37,56,48,48,48,28,62,36,36,17,51,21,53,39,33,27,27,12,46,5,0],"gold":218,"neow_bonus":"RANDOM_COLORLESS_2","is_prod":false,"is_daily":false,"chose_seed":false,"campfire_upgraded":3,"win_rate":0,"timestamp":1549453186,"path_taken":["M","?","M","M","M","R","E","R","T","R","E","?","M","?","R","BOSS","M","M","?","?","?","R","M","$","T","E","R","?","?","E","R","BOSS","M","?","M","?","M","R","M","E"],"build_version":"2019-01-23","purchased_purges":0,"victory":false,"max_hp_per_floor":[64,64,64,64,64,64,64,64,64,64,64,64,64,64,64,64,64,64,64,64,64,64,64,64,64,64,64,64,64,64,64,64,64,64,64,64,64,64,64,64,64,64],"card_choices":[{"not_picked":["Scrape","Conserve Battery"],"picked":"Streamline","floor":1},{"not_picked":["Recycle","Sweeping Beam","Heatsinks"],"picked":"SKIP","floor":3},{"not_picked":["Sweeping Beam","Ball Lightning"],"picked":"Cold Snap","floor":4},{"not_picked":["Chill","Lockon"],"picked":"Coolheaded","floor":5},{"not_picked":["Redo","Hologram"],"picked":"Coolheaded","floor":7},{"not_picked":["Hologram","Beam Cell"],"picked":"Electrodynamics","floor":11},{"not_picked":["Gash","Cold Snap"],"picked":"Chill","floor":13},{"not_picked":["Undo","Stack"],"picked":"FTL","floor":14},{"not_picked":["Rainbow","Electrodynamics"],"picked":"Echo Form","floor":16},{"not_picked":["Storm","Steam","Lockon"],"picked":"SKIP","floor":18},{"not_picked":["Sweeping Beam","Reprogram"],"picked":"Chill","floor":19},{"not_picked":["Turbo","Recycle"],"picked":"Coolheaded+1","floor":24},{"not_picked":["Hologram","Streamline+1","Conserve Battery"],"picked":"SKIP","floor":27},{"not_picked":["Undo","Barrage"],"picked":"Capacitor","floor":29},{"not_picked":["Redo","Streamline","Stack"],"picked":"SKIP","floor":31},{"not_picked":["Amplify","Buffer"],"picked":"Creative AI","floor":33},{"not_picked":["BootSequence","Undo"],"picked":"Coolheaded","floor":35},{"not_picked":["Undo","Beam Cell"],"picked":"Gash","floor":36},{"not_picked":["Cold Snap","Hologram","Redo"],"picked":"SKIP","floor":37},{"not_picked":["Go for the Eyes","Compile Driver"],"picked":"Coolheaded+1","floor":39},{"not_picked":["Sunder","Skim"],"picked":"Seek","floor":41}],"player_experience":1416766,"relics_obtained":[{"floor":7,"key":"MawBank"},{"floor":9,"key":"Blood Vial"},{"floor":11,"key":"Vajra"},{"floor":27,"key":"Art of War"},{"floor":31,"key":"Symbiotic Virus"}],"event_choices":[{"damage_healed":0,"gold_gain":0,"player_choice":"Ignored","damage_taken":0,"max_hp_gain":0,"max_hp_loss":0,"event_name":"Liars Game","floor":2,"gold_loss":0},{"cards_removed":["Strike_B"],"damage_healed":0,"gold_gain":0,"player_choice":"Purged","damage_taken":0,"max_hp_gain":0,"max_hp_loss":0,"event_name":"Purifier","floor":12,"gold_loss":0},{"damage_healed":0,"gold_gain":0,"cards_transformed":["Strike_B","Strike_B"],"player_choice":"Became Test Subject","damage_taken":0,"max_hp_gain":0,"max_hp_loss":0,"event_name":"Drug Dealer","floor":20,"gold_loss":0,"cards_obtained":["Hello World","Rip and Tear"]},{"cards_removed":["Defend_B"],"damage_healed":0,"gold_gain":0,"player_choice":"Elegance","damage_taken":0,"max_hp_gain":0,"max_hp_loss":0,"event_name":"Back to Basics","floor":21,"gold_loss":0},{"damage_healed":0,"gold_gain":50,"player_choice":"Stole From Cult","damage_taken":0,"max_hp_gain":0,"max_hp_loss":0,"event_name":"Nest","floor":22,"gold_loss":0},{"cards_removed":["Defend_B"],"damage_healed":0,"gold_gain":0,"player_choice":"Purged","damage_taken":0,"max_hp_gain":0,"max_hp_loss":0,"event_name":"Purifier","floor":38,"gold_loss":0}],"is_beta":false,"boss_relics":[{"not_picked":["Tiny House","Busted Crown"],"picked":"Philosopher\u0027s Stone"},{"not_picked":["Eternal Feather","White Beast Statue"],"picked":"Astrolabe"}],"items_purged_floors":[],"is_endless":false,"potions_floor_spawned":[3,4,5,7,13,19,24,31],"killed_by":"Reptomancer","ascension_level":20}