{"gold_per_floor":[113,38,58,58,58,58,58,92,118,128,128,156,156,189,189,267,267,285,285,285,303,195,195,255,305,350,64,64,64,164,183,183,260,260,276,276,276,276,287,287,587,587],"floor_reached":42,"playtime":1153,"items_purged":["Strike_R"],"score":952,"play_id":"0bb19d0b-d9a9-4a5a-8984-6c4c5f022dff","local_time":"20190425212133","is_ascension_mode":true,"campfire_choices":[{"data":"Armaments","floor":6,"key":"SMITH"},{"data":"Rampage","floor":11,"key":"SMITH"},{"floor":15,"key":"REST"},{"data":"Fiend Fire","floor":23,"key":"SMITH"},{"floor":29,"key":"REST"},{"floor":32,"key":"REST"},{"floor":40,"key":"REST"}],"neow_cost":"NONE","seed_source_timestamp":292854686015700,"circlet_count":0,"master_deck":["AscendersBane","Defend_R","Defend_R","Defend_R","Defend_R+1","Armaments+1","Evolve","Burning Pact","Seeing Red","Fiend Fire+1","Rampage+1","Seeing Red","Havoc","Spot Weakness+1","Decay","Shrug It Off","Barricade+1","Power Through","Madness","Madness","Disarm"],"relics":["Burning Blood","NeowsBlessing","Vajra","Blood Vial","Potion Belt","Juzu Bracelet","Dead Branch","Astrolabe","Tiny Chest","Oddly Smooth Stone","Pantograph","Ginger","Blue Candle","Empty Cage"],"potions_floor_usage":[16,16,24,30,30,39],"damage_taken":[{"damage":0,"enemies":"Cultist","floor":1,"turns":1},{"damage":0,"enemies":"Small Slimes","floor":3,"turns":1},{"damage":0,"enemies":"Gremlin Nob","floor":8,"turns":1},{"damage":7,"enemies":"Jaw Worm","floor":10,"turns":3},{"damage":16,"enemies":"3 Sentries","floor":12,"turns":7},{"damage":24,"enemies":"Lagavulin","floor":14,"turns":6},{"damage":27,"enemies":"The Guardian","floor":16,"turns":10},{"damage":22,"enemies":"2 Thieves","floor":18,"turns":4},{"damage":6,"enemies":"Chosen","floor":21,"turns":3},{"damage":41,"enemies":"Book of Stabbing","floor":24,"turns":4},{"damage":13,"enemies":"Colosseum Slavers","floor":30,"turns":2},{"damage":35,"enemies":"Colosseum Nobs","floor":30,"turns":4},{"damage":0,"enemies":"Snecko","floor":31,"turns":2},{"damage":62,"enemies":"Collector","floor":33,"turns":8},{"damage":27,"enemies":"3 Shapes","floor":35,"turns":6},{"damage":10,"enemies":"Orb Walker","floor":39,"turns":4},{"damage":62,"enemies":"Giant Head","floor":42,"turns":7}],"seed_played":"-8563902508319853659","potions_obtained":[{"floor":3,"key":"Weak Potion"},{"floor":14,"key":"Weak Potion"},{"floor":24,"key":"Strength Potion"},{"floor":31,"key":"Poison Potion"},{"floor":35,"key":"PowerPotion"}],"is_trial":false,"path_per_floor":["M","$","M","?","$","R","T","E","T","M","R","E","?","E","R","B",null,"M","?","?","M","$","R","E","?","T","$","?","R","?","M","R","B",null,"M","?","?","?","M","R","?","E"],"character_chosen":"IRONCLAD","items_purchased":["Fire Potion","FearPotion","Pantograph"],"campfire_rested":4,"item_purchase_floors":[22,22,27],"current_hp_per_floor":[74,74,75,52,52,52,52,58,58,59,59,51,51,35,57,38,66,52,52,52,54,54,54,21,21,21,21,21,43,11,19,41,12,59,40,26,26,26,24,46,46,0],"gold":587,"neow_bonus":"THREE_ENEMY_KILL","is_prod":false,"is_daily":false,"chose_seed":false,"campfire_upgraded":3,"win_rate":0,"timestamp":1556194893,"path_taken":["M","?","?","?","?","R","?","E","T","M","R","E","?","E","R","BOSS","M","?","?","M","$","R","E","?","T","?","?","R","?","M","R","BOSS","M","?","?","?","M","R","?","E"],"build_version":"2019-01-23","purchased_purges":1,"victory":false,"max_hp_per_floor":[75,75,75,75,75,75,75,75,75,75,75,75,75,75,75,75,75,75,75,75,75,75,75,75,75,75,75,75,75,75,75,75,75,75,75,75,75,75,75,75,75,75],"card_choices":[{"not_picked":["Perfected Strike","Clothesline"],"picked":"Armaments","floor":1},{"not_picked":["Heavy Blade","Pommel Strike"],"picked":"Evolve","floor":3},{"not_picked":["Searing Blow","Thunderclap","Headbutt"],"picked":"SKIP","floor":8},{"not_picked":["Seeing Red","Armaments"],"picked":"Rampage","floor":10},{"not_picked":["Rupture","Havoc"],"picked":"Burning Pact","floor":12},{"not_picked":["Rage","Wild Strike"],"picked":"Seeing Red","floor":14},{"not_picked":["Dark Embrace","Immolate"],"picked":"Fiend Fire","floor":16},{"not_picked":["Body Slam","Dropkick","Thunderclap"],"picked":"SKIP","floor":18},{"not_picked":["Flame Barrier","Shrug It Off"],"picked":"Havoc","floor":21},{"not_picked":["Immolate","Evolve"],"picked":"Spot Weakness+1","floor":24},{"not_picked":["Clothesline","Warcry"],"picked":"Shrug It Off","floor":31},{"not_picked":["Brutality","Exhume"],"picked":"Barricade","floor":33},{"not_picked":["Perfected Strike","Iron Wave+1"],"picked":"Power Through","floor":35},{"not_picked":["Flex+1","Pommel Strike+1"],"picked":"Disarm","floor":39}],"player_experience":3379864,"relics_obtained":[{"floor":7,"key":"Vajra"},{"floor":8,"key":"Blood Vial"},{"floor":9,"key":"Potion Belt"},{"floor":12,"key":"Juzu Bracelet"},{"floor":14,"key":"Dead Branch"},{"floor":24,"key":"Tiny Chest"},{"floor":26,"key":"Oddly Smooth Stone"},{"floor":30,"key":"Ginger"},{"floor":30,"key":"Blue Candle"}],"event_choices":[{"damage_healed":0,"gold_gain":0,"player_choice":"Entered Light","damage_taken":23,"max_hp_gain":0,"max_hp_loss":0,"event_name":"Shining Light","floor":4,"gold_loss":0,"cards_upgraded":["Defend_R","Bash"]},{"cards_removed":["Strike_R"],"damage_healed":0,"gold_gain":0,"player_choice":"Purged","damage_taken":0,"max_hp_gain":0,"max_hp_loss":0,"event_name":"Purifier","floor":13,"gold_loss":0},{"cards_removed":["Heavy Blade"],"damage_healed":0,"gold_gain":0,"player_choice":"Elegance","damage_taken":0,"max_hp_gain":0,"max_hp_loss":0,"event_name":"Back to Basics","floor":19,"gold_loss":0},{"damage_healed":0,"gold_gain":0,"player_choice":"Read","damage_taken":0,"max_hp_gain":0,"max_hp_loss":0,"event_name":"The Library","floor":20,"gold_loss":0,"cards_obtained":["Seeing Red"]},{"damage_healed":0,"gold_gain":50,"player_choice":"Stole From Cult","damage_taken":0,"max_hp_gain":0,"max_hp_loss":0,"event_name":"Nest","floor":25,"gold_loss":0},{"damage_healed":0,"gold_gain":0,"player_choice":"Smashed Altar","damage_taken":0,"max_hp_gain":0,"max_hp_loss":0,"event_name":"Forgotten Altar","floor":28,"gold_loss":0,"cards_obtained":["Decay"]},{"damage_healed":0,"gold_gain":0,"player_choice":"Fight","damage_taken":0,"max_hp_gain":0,"max_hp_loss":0,"event_name":"Colosseum","floor":30,"gold_loss":0},{"damage_healed":0,"gold_gain":0,"player_choice":"Fought Nobs","damage_taken":0,"max_hp_gain":0,"max_hp_loss":0,"event_name":"Colosseum","floor":30,"gold_loss":0},{"damage_healed":0,"gold_gain":0,"player_choice":"Embrace Madness","damage_taken":14,"max_hp_gain":0,"max_hp_loss":0,"event_name":"Winding Halls","floor":36,"gold_loss":0,"cards_obtained":["Madness","Madness"]},{"cards_removed":["Sever Soul"],"damage_healed":0,"gold_gain":0,"player_choice":"Removed Attack","damage_taken":0,"max_hp_gain":0,"max_hp_loss":0,"event_name":"Falling","floor":37,"gold_loss":0},{"damage_healed":0,"gold_gain":0,"player_choice":"Forge","damage_taken":0,"max_hp_gain":0,"max_hp_loss":0,"event_name":"Accursed Blacksmith","floor":38,"gold_loss":0,"cards_upgraded":["Barricade"]},{"damage_healed":0,"gold_gain":300,"player_choice":"Gold","damage_taken":0,"max_hp_gain":0,"max_hp_loss":0,"event_name":"Wheel of Change","floor":41,"gold_loss":0}],"is_beta":false,"boss_relics":[{"not_picked":["Philosopher\u0027s Stone","Fusion Hammer"],"picked":"Astrolabe"},{"not_picked":["White Beast Statue","Black Blood"],"picked":"Empty Cage"}],"items_purged_floors":[2],"is_endless":false,"potions_floor_spawned":[3,14,24,31,35],"killed_by":"Giant Head","ascension_level":20}