{"gold_per_floor":[117,137,212,362,5,36,60,60,84,84,84,103,165,178,178,252,252,270,296,314,330,108,108,135,135,135,150,150,179,179,194,194,271,271,290,75,75,0,16,47,47],"floor_reached":41,"playtime":1571,"items_purged":["Doubt","Strike_B","Streamline"],"score":944,"play_id":"e07e1224-1c7c-4294-85bc-285e73345f8c","local_time":"20190316143512","is_ascension_mode":true,"campfire_choices":[{"floor":10,"key":"REST"},{"floor":15,"key":"REST"},{"data":"Defragment","floor":23,"key":"SMITH"},{"data":"Loop","floor":25,"key":"SMITH"},{"floor":30,"key":"REST"},{"floor":32,"key":"REST"}],"neow_cost":"TEN_PERCENT_HP_LOSS","seed_source_timestamp":187768399678100,"circlet_count":0,"master_deck":["AscendersBane","Strike_B+1","Strike_B+1","Strike_B+1","Defend_B+1","Defend_B+1","Defend_B+1","Defend_B+1","Zap","Dualcast","Core Surge","Coolheaded","Sunder+1","Loop+1","Coolheaded","Defragment+1","Echo Form","Glacier","Coolheaded","Doom and Gloom","Creative AI","Blizzard","Enlightenment","Chill","White Noise"],"relics":["FrozenCore","Pantograph","Shuriken","Odd Mushroom","Art of War","Tiny Chest","Runic Dome","Smiling Mask","DataDisk","Bronze Scales","Symbiotic Virus","Centennial Puzzle","Red Mask","Orichalcum"],"potions_floor_usage":[16,29,33,33],"damage_taken":[{"damage":0,"enemies":"2 Louse","floor":1,"turns":2},{"damage":1,"enemies":"Small Slimes","floor":2,"turns":3},{"damage":31,"enemies":"Lagavulin","floor":6,"turns":6},{"damage":17,"enemies":"The Mushroom Lair","floor":7,"turns":4},{"damage":0,"enemies":"Cultist","floor":12,"turns":2},{"damage":8,"enemies":"Gremlin Nob","floor":13,"turns":3},{"damage":6,"enemies":"Exordium Wildlife","floor":14,"turns":3},{"damage":13,"enemies":"The Guardian","floor":16,"turns":14},{"damage":12,"enemies":"Chosen","floor":18,"turns":7},{"damage":8,"enemies":"Shell Parasite","floor":20,"turns":10},{"damage":1,"enemies":"Snecko","floor":21,"turns":6},{"damage":13,"enemies":"Chosen and Byrds","floor":27,"turns":6},{"damage":5,"enemies":"Gremlin Leader","floor":29,"turns":8},{"damage":20,"enemies":"Snake Plant","floor":31,"turns":3},{"damage":4,"enemies":"Collector","floor":33,"turns":10},{"damage":5,"enemies":"Orb Walker","floor":35,"turns":4},{"damage":11,"enemies":"3 Darklings","floor":39,"turns":6},{"damage":29,"enemies":"Nemesis","floor":40,"turns":13},{"damage":8,"enemies":"Transient","floor":41,"turns":3}],"seed_played":"-5809357067667146343","potions_obtained":[{"floor":6,"key":"Dexterity Potion"},{"floor":13,"key":"Strength Potion"},{"floor":14,"key":"Poison Potion"},{"floor":20,"key":"Energy Potion"},{"floor":27,"key":"Fire Potion"},{"floor":29,"key":"FearPotion"},{"floor":31,"key":"Regen Potion"},{"floor":35,"key":"PowerPotion"},{"floor":40,"key":"Strength Potion"}],"is_trial":false,"path_per_floor":["M","M","?","?","$","E","?","?","T","R","?","M","E","M","R","B",null,"M","T","M","M","$","R","T","R","T","M","?","E","R","M","R","B",null,"M","$","?","?","M","E","M"],"character_chosen":"DEFECT","items_purchased":["Pantograph","DataDisk","Centennial Puzzle"],"campfire_rested":4,"item_purchase_floors":[5,22,36],"current_hp_per_floor":[64,63,52,52,52,21,4,4,4,23,23,23,15,9,28,40,58,46,46,38,37,37,37,37,37,37,24,24,19,38,18,37,61,63,58,58,48,48,37,8,0],"gold":47,"neow_bonus":"THREE_RARE_CARDS","is_prod":false,"is_daily":false,"chose_seed":false,"campfire_upgraded":2,"win_rate":0,"timestamp":1552714512,"path_taken":["M","M","?","?","$","E","?","?","T","R","?","M","E","M","R","BOSS","M","?","M","M","$","R","?","R","T","M","?","E","R","M","R","BOSS","M","$","?","?","M","E","M"],"build_version":"2019-01-23","purchased_purges":3,"victory":false,"max_hp_per_floor":[64,64,64,64,64,64,64,64,64,64,64,64,64,64,64,64,64,64,64,64,64,64,64,64,64,64,64,64,64,64,64,64,64,64,64,64,64,64,64,64,64],"card_choices":[{"not_picked":["Hyperbeam","Creative AI"],"picked":"Core Surge","floor":0},{"not_picked":["Beam Cell","Darkness"],"picked":"Streamline","floor":1},{"not_picked":["Force Field","Compile Driver"],"picked":"Coolheaded","floor":2},{"not_picked":["Chill","Sweeping Beam"],"picked":"Sunder","floor":6},{"not_picked":["Sweeping Beam","Scrape"],"picked":"Loop","floor":7},{"not_picked":["Darkness","Barrage"],"picked":"Coolheaded","floor":12},{"not_picked":["Sweeping Beam","Steam Power"],"picked":"Defragment","floor":13},{"not_picked":["Steam","Scrape","Compile Driver"],"picked":"SKIP","floor":14},{"not_picked":["Meteor Strike","Machine Learning"],"picked":"Echo Form","floor":16},{"not_picked":["Redo","Hello World"],"picked":"Glacier","floor":18},{"not_picked":["Steam+1","Scrape+1","Lockon"],"picked":"SKIP","floor":20},{"not_picked":["Rip and Tear","Steam+1","Conserve Battery"],"picked":"SKIP","floor":21},{"not_picked":["Rip and Tear","Steam+1","Conserve Battery"],"picked":"SKIP","floor":21},{"not_picked":["Barrage","Fusion+1","Reprogram"],"picked":"SKIP","floor":27},{"not_picked":["Rebound","BootSequence"],"picked":"Coolheaded","floor":29},{"not_picked":["Aggregate","Reprogram"],"picked":"Doom and Gloom","floor":31},{"not_picked":["All For One","Amplify"],"picked":"Creative AI","floor":33},{"not_picked":["Streamline","Barrage"],"picked":"Blizzard","floor":35},{"not_picked":["Panacea","Transmutation"],"picked":"Enlightenment","floor":37},{"not_picked":["Redo","Rebound+1"],"picked":"Chill","floor":39},{"not_picked":["Leap","Hologram"],"picked":"White Noise","floor":40}],"player_experience":2306585,"relics_obtained":[{"floor":6,"key":"Shuriken"},{"floor":7,"key":"Odd Mushroom"},{"floor":9,"key":"Art of War"},{"floor":13,"key":"Tiny Chest"},{"floor":19,"key":"Smiling Mask"},{"floor":24,"key":"Bronze Scales"},{"floor":29,"key":"Symbiotic Virus"},{"floor":40,"key":"Orichalcum"}],"event_choices":[{"damage_healed":0,"gold_gain":75,"player_choice":"Gather Gold","damage_taken":11,"max_hp_gain":0,"max_hp_loss":0,"event_name":"World of Goop","floor":3,"gold_loss":0},{"damage_healed":0,"gold_gain":150,"player_choice":"AGREE","damage_taken":0,"max_hp_gain":0,"max_hp_loss":0,"event_name":"Liars Game","floor":4,"gold_loss":0,"cards_obtained":["Doubt"]},{"damage_healed":0,"gold_gain":0,"player_choice":"Fought Mushrooms","damage_taken":0,"max_hp_gain":0,"max_hp_loss":0,"event_name":"Mushrooms","floor":7,"gold_loss":0},{"damage_healed":0,"gold_gain":0,"player_choice":"Ignored","damage_taken":0,"max_hp_gain":0,"max_hp_loss":0,"event_name":"Shining Light","floor":8,"gold_loss":0},{"damage_healed":0,"gold_gain":0,"player_choice":"Forge","damage_taken":0,"max_hp_gain":0,"max_hp_loss":0,"event_name":"Accursed Blacksmith","floor":11,"gold_loss":0,"cards_upgraded":["Sunder"]},{"damage_healed":0,"gold_gain":0,"player_choice":"Simplicity","damage_taken":0,"max_hp_gain":0,"max_hp_loss":0,"event_name":"Back to Basics","floor":28,"gold_loss":0,"cards_upgraded":["Strike_B","Strike_B","Strike_B","Defend_B","Defend_B","Defend_B","Defend_B"]},{"damage_healed":0,"gold_gain":0,"player_choice":"Memory 3","damage_taken":10,"max_hp_gain":0,"max_hp_loss":0,"event_name":"SensoryStone","floor":37,"gold_loss":0},{"damage_healed":0,"gold_gain":0,"player_choice":"Paid","damage_taken":0,"relics_obtained":["Red Mask"],"max_hp_gain":0,"max_hp_loss":0,"event_name":"Tomb of Lord Red Mask","floor":38,"gold_loss":75}],"is_beta":false,"boss_relics":[{"not_picked":["Velvet Choker","Fusion Hammer"],"picked":"Runic Dome"},{"not_picked":["Sozu","Coffee Dripper"],"picked":"FrozenCore"}],"items_purged_floors":[5,22,36],"is_endless":false,"potions_floor_spawned":[6,13,14,20,27,29,31,35,40],"killed_by":"Transient","ascension_level":20}