{"gold_per_floor":[118,143,143,153,205,205,260,260,260,279,279,305,320,320,320,398,398,409,437,204,204,479,479,508,537,631,672,684,263,292,302,302,376,376,388,388,403,278,297,297,330,330,357,384,396,396,413,34,34,34,34,34,34,34,65,65],"floor_reached":57,"playtime":2968,"items_purged":["Strike_B","Strike_B","Defend_B","Sunder"],"score":3148,"play_id":"d8d0987c-749d-432f-93a3-5cb6555179c5","local_time":"20190218120317","is_ascension_mode":true,"campfire_choices":[{"data":"Zap","floor":6.0,"key":"SMITH"},{"data":"Chrysalis","floor":8.0,"key":"SMITH"},{"data":"Defragment","floor":15.0,"key":"SMITH"},{"data":"Defragment","floor":23.0,"key":"SMITH"},{"data":"Fission","floor":28.0,"key":"SMITH"},{"data":"Discovery","floor":32.0,"key":"SMITH"},{"data":"Loop","floor":40.0,"key":"SMITH"},{"data":"Coolheaded","floor":42.0,"key":"SMITH"},{"floor":46.0,"key":"RECALL"},{"data":"Ghostly","floor":49.0,"key":"SMITH"},{"data":"Biased Cognition","floor":53.0,"key":"SMITH"}],"neow_cost":"TEN_PERCENT_HP_LOSS","seed_source_timestamp":350610739064600,"circlet_count":0,"master_deck":["AscendersBane","Strike_B","Defend_B","Defend_B","Defend_B","Zap+1","Dualcast","Chrysalis+1","Dramatic Entrance","Self Repair","Cold Snap","Glacier","Defragment+1","Electrodynamics","Defragment+1","Coolheaded+1","Bandage Up","Ghostly+1","Ghostly","Ghostly","Capacitor","Turbo","Fission+1","Discovery+1","Loop+1","Biased Cognition+1","Barrage+1","Amplify+1","Coolheaded+1","Chill+1","Coolheaded+1"],"special_seed":0,"relics":["FrozenCore","Omamori","Cables","Ancient Tea Set","Tiny Chest","Pantograph","Pen Nib","Matryoshka","DataDisk","Inserter","Red Mask","MawBank","Vajra","Pear","Bag of Preparation","Oddly Smooth Stone","Lantern","Toxic Egg 2","Boot","Question Card","Medical Kit","Happy Flower"],"potions_floor_usage":[56],"damage_taken":[{"damage":1.0,"enemies":"Cultist","floor":1.0,"turns":4.0},{"damage":0.0,"enemies":"Small Slimes","floor":4.0,"turns":3.0},{"damage":9.0,"enemies":"Lagavulin","floor":7.0,"turns":7.0},{"damage":7.0,"enemies":"Jaw Worm","floor":10.0,"turns":2.0},{"damage":16.0,"enemies":"Gremlin Nob","floor":12.0,"turns":5.0},{"damage":3.0,"enemies":"Looter","floor":13.0,"turns":3.0},{"damage":18.0,"enemies":"Hexaghost","floor":16.0,"turns":14.0},{"damage":0.0,"enemies":"Spheric Guardian","floor":18.0,"turns":5.0},{"damage":31.0,"enemies":"Masked Bandits","floor":19.0,"turns":4.0},{"damage":14.0,"enemies":"Slavers","floor":24.0,"turns":5.0},{"damage":0.0,"enemies":"3 Byrds","floor":25.0,"turns":2.0},{"damage":33.0,"enemies":"Book of Stabbing","floor":27.0,"turns":6.0},{"damage":0.0,"enemies":"Slavers","floor":30.0,"turns":2.0},{"damage":0.0,"enemies":"Centurion and Healer","floor":31.0,"turns":5.0},{"damage":3.0,"enemies":"Collector","floor":33.0,"turns":8.0},{"damage":0.0,"enemies":"Orb Walker","floor":35.0,"turns":5.0},{"damage":0.0,"enemies":"3 Darklings","floor":37.0,"turns":5.0},{"damage":0.0,"enemies":"Writhing Mass","floor":39.0,"turns":6.0},{"damage":0.0,"enemies":"Nemesis","floor":41.0,"turns":9.0},{"damage":0.0,"enemies":"Giant Head","floor":44.0,"turns":7.0},{"damage":0.0,"enemies":"Jaw Worm Horde","floor":45.0,"turns":5.0},{"damage":0.0,"enemies":"4 Shapes","floor":47.0,"turns":4.0},{"damage":0.0,"enemies":"Time Eater","floor":50.0,"turns":15.0},{"damage":0.0,"enemies":"Donu and Deca","floor":51.0,"turns":10.0},{"damage":0.0,"enemies":"Shield and Spear","floor":55.0,"turns":8.0},{"damage":19,"enemies":"The Heart","floor":56,"turns":11}],"seed_played":"2746442707641549271","potions_obtained":[{"floor":1.0,"key":"Dexterity Potion"},{"floor":4.0,"key":"SpeedPotion"},{"floor":16.0,"key":"LiquidBronze"},{"floor":19.0,"key":"Fruit Juice"},{"floor":24.0,"key":"Ancient Potion"},{"floor":31.0,"key":"AttackPotion"},{"floor":35.0,"key":"GamblersBrew"},{"floor":44.0,"key":"Swift Potion"},{"floor":47.0,"key":"FearPotion"}],"is_trial":false,"path_per_floor":["M","T","?","M","T","R","E","R","T","M","T","E","M","?","R","B",null,"M","?","$","?","?","R","E","M","T","E","R","$","E","M","R","B",null,"M","?","M","$","M","R","E","R","T","E","M","R","M","$","R","B","B",null,"R","$","E","B",null],"character_chosen":"DEFECT","items_purchased":["Bandage Up","Fire Potion","Oddly Smooth Stone","Discovery","Regen Potion","Medical Kit"],"campfire_rested":0,"item_purchase_floors":[20,20,29,29,29,48],"current_hp_per_floor":[63,63,63,64,64,64,62,62,62,62,62,53,57,52,52,53,61,64,45,45,34,34,34,30,30,40,18,18,18,34,44,44,44,44,44,44,44,44,44,44,44,44,44,44,44,44,44,44,44,44,44,44,44,44,44,36],"gold":65,"neow_bonus":"RANDOM_COLORLESS_2","is_prod":false,"is_daily":false,"chose_seed":false,"campfire_upgraded":10,"win_rate":0,"timestamp":1550458997,"path_taken":["M","?","?","M","?","R","E","R","T","M","?","E","?","?","R","BOSS","M","?","$","?","?","R","E","?","T","E","R","$","E","M","R","BOSS","M","?","M","$","M","R","E","R","T","E","M","R","M","?","R","BOSS","BOSS","R","$","E","BOSS"],"build_version":"2019-01-23","purchased_purges":4,"victory":true,"max_hp_per_floor":[64,64,64,64,64,64,64,64,64,64,64,64,64,64,64,64,64,64,69,69,34,34,34,34,34,44,44,44,44,44,44,44,44,44,44,44,44,44,44,44,44,44,44,44,44,44,44,44,44,44,44,44,44,44,44,44],"card_choices":[{"not_picked":["Melter","Rebound"],"picked":"Self Repair","floor":1.0},{"not_picked":["Stack","Go for the Eyes"],"picked":"Cold Snap","floor":4.0},{"not_picked":["Hologram","Stack","Steam"],"picked":"SKIP","floor":7.0},{"not_picked":["Undo","Barrage"],"picked":"Glacier","floor":10.0},{"not_picked":["Meteor Strike","Doom and Gloom"],"picked":"Defragment","floor":12.0},{"not_picked":["Leap","Sweeping Beam","Aggregate"],"picked":"SKIP","floor":13.0},{"not_picked":["Meteor Strike","Fission"],"picked":"Electrodynamics","floor":16.0},{"not_picked":["Streamline","Rebound"],"picked":"Defragment","floor":18.0},{"not_picked":["Skim","Go for the Eyes"],"picked":"Coolheaded","floor":19.0},{"not_picked":["Turbo","Rebound"],"picked":"Capacitor","floor":24.0},{"not_picked":["Rebound","Leap"],"picked":"Turbo","floor":25.0},{"not_picked":["Genetic Algorithm+1","Lockon"],"picked":"Fission","floor":27.0},{"not_picked":["Auto Shields","Doom and Gloom+1"],"picked":"Loop","floor":30.0},{"not_picked":["Compile Driver","Reprogram","Rebound"],"picked":"SKIP","floor":31.0},{"not_picked":["All For One","Electrodynamics"],"picked":"Biased Cognition","floor":33.0},{"not_picked":["Beam Cell+1","Go for the Eyes","Scrape+1"],"picked":"SKIP","floor":35.0},{"not_picked":["Doom and Gloom","Genetic Algorithm","Lockon"],"picked":"SKIP","floor":37.0},{"not_picked":["Sunder+1","Tempest+1","Barrage+1"],"picked":"SKIP","floor":39.0},{"not_picked":["Sunder+1","Tempest+1"],"picked":"Barrage+1","floor":39.0},{"not_picked":["Gash","Hologram"],"picked":"Amplify","floor":41.0},{"not_picked":["Double Energy+1","Hologram+1"],"picked":"Coolheaded+1","floor":44.0},{"not_picked":["FTL","Rebound","Heatsinks","Streamline"],"picked":"SKIP","floor":45.0},{"not_picked":["Storm","Static Discharge","Stack+1"],"picked":"Chill+1","floor":47.0},{"not_picked":["Hologram+1","Scrape+1","Static Discharge+1"],"picked":"Coolheaded+1","floor":55.0}],"player_experience":1614287,"relics_obtained":[{"floor":2.0,"key":"Omamori"},{"floor":5.0,"key":"Ancient Tea Set"},{"floor":7.0,"key":"Tiny Chest"},{"floor":9.0,"key":"Pantograph"},{"floor":11.0,"key":"Pen Nib"},{"floor":12.0,"key":"Matryoshka"},{"floor":19.0,"key":"Red Mask"},{"floor":24.0,"key":"MawBank"},{"floor":26.0,"key":"Vajra"},{"floor":26.0,"key":"Pear"},{"floor":27.0,"key":"Bag of Preparation"},{"floor":30.0,"key":"Lantern"},{"floor":41.0,"key":"Toxic Egg 2"},{"floor":43.0,"key":"Boot"},{"floor":44.0,"key":"Question Card"},{"floor":55.0,"key":"Happy Flower"}],"event_choices":[{"damage_healed":0.0,"max_hp_gain":0.0,"max_hp_loss":0.0,"gold_gain":0.0,"event_name":"Big Fish","player_choice":"Box","floor":3.0,"gold_loss":0.0,"damage_taken":0.0,"relics_obtained":["Cables"],"cards_obtained":["Regret"]},{"damage_healed":0.0,"max_hp_gain":0.0,"max_hp_loss":0.0,"gold_gain":0.0,"event_name":"Scrap Ooze","player_choice":"Success","floor":14.0,"gold_loss":0.0,"damage_taken":5.0,"relics_obtained":["DataDisk"]},{"damage_healed":0.0,"max_hp_gain":0.0,"max_hp_loss":0.0,"gold_gain":0.0,"event_name":"Masked Bandits","player_choice":"Fought Bandits","floor":19.0,"gold_loss":0.0,"damage_taken":0.0},{"damage_healed":0.0,"max_hp_gain":0.0,"max_hp_loss":35.0,"gold_gain":0.0,"event_name":"Ghosts","player_choice":"Became a Ghost","floor":21.0,"gold_loss":0.0,"damage_taken":0.0,"cards_obtained":["Ghostly","Ghostly","Ghostly"]},{"damage_healed":0.0,"max_hp_gain":0.0,"max_hp_loss":0.0,"gold_gain":275.0,"event_name":"Golden Shrine","player_choice":"Desecrate","floor":22.0,"gold_loss":0.0,"damage_taken":0.0,"cards_obtained":["Regret"]},{"damage_healed":0.0,"max_hp_gain":0.0,"max_hp_loss":0.0,"gold_gain":0.0,"cards_transformed":["Strike_B"],"event_name":"Transmorgrifier","player_choice":"Transformed","floor":36.0,"gold_loss":0.0,"damage_taken":0.0,"cards_obtained":["Sunder"]}],"is_beta":false,"boss_relics":[{"not_picked":["Black Star","Snecko Eye"],"picked":"Inserter"},{"not_picked":["Calling Bell","Nuclear Battery"],"picked":"FrozenCore"}],"items_purged_floors":[20,29,38,48],"is_endless":false,"potions_floor_spawned":[1,4,13,16,19,24,31,35,44,47],"ascension_level":20}