{"gold_per_floor":[118,393,404,404,6,31,31,31,76,93,93],"floor_reached":11,"playtime":206,"items_purged":["Regret"],"score":192,"play_id":"19218c39-a15f-4917-b11d-a95f7a8db345","local_time":"20190223161343","is_ascension_mode":true,"campfire_choices":[{"data":"Zap","floor":7,"key":"SMITH"}],"neow_cost":"NONE","seed_source_timestamp":275213719761000,"circlet_count":0,"master_deck":["AscendersBane","Strike_B+1","Strike_B","Strike_B","Strike_B","Defend_B+1","Defend_B","Defend_B","Defend_B","Zap+1","Dualcast","Glacier","Bandage Up","Capacitor","Coolheaded","Turbo"],"relics":["Cracked Core","NeowsBlessing","Membership Card","Turnip","Vajra"],"potions_floor_usage":[11],"damage_taken":[{"damage":0,"enemies":"Jaw Worm","floor":1,"turns":1},{"damage":0,"enemies":"Cultist","floor":3,"turns":1},{"damage":0,"enemies":"3 Sentries","floor":6,"turns":1},{"damage":1,"enemies":"2 Louse","floor":10,"turns":2},{"damage":55,"enemies":"Gremlin Nob","floor":11,"turns":4}],"seed_played":"5050881423669332675","potions_obtained":[{"floor":10,"key":"LiquidBronze"}],"is_trial":false,"path_per_floor":["M","?","M","?","$","E","R","?","T","M","E"],"character_chosen":"DEFECT","items_purchased":["Membership Card","Bandage Up","Capacitor","Coolheaded","PowerPotion"],"campfire_rested":0,"item_purchase_floors":[5,5,5,5,5],"current_hp_per_floor":[64,64,64,43,43,43,43,43,43,46,0],"gold":93,"neow_bonus":"THREE_ENEMY_KILL","is_prod":false,"is_daily":false,"chose_seed":false,"campfire_upgraded":1,"win_rate":0,"timestamp":1550906023,"path_taken":["M","?","?","?","$","E","R","?","T","M","E"],"build_version":"2019-01-23","purchased_purges":1,"victory":false,"max_hp_per_floor":[71,71,71,71,71,71,71,71,71,71,71],"card_choices":[{"not_picked":["Leap","Steam Power","Undo"],"picked":"SKIP","floor":1},{"not_picked":["Capacitor","Leap"],"picked":"Glacier","floor":3},{"not_picked":["Stack","Rebound"],"picked":"Turbo","floor":6},{"not_picked":["Skim","Hologram","Stack"],"picked":"SKIP","floor":10}],"player_experience":1779030,"relics_obtained":[{"floor":6,"key":"Turnip"},{"floor":9,"key":"Vajra"}],"event_choices":[{"damage_healed":0,"gold_gain":275,"player_choice":"Desecrate","damage_taken":0,"max_hp_gain":0,"max_hp_loss":0,"event_name":"Golden Shrine","floor":2,"gold_loss":0,"cards_obtained":["Regret"]},{"damage_healed":0,"gold_gain":0,"player_choice":"Entered Light","damage_taken":21,"max_hp_gain":0,"max_hp_loss":0,"event_name":"Shining Light","floor":4,"gold_loss":0,"cards_upgraded":["Defend_B","Strike_B"]},{"damage_healed":0,"gold_gain":0,"player_choice":"Leave","damage_taken":0,"max_hp_gain":0,"max_hp_loss":0,"event_name":"The Cleric","floor":8,"gold_loss":0}],"is_beta":false,"boss_relics":[],"items_purged_floors":[5],"is_endless":false,"potions_floor_spawned":[10],"killed_by":"Gremlin Nob","ascension_level":20}