{"gold_per_floor":[112,362,362,187,187,222,174,174,201,201,213,231,231,191,191,295,295,312,15,35,51,51,51,51,51,51,51,51],"floor_reached":28,"playtime":941,"items_purged":["Strike_R","Strike_R"],"score":212,"play_id":"e156c188-879b-4db4-afe0-57fdd7e27aeb","local_time":"20180805182639","is_ascension_mode":false,"campfire_choices":[{"floor":8,"key":"REST"},{"data":"Clash","floor":10,"key":"SMITH"},{"data":"Bash","floor":13,"key":"SMITH"},{"data":"Strike_R","floor":15,"key":"SMITH"},{"floor":23,"key":"REST"},{"data":"Clash","floor":25,"key":"SMITH"}],"neow_cost":"NONE","seed_source_timestamp":1206294185650258,"circlet_count":0,"master_deck":["Strike_R","Strike_R+1","Defend_R","Defend_R","Bash+1","Clash+1","Clash+1"],"relics":["Burning Blood","Vajra","Regal Pillow","Lizard Tail","Pen Nib","The Courier"],"potions_floor_usage":[6,6,16,18,20],"damage_taken":[{"damage":10,"enemies":"Jaw Worm","floor":1,"turns":4},{"damage":15,"enemies":"3 Sentries","floor":6,"turns":8},{"damage":0,"enemies":"Cultist","floor":11,"turns":2},{"damage":0,"enemies":"Small Slimes","floor":12,"turns":2},{"damage":45,"enemies":"The Guardian","floor":16,"turns":9},{"damage":2,"enemies":"Shell Parasite","floor":18,"turns":4},{"damage":14,"enemies":"Spheric Guardian","floor":20,"turns":4},{"damage":33,"enemies":"Chosen and Byrds","floor":21,"turns":7},{"damage":125,"enemies":"Book of Stabbing","floor":28,"turns":7}],"seed_played":"-4671098550723207949","potions_obtained":[{"floor":11,"key":"LiquidBronze"},{"floor":14,"key":"Poison Potion"},{"floor":14,"key":"SpeedPotion"}],"is_trial":false,"path_per_floor":["M","?","?","$","?","E","$","R","T","R","M","M","R","?","R","B",null,"M","$","M","M","?","R","?","R","T","?"],"character_chosen":"IRONCLAD","items_purchased":["AttackPotion","Block Potion","Clash","Pen Nib","Clash"],"campfire_rested":2,"item_purchase_floors":[4,4,7,19,19],"current_hp_per_floor":[76,76,76,76,69,60,60,80,80,80,80,80,80,80,80,41,80,80,80,72,45,45,80,80,80,80,80,0],"gold":51,"neow_bonus":"REMOVE_CARD","is_prod":false,"is_daily":false,"chose_seed":false,"campfire_upgraded":4,"win_rate":0,"timestamp":1533482799,"path_taken":["M","?","?","$","?","E","$","R","T","R","M","M","R","?","R","BOSS","M","$","M","M","?","R","?","R","T","?","E"],"build_version":"2018-08-02","purchased_purges":2,"victory":false,"max_hp_per_floor":[80,80,80,80,80,80,80,80,80,80,80,80,80,80,80,80,80,80,80,80,80,80,80,80,80,80,80,80],"card_choices":[{"not_picked":["Flex","Hemokinesis","Sever Soul"],"picked":"SKIP","floor":1},{"not_picked":["Anger","Armaments","Clothesline"],"picked":"SKIP","floor":6},{"not_picked":["Shrug It Off","Sentinel","Armaments"],"picked":"SKIP","floor":11},{"not_picked":["Rupture","Disarm","Heavy Blade"],"picked":"SKIP","floor":12},{"not_picked":["Disarm","Seeing Red","Body Slam"],"picked":"SKIP","floor":18},{"not_picked":["Anger+1","Clothesline","Perfected Strike"],"picked":"SKIP","floor":20},{"not_picked":["Flex+1","Shrug It Off+1","Disarm"],"picked":"SKIP","floor":21}],"player_experience":636167,"relics_obtained":[{"floor":6,"key":"Vajra"},{"floor":9,"key":"Regal Pillow"},{"floor":26,"key":"The Courier"}],"event_choices":[{"event_name":"Golden Shrine","player_choice":"Desecrate","floor":2,"damage_taken":0},{"event_name":"Living Wall","player_choice":"Forget","floor":3,"damage_taken":0},{"event_name":"Golden Wing","player_choice":"Card Removal","floor":5,"damage_taken":0},{"event_name":"The Woman in Blue","player_choice":"Bought 3 Potions","floor":14,"damage_taken":0},{"event_name":"Vampires","player_choice":"Ignored","floor":22,"damage_taken":0},{"event_name":"Back to Basics","player_choice":"Elegance","floor":24,"damage_taken":0},{"event_name":"Addict","player_choice":"Ignored","floor":27,"damage_taken":0}],"is_beta":false,"boss_relics":[{"not_picked":["Cursed Key","Fusion Hammer"],"picked":"Lizard Tail"}],"items_purged_floors":[4,19],"is_endless":false,"potions_floor_spawned":[11],"killed_by":"Book of Stabbing","ascension_level":0}