{"gold_per_floor":[110,123,135,152,152,152,187,187,187,210,210],"floor_reached":11,"playtime":200,"items_purged":[],"score":150,"play_id":"9c113d4d-95c6-46c2-957f-0bd1bd963ae2","local_time":"20190416143457","is_ascension_mode":true,"campfire_choices":[{"data":"Streamline","floor":6,"key":"SMITH"},{"data":"Loop","floor":8,"key":"SMITH"}],"neow_cost":"NONE","seed_source_timestamp":38520380899300,"circlet_count":0,"master_deck":["AscendersBane","Strike_B","Strike_B","Strike_B","Strike_B","Defend_B","Defend_B","Defend_B","Defend_B","Zap","Dualcast","Recycle","Loop+1","Streamline+1","Consume","Darkness"],"relics":["Cracked Core","NeowsBlessing","Golden Idol","Bag of Preparation","Blood Vial"],"potions_floor_usage":[4,10],"damage_taken":[{"damage":0,"enemies":"Cultist","floor":1,"turns":1},{"damage":0,"enemies":"2 Louse","floor":2,"turns":1},{"damage":0,"enemies":"Small Slimes","floor":3,"turns":1},{"damage":3,"enemies":"3 Louse","floor":4,"turns":2},{"damage":25,"enemies":"Lagavulin","floor":7,"turns":6},{"damage":11,"enemies":"Blue Slaver","floor":10,"turns":3},{"damage":0,"enemies":"Exordium Wildlife","floor":11,"turns":1}],"seed_played":"5920437013193757463","potions_obtained":[{"floor":2,"key":"Explosive Potion"},{"floor":3,"key":"Energy Potion"},{"floor":4,"key":"AttackPotion"}],"is_trial":false,"path_per_floor":["M","M","M","M","?","R","E","R","T","M","M"],"character_chosen":"DEFECT","items_purchased":[],"campfire_rested":0,"item_purchase_floors":[],"current_hp_per_floor":[64,64,64,61,61,61,36,36,36,27,29],"gold":210,"neow_bonus":"THREE_ENEMY_KILL","is_prod":false,"is_daily":false,"chose_seed":false,"campfire_upgraded":2,"win_rate":0,"timestamp":1555392897,"path_taken":["M","?","M","?","?","R","E","R","T","M","M"],"build_version":"2019-01-23","purchased_purges":0,"victory":false,"max_hp_per_floor":[71,71,71,71,64,64,64,64,64,64,64],"card_choices":[{"not_picked":["Leap","Genetic Algorithm"],"picked":"Recycle","floor":1},{"not_picked":["Leap","Redo"],"picked":"Loop","floor":2},{"not_picked":["Skim","Stack"],"picked":"Streamline","floor":3},{"not_picked":["Chaos","Go for the Eyes"],"picked":"Consume","floor":4},{"not_picked":["Sweeping Beam","Conserve Battery"],"picked":"Darkness","floor":7},{"not_picked":["Hello World","Stack","Redo"],"picked":"SKIP","floor":10}],"player_experience":3180347,"relics_obtained":[{"floor":7,"key":"Bag of Preparation"},{"floor":9,"key":"Blood Vial"}],"event_choices":[{"damage_healed":0,"gold_gain":0,"player_choice":"Lose Max HP","damage_taken":0,"relics_obtained":["Golden Idol"],"max_hp_gain":0,"max_hp_loss":7,"event_name":"Golden Idol","floor":5,"gold_loss":0}],"is_beta":false,"boss_relics":[],"items_purged_floors":[],"is_endless":false,"potions_floor_spawned":[2,3,4],"killed_by":"Exordium Wildlife","ascension_level":20}