{"gold_per_floor":[111,36,51,51,126,126,126,169,169,9,40,40,65,101,101,101],"floor_reached":16,"playtime":473,"items_purged":[],"score":282,"play_id":"93a1e606-cc5f-487f-9274-e06703bbd8bb","local_time":"20190419194415","is_ascension_mode":true,"campfire_choices":[{"data":"Chaos","floor":6,"key":"SMITH"},{"data":"Doom and Gloom","floor":12,"key":"SMITH"},{"floor":15,"key":"REST"}],"neow_cost":"NONE","seed_source_timestamp":316010621851000,"circlet_count":0,"master_deck":["AscendersBane","Strike_B","Strike_B","Defend_B","Defend_B","Defend_B","Defend_B","Zap","Dualcast","Compile Driver","Doom and Gloom+1","Chaos+1","Turbo","Core Surge","Cold Snap","Genetic Algorithm","Reboot"],"relics":["Cracked Core","NeowsBlessing","Golden Idol","Happy Flower","Orichalcum","Pen Nib","Dream Catcher"],"potions_floor_usage":[14],"damage_taken":[{"damage":0,"enemies":"Small Slimes","floor":1,"turns":1},{"damage":0,"enemies":"Jaw Worm","floor":3,"turns":1},{"damage":0,"enemies":"Lagavulin","floor":8,"turns":1},{"damage":21,"enemies":"3 Sentries","floor":11,"turns":6},{"damage":0,"enemies":"2 Louse","floor":13,"turns":1},{"damage":12,"enemies":"Lagavulin","floor":14,"turns":4},{"damage":34,"enemies":"The Guardian","floor":16,"turns":9}],"seed_played":"3494469937701938470","potions_obtained":[{"floor":3,"key":"FearPotion"},{"floor":8,"key":"AttackPotion"}],"is_trial":false,"path_per_floor":["M","?","M","?","?","R","?","E","T","$","E","R","M","E","R","B"],"character_chosen":"DEFECT","items_purchased":["Orichalcum"],"campfire_rested":1,"item_purchase_floors":[10],"current_hp_per_floor":[64,64,64,64,53,53,53,53,53,53,32,32,32,20,39,5],"gold":101,"neow_bonus":"THREE_ENEMY_KILL","is_prod":false,"is_daily":false,"chose_seed":false,"campfire_upgraded":2,"win_rate":0,"timestamp":1555670655,"path_taken":["M","?","M","?","?","R","?","E","T","$","E","R","M","E","R","BOSS"],"build_version":"2019-01-23","purchased_purges":0,"victory":false,"max_hp_per_floor":[71,71,71,71,71,71,64,64,64,64,64,64,64,64,64,64],"card_choices":[{"not_picked":["Steam","Rebound"],"picked":"Compile Driver","floor":1},{"not_picked":["Reinforced Body","Streamline"],"picked":"Doom and Gloom","floor":3},{"not_picked":["Ball Lightning","Gash"],"picked":"Turbo","floor":8},{"not_picked":["Streamline","Fusion"],"picked":"Core Surge","floor":11},{"not_picked":["Go for the Eyes","Barrage"],"picked":"Cold Snap","floor":13},{"not_picked":["Auto Shields","Beam Cell"],"picked":"Genetic Algorithm","floor":14},{"not_picked":["Chill","Sweeping Beam"],"picked":"Reboot","floor":15}],"player_experience":3232345,"relics_obtained":[{"floor":8,"key":"Happy Flower"},{"floor":11,"key":"Pen Nib"},{"floor":14,"key":"Dream Catcher"}],"event_choices":[{"cards_removed":["Strike_B"],"damage_healed":0,"gold_gain":0,"player_choice":"Card Removal","damage_taken":0,"max_hp_gain":0,"max_hp_loss":0,"event_name":"The Cleric","floor":2,"gold_loss":75},{"damage_healed":0,"gold_gain":0,"cards_transformed":["Strike_B"],"player_choice":"Change","damage_taken":0,"max_hp_gain":0,"max_hp_loss":0,"event_name":"Living Wall","floor":4,"gold_loss":0,"cards_obtained":["Chaos"]},{"damage_healed":0,"gold_gain":75,"player_choice":"Gather Gold","damage_taken":11,"max_hp_gain":0,"max_hp_loss":0,"event_name":"World of Goop","floor":5,"gold_loss":0},{"damage_healed":0,"gold_gain":0,"player_choice":"Lose Max HP","damage_taken":0,"relics_obtained":["Golden Idol"],"max_hp_gain":0,"max_hp_loss":7,"event_name":"Golden Idol","floor":7,"gold_loss":0}],"is_beta":false,"boss_relics":[],"items_purged_floors":[],"is_endless":false,"potions_floor_spawned":[3,8],"killed_by":"The Guardian","ascension_level":20}