{"gold_per_floor":[116,28,28,28,43,79,79,122,176,211,230,273,273,238,238,328,328,348,372,386,386,29,29,72,72,72,72,72,104,29,42,42,115,115,125,1124,353,364,28,28,43,76,76,76,0,0,33,33,33,33,33,33,33,33,62,62],"floor_reached":57,"playtime":2795,"items_purged":["Strike_B","Normality","Normality"],"score":3190,"play_id":"f8b1093b-3ed7-4ec7-ab24-584f1e043091","local_time":"20190403212516","is_ascension_mode":true,"campfire_choices":[{"data":"Sunder","floor":7.0,"key":"SMITH"},{"data":"Defragment","floor":15.0,"key":"SMITH"},{"data":"Consume","floor":23.0,"key":"SMITH"},{"floor":25.0,"key":"REST"},{"data":"Echo Form","floor":32.0,"key":"SMITH"},{"floor":40.0,"key":"RECALL"},{"data":"Chill","floor":49.0,"key":"SMITH"},{"data":"Discovery","floor":53.0,"key":"SMITH"}],"neow_cost":"NONE","seed_source_timestamp":466520966728500,"circlet_count":0,"master_deck":["AscendersBane","Strike_B","Strike_B","Strike_B","Defend_B","Defend_B","Defend_B","Defend_B","Zap","Dualcast","Sunder+1","Defragment+1","Buffer+1","White Noise","Echo Form","Loop+1","Echo Form+1","Tempest+1","Hologram+1","Consume+1","Night Terror","Discovery+1","Blur","Bandage Up+1","Second Wind+1","Chill+1","Backstab","Offering","Mayhem","Bandage Up+1","Bandage Up+1","Bullet Time+1"],"special_seed":0,"relics":["Cracked Core","NeowsBlessing","Bloody Idol","Bag of Preparation","Bottled Lightning","Orichalcum","Potion Belt","Question Card","Snecko Eye","PrismaticShard","Matryoshka","Art of War","Blood Vial","Singing Bowl","Orrery","Dead Branch","Juzu Bracelet","Toy Ornithopter","Toxic Egg 2","Mercury Hourglass","Red Mask","Omamori","Bottled Flame"],"potions_floor_usage":[56,56,56],"damage_taken":[{"damage":0.0,"enemies":"Jaw Worm","floor":1.0,"turns":1.0},{"damage":0.0,"enemies":"Small Slimes","floor":5.0,"turns":1.0},{"damage":0.0,"enemies":"Lagavulin","floor":6.0,"turns":1.0},{"damage":0.0,"enemies":"Gremlin Nob","floor":8.0,"turns":3.0},{"damage":0.0,"enemies":"Lagavulin","floor":10.0,"turns":5.0},{"damage":0.0,"enemies":"Cultist","floor":11.0,"turns":2.0},{"damage":18.0,"enemies":"Gremlin Nob","floor":12.0,"turns":4.0},{"damage":0.0,"enemies":"The Guardian","floor":16.0,"turns":10.0},{"damage":0.0,"enemies":"Spheric Guardian","floor":18.0,"turns":3.0},{"damage":17.0,"enemies":"2 Thieves","floor":19.0,"turns":3.0},{"damage":7.0,"enemies":"Shelled Parasite and Fungi","floor":20.0,"turns":3.0},{"damage":0.0,"enemies":"Gremlin Leader","floor":24.0,"turns":5.0},{"damage":0.0,"enemies":"Book of Stabbing","floor":29.0,"turns":3.0},{"damage":0.0,"enemies":"Snake Plant","floor":31.0,"turns":3.0},{"damage":39.0,"enemies":"Automaton","floor":33.0,"turns":8.0},{"damage":22.0,"enemies":"Orb Walker","floor":35.0,"turns":3.0},{"damage":12.0,"enemies":"3 Darklings","floor":38.0,"turns":4.0},{"damage":0.0,"enemies":"Jaw Worm Horde","floor":41.0,"turns":6.0},{"damage":39.0,"enemies":"Nemesis","floor":42.0,"turns":9.0},{"damage":6.0,"enemies":"Reptomancer","floor":47.0,"turns":4.0},{"damage":31.0,"enemies":"Time Eater","floor":50.0,"turns":26.0},{"damage":61.0,"enemies":"Awakened One","floor":51.0,"turns":23.0},{"damage":12.0,"enemies":"Shield and Spear","floor":55.0,"turns":4.0},{"damage":80,"enemies":"The Heart","floor":56,"turns":9}],"seed_played":"2898035917920185519","potions_obtained":[{"floor":1.0,"key":"FocusPotion"},{"floor":4.0,"key":"Explosive Potion"},{"floor":4.0,"key":"PowerPotion"},{"floor":8.0,"key":"Block Potion"},{"floor":11.0,"key":"Dexterity Potion"},{"floor":16.0,"key":"Block Potion"},{"floor":18.0,"key":"Poison Potion"},{"floor":20.0,"key":"SpeedPotion"},{"floor":24.0,"key":"SteroidPotion"},{"floor":31.0,"key":"GamblersBrew"},{"floor":33.0,"key":"GamblersBrew"},{"floor":42.0,"key":"PowerPotion"}],"is_trial":false,"path_per_floor":["M","$","?","?","M","E","R","E","T","E","M","E","?","?","R","B",null,"M","M","M","?","$","R","E","R","T","$","?","E","$","M","R","B",null,"M","?","$","M","$","R","M","E","T","?","?","?","E","?","R","B","B",null,"R","$","E","B",null],"character_chosen":"DEFECT","items_purchased":["Defragment","Consume","PowerPotion","PrismaticShard","Dead Branch","Chill","Juzu Bracelet","FocusPotion","Toy Ornithopter"],"campfire_rested":1,"item_purchase_floors":[2,22,22,22,37,37,37,37,39],"current_hp_per_floor":[64,64,64,64,64,64,64,64,64,64,64,46,27,43,43,43,59,59,42,35,35,35,35,35,54,54,54,54,63,63,68,68,34,62,58,63,63,70,70,70,70,50,50,50,50,40,55,55,55,50,27,62,62,62,69,24],"gold":62,"neow_bonus":"THREE_ENEMY_KILL","is_prod":false,"is_daily":false,"chose_seed":false,"campfire_upgraded":6,"win_rate":0,"timestamp":1554294316,"path_taken":["M","$","?","?","M","E","R","E","T","E","?","E","?","?","R","BOSS","M","M","M","?","$","R","E","R","T","$","?","E","$","?","R","BOSS","M","?","$","M","$","R","M","E","T","?","?","?","E","?","R","BOSS","BOSS","R","$","E","BOSS"],"build_version":"2019-01-23","purchased_purges":3,"victory":true,"max_hp_per_floor":[71,71,64,64,64,64,64,64,64,64,64,64,64,64,64,64,64,64,64,64,64,64,64,64,64,64,64,64,66,66,68,68,68,70,70,70,70,70,70,70,70,72,72,72,72,72,74,74,74,74,74,74,74,74,74,74],"card_choices":[{"not_picked":["Gash","Steam"],"picked":"Sunder","floor":1.0},{"not_picked":["Barrage","Gash","Rip and Tear"],"picked":"SKIP","floor":5.0},{"not_picked":["Reprogram","Self Repair"],"picked":"Buffer","floor":6.0},{"not_picked":["Conserve Battery","Streamline"],"picked":"White Noise","floor":8.0},{"not_picked":["Conserve Battery","Force Field"],"picked":"Echo Form","floor":10.0},{"not_picked":["Compile Driver","Streamline","Stack"],"picked":"SKIP","floor":11.0},{"not_picked":["Beam Cell","Barrage"],"picked":"Loop","floor":12.0},{"not_picked":["Reboot","Meteor Strike","Creative AI"],"picked":"Echo Form","floor":16.0},{"not_picked":["Leap","Tempest+1","Compile Driver","Steam Power"],"picked":"SKIP","floor":18.0},{"not_picked":["Leap","Compile Driver","Steam Power"],"picked":"Tempest+1","floor":18.0},{"not_picked":["Streamline","Ball Lightning","Auto Shields","Rebound"],"picked":"SKIP","floor":19.0},{"not_picked":["Force Field","Reinforced Body","Streamline"],"picked":"Hologram+1","floor":20.0},{"not_picked":["Forethought","Setup","Purity","Streamline"],"picked":"SKIP","floor":24.0},{"not_picked":["Blood for Blood","Barrage+1","Go for the Eyes","Heavy Blade"],"picked":"Singing Bowl","floor":29.0},{"not_picked":["PanicButton","Dodge and Roll","Steam Power+1","Static Discharge+1"],"picked":"Singing Bowl","floor":31.0},{"not_picked":["Phantasmal Killer","Adrenaline","Multi-Cast"],"picked":"Bludgeon","floor":33.0},{"not_picked":["Terror","Perfected Strike","Twin Strike"],"picked":"Night Terror","floor":34.0},{"not_picked":["Blur","Flechettes","Backflip"],"picked":"Discovery","floor":34.0},{"not_picked":["Body Slam","Rebound","Barrage"],"picked":"Blur","floor":34.0},{"not_picked":["Aggregate","Rampage","Disarm"],"picked":"Bandage Up+1","floor":34.0},{"not_picked":["Rebound+1","Seeing Red","Battle Trance","True Grit"],"picked":"Singing Bowl","floor":34.0},{"not_picked":["Deadly Poison","Armaments","Perfected Strike"],"picked":"Second Wind+1","floor":35.0},{"not_picked":["Backflip","Scrape","Iron Wave"],"picked":"Backstab","floor":38.0},{"not_picked":["Expertise","Deep Breath","Thunderclap"],"picked":"Offering","floor":41.0},{"not_picked":["Headbutt","Spot Weakness","Havoc+1","Uppercut"],"picked":"Singing Bowl","floor":42.0},{"not_picked":["Impatience+1","Good Instincts+1","Swift Strike"],"picked":"Mayhem","floor":46.0},{"not_picked":["Transmutation+1","Trip+1","Panache"],"picked":"Bandage Up+1","floor":46.0},{"not_picked":["Secret Technique+1","Transmutation+1","Metamorphosis+1"],"picked":"Bandage Up+1","floor":46.0},{"not_picked":["Combust+1","Madness+1","Poisoned Stab+1","Clash"],"picked":"Singing Bowl","floor":47.0},{"not_picked":["Turbo+1","Eviscerate+1","Flex+1"],"picked":"Bullet Time+1","floor":55.0}],"player_experience":2846739,"relics_obtained":[{"floor":6.0,"key":"Bag of Preparation"},{"floor":8.0,"key":"Bottled Lightning"},{"floor":9.0,"key":"Orichalcum"},{"floor":10.0,"key":"Potion Belt"},{"floor":12.0,"key":"Question Card"},{"floor":24.0,"key":"Matryoshka"},{"floor":26.0,"key":"Art of War"},{"floor":26.0,"key":"Blood Vial"},{"floor":29.0,"key":"Singing Bowl"},{"floor":42.0,"key":"Toxic Egg 2"},{"floor":43.0,"key":"Mercury Hourglass"},{"floor":47.0,"key":"Omamori"},{"floor":55.0,"key":"Bottled Flame"}],"event_choices":[{"damage_healed":0.0,"max_hp_gain":0.0,"max_hp_loss":7.0,"gold_gain":0.0,"event_name":"Golden Idol","player_choice":"Lose Max HP","floor":3.0,"gold_loss":0.0,"damage_taken":0.0,"relics_obtained":["Golden Idol"]},{"damage_healed":0.0,"max_hp_gain":0.0,"max_hp_loss":0.0,"gold_gain":0.0,"event_name":"Lab","player_choice":"Got Potions","floor":4.0,"gold_loss":0.0,"damage_taken":0.0},{"damage_healed":0.0,"max_hp_gain":0.0,"max_hp_loss":0.0,"gold_gain":0.0,"event_name":"Shining Light","player_choice":"Entered Light","floor":13.0,"gold_loss":0.0,"damage_taken":19.0,"cards_upgraded":["Loop","Buffer"]},{"damage_healed":16.0,"max_hp_gain":0.0,"max_hp_loss":0.0,"gold_gain":0.0,"event_name":"The Cleric","player_choice":"Healed","floor":14.0,"gold_loss":35.0,"damage_taken":0.0},{"damage_healed":0.0,"max_hp_gain":0.0,"max_hp_loss":0.0,"gold_gain":0.0,"event_name":"Vampires","player_choice":"Ignored","floor":21.0,"gold_loss":0.0,"damage_taken":0.0},{"damage_healed":0.0,"max_hp_gain":0.0,"max_hp_loss":0.0,"gold_gain":0.0,"event_name":"Forgotten Altar","player_choice":"Gave Idol","floor":28.0,"relics_lost":["Golden Idol"],"gold_loss":0.0,"damage_taken":0.0,"relics_obtained":["Bloody Idol"]},{"damage_healed":0.0,"max_hp_gain":0.0,"max_hp_loss":0.0,"gold_gain":999.0,"event_name":"MindBloom","player_choice":"Gold","floor":36.0,"gold_loss":0.0,"damage_taken":0.0,"cards_obtained":["Normality","Normality"]},{"damage_healed":0.0,"max_hp_gain":0.0,"max_hp_loss":0.0,"gold_gain":0.0,"event_name":"Mysterious Sphere","player_choice":"Ignored","floor":44.0,"gold_loss":0.0,"damage_taken":0.0},{"damage_healed":0.0,"max_hp_gain":0.0,"max_hp_loss":0.0,"gold_gain":0.0,"event_name":"Tomb of Lord Red Mask","player_choice":"Paid","floor":45.0,"gold_loss":76.0,"damage_taken":0.0,"relics_obtained":["Red Mask"]},{"damage_healed":0.0,"max_hp_gain":0.0,"max_hp_loss":0.0,"gold_gain":0.0,"event_name":"SensoryStone","player_choice":"Memory 3","floor":46.0,"gold_loss":0.0,"damage_taken":10.0},{"cards_removed":["Bludgeon"],"damage_healed":0.0,"max_hp_gain":0.0,"max_hp_loss":0.0,"gold_gain":0.0,"event_name":"Falling","player_choice":"Removed Attack","floor":48.0,"gold_loss":0.0,"damage_taken":0.0}],"is_beta":false,"boss_relics":[{"not_picked":["Nuclear Battery","Cursed Key"],"picked":"Snecko Eye"},{"not_picked":["Runic Pyramid","Coffee Dripper"],"picked":"Orrery"}],"items_purged_floors":[30,37,39],"is_endless":false,"potions_floor_spawned":[1,5,8,11,16,18,20,24,31,33,38,42],"ascension_level":20}