{"gold_per_floor":[109,119,131,149,224,224,253,253,253,278,278,278,19,19,19,91,91,107,157,168,3,3,3,3,3,27,27,46,46,46,63,63,137,137,149,149,149,99,36,36,46,46],"floor_reached":42,"playtime":1918,"items_purged":["Regret","Strike_B+1","Defend_B"],"score":804,"play_id":"57df0019-69bb-440d-884f-652e0ca541ab","local_time":"20190415223350","is_ascension_mode":true,"campfire_choices":[{"floor":6,"key":"REST"},{"data":"Sunder","floor":8,"key":"SMITH"},{"data":"Go for the Eyes","floor":11,"key":"SMITH"},{"floor":15,"key":"REST"},{"floor":23,"key":"REST"},{"floor":25,"key":"REST"},{"floor":30,"key":"REST"},{"floor":32,"key":"REST"},{"floor":40,"key":"REST"}],"neow_cost":"CURSE","seed_source_timestamp":297200492824200,"circlet_count":0,"master_deck":["AscendersBane","Defend_B","Defend_B","Zap","Dualcast","Genetic Algorithm","All For One+1","Cold Snap","FTL","Sunder+1","Go for the Eyes+1","Biased Cognition","Echo Form","Recycle","Cold Snap+1","Finesse","Consume+1","Core Surge+1","Madness","Madness","Discovery","Flash of Steel+1","Darkness"],"relics":["Cracked Core","Whetstone","Molten Egg 2","Pocketwatch","Membership Card","Fusion Hammer","Medical Kit","Empty Cage"],"potions_floor_usage":[7,10,16,27,33],"damage_taken":[{"damage":8,"enemies":"Cultist","floor":1,"turns":4},{"damage":1,"enemies":"2 Louse","floor":2,"turns":2},{"damage":15,"enemies":"Small Slimes","floor":3,"turns":4},{"damage":4,"enemies":"Blue Slaver","floor":4,"turns":5},{"damage":24,"enemies":"Lagavulin","floor":7,"turns":5},{"damage":1,"enemies":"3 Sentries","floor":10,"turns":3},{"damage":20,"enemies":"The Guardian","floor":16,"turns":10},{"damage":11,"enemies":"Chosen","floor":18,"turns":4},{"damage":18,"enemies":"Shell Parasite","floor":20,"turns":3},{"damage":0,"enemies":"Shelled Parasite and Fungi","floor":27,"turns":1},{"damage":23,"enemies":"3 Cultists","floor":28,"turns":6},{"damage":8,"enemies":"Chosen and Byrds","floor":31,"turns":5},{"damage":27,"enemies":"Champ","floor":33,"turns":16},{"damage":29,"enemies":"3 Shapes","floor":35,"turns":5},{"damage":13,"enemies":"Orb Walker","floor":41,"turns":3},{"damage":29,"enemies":"Giant Head","floor":42,"turns":5}],"seed_played":"-6260830017688508707","potions_obtained":[{"floor":2,"key":"Explosive Potion"},{"floor":3,"key":"FocusPotion"},{"floor":7,"key":"Poison Potion"},{"floor":20,"key":"SmokeBomb"},{"floor":24,"key":"Fire Potion"},{"floor":35,"key":"SpeedPotion"}],"is_trial":false,"path_per_floor":["M","M","M","M","?","R","E","R","T","E","R","?","$","?","R","B",null,"M","?","M","$","?","R","?","R","T","M","M","?","R","M","R","B",null,"M","?","?","$","$","R","M","E"],"character_chosen":"DEFECT","items_purchased":["Membership Card","Medical Kit","Finesse"],"campfire_rested":7,"item_purchase_floors":[13,21,21],"current_hp_per_floor":[56,55,40,36,25,46,22,22,22,21,21,21,21,21,42,22,59,48,41,23,23,23,44,44,65,65,65,42,22,44,36,58,31,65,36,22,12,12,12,34,21,0],"gold":46,"neow_bonus":"TRANSFORM_TWO_CARDS","is_prod":false,"is_daily":false,"chose_seed":false,"campfire_upgraded":2,"win_rate":0,"timestamp":1555335230,"path_taken":["M","M","?","M","?","R","E","R","T","E","R","?","$","?","R","BOSS","M","?","M","$","?","R","?","R","T","M","?","?","R","M","R","BOSS","M","?","?","?","$","R","M","E"],"build_version":"2019-01-23","purchased_purges":3,"victory":false,"max_hp_per_floor":[71,71,71,71,71,71,71,71,71,71,71,71,71,71,71,71,71,71,71,71,71,71,71,71,71,71,71,71,76,76,76,76,76,76,76,76,76,76,76,76,76,76],"card_choices":[{"not_picked":["Steam Power","Melter"],"picked":"Cold Snap","floor":1},{"not_picked":["Chaos","Compile Driver","Conserve Battery"],"picked":"SKIP","floor":2},{"not_picked":["Cold Snap","Rebound"],"picked":"FTL","floor":3},{"not_picked":["Auto Shields","Redo"],"picked":"Sunder","floor":4},{"not_picked":["Fission","FTL"],"picked":"Go for the Eyes","floor":7},{"not_picked":["Defragment","Consume"],"picked":"Biased Cognition","floor":10},{"not_picked":["Reboot","Buffer"],"picked":"Echo Form","floor":16},{"not_picked":["Steam","Stack+1"],"picked":"Recycle","floor":18},{"not_picked":["Storm","Rebound+1"],"picked":"Cold Snap+1","floor":20},{"not_picked":["Coolheaded","Cold Snap+1"],"picked":"Consume+1","floor":28},{"not_picked":["Steam Power","Hologram","Sweeping Beam+1"],"picked":"SKIP","floor":31},{"not_picked":["Hyperbeam+1","Meteor Strike+1"],"picked":"Core Surge+1","floor":33},{"not_picked":["Go for the Eyes+1","Barrage+1","Beam Cell+1"],"picked":"SKIP","floor":35},{"not_picked":["Flash of Steel+1","Swift Strike+1"],"picked":"Discovery","floor":37},{"not_picked":["Mind Blast+1","Thinking Ahead"],"picked":"Flash of Steel+1","floor":37},{"not_picked":["Doom and Gloom+1","Streamline+1"],"picked":"Darkness","floor":41}],"player_experience":3169930,"relics_obtained":[{"floor":7,"key":"Whetstone"},{"floor":9,"key":"Molten Egg 2"},{"floor":10,"key":"Pocketwatch"}],"event_choices":[{"damage_healed":0,"gold_gain":75,"player_choice":"Gather Gold","damage_taken":11,"max_hp_gain":0,"max_hp_loss":0,"event_name":"World of Goop","floor":5,"gold_loss":0},{"damage_healed":0,"gold_gain":0,"player_choice":"Searched \u00270\u0027 times","damage_taken":0,"max_hp_gain":0,"max_hp_loss":0,"event_name":"Dead Adventurer","floor":12,"gold_loss":0},{"damage_healed":0,"gold_gain":0,"player_choice":"Ignored","damage_taken":0,"max_hp_gain":0,"max_hp_loss":0,"event_name":"Shining Light","floor":14,"gold_loss":0},{"damage_healed":0,"gold_gain":50,"player_choice":"Touch","damage_taken":7,"max_hp_gain":0,"max_hp_loss":0,"event_name":"FaceTrader","floor":19,"gold_loss":0},{"damage_healed":0,"gold_gain":0,"player_choice":"Got Potions","damage_taken":0,"max_hp_gain":0,"max_hp_loss":0,"event_name":"Lab","floor":24,"gold_loss":0},{"damage_healed":0,"gold_gain":0,"player_choice":"Shed Blood","damage_taken":25,"max_hp_gain":5,"max_hp_loss":0,"event_name":"Forgotten Altar","floor":29,"gold_loss":0},{"damage_healed":0,"gold_gain":0,"player_choice":"Embrace Madness","damage_taken":14,"max_hp_gain":0,"max_hp_loss":0,"event_name":"Winding Halls","floor":36,"gold_loss":0,"cards_obtained":["Madness","Madness"]},{"damage_healed":0,"gold_gain":0,"player_choice":"Memory 3","damage_taken":10,"max_hp_gain":0,"max_hp_loss":0,"event_name":"SensoryStone","floor":37,"gold_loss":0}],"is_beta":false,"boss_relics":[{"not_picked":["Eternal Feather","Lizard Tail"],"picked":"Fusion Hammer"},{"not_picked":["Black Star","Busted Crown"],"picked":"Empty Cage"}],"items_purged_floors":[13,38,39],"is_endless":false,"potions_floor_spawned":[2,3,7,20,27,35],"killed_by":"Giant Head","ascension_level":20}