{"gold_per_floor":[113,123,136,153,172,204,204,221,221,236,268,278,291,321,321,423,423,436,14,14,30,49,76,76,108,159,159,171,171,188,188,188,292,292,309,409,409,87,98,98,113,127,127,139,156,173,173,189,189,189],"floor_reached":51,"playtime":4131,"items_purged":["Strike_R"],"score":794,"play_id":"ffd6d64f-c3c7-4dee-ae30-c6360d7a31d1","local_time":"20190426224903","is_ascension_mode":false,"campfire_choices":[{"data":"Armaments","floor":7,"key":"SMITH"},{"data":"Disarm","floor":15,"key":"SMITH"},{"data":"Inflame","floor":27,"key":"SMITH"},{"data":"Ghostly","floor":29,"key":"SMITH"},{"data":"Clothesline","floor":32,"key":"SMITH"},{"data":"Barricade","floor":40,"key":"SMITH"},{"data":"Ghostly","floor":47,"key":"SMITH"},{"data":"Shockwave","floor":49,"key":"SMITH"}],"neow_cost":"PERCENT_DAMAGE","seed_source_timestamp":1249576096621400,"circlet_count":0,"master_deck":["Strike_R","Strike_R","Strike_R","Defend_R","Defend_R","Defend_R","Bash","Inflame+1","Wild Strike","Disarm+1","Headbutt","Power Through","Armaments+1","Clothesline+1","Twin Strike","Ghostly Armor","Warcry","Exhume","Carnage","PanicButton","Disarm","Flame Barrier","True Grit","Ghostly+1","Ghostly+1","Ghostly","Ghostly","Ghostly","Wild Strike+1","Armaments+1","Barricade+1","Body Slam","Shockwave+1","Shrug It Off+1","Juggernaut","Feel No Pain+1","Injury","Entrench+1","Armaments+1","Parasite"],"relics":["Burning Blood","Bronze Scales","Dodecahedron","Boot","Bottled Flame","Philosopher\u0027s Stone","Orichalcum","Pen Nib","Nilry\u0027s Codex","Shuriken","Smiling Mask","Oddly Smooth Stone","The Courier","Cursed Key","Turnip","Pear","Darkstone Periapt"],"potions_floor_usage":[10,13,14,14,18,23,25,33,41,41],"damage_taken":[{"damage":1,"enemies":"Jaw Worm","floor":1,"turns":3},{"damage":2,"enemies":"Small Slimes","floor":2,"turns":4},{"damage":0,"enemies":"2 Louse","floor":3,"turns":3},{"damage":10,"enemies":"Red Slaver","floor":4,"turns":4},{"damage":8,"enemies":"Large Slime","floor":5,"turns":4},{"damage":17,"enemies":"Lagavulin","floor":6,"turns":7},{"damage":0,"enemies":"Exordium Thugs","floor":8,"turns":4},{"damage":6,"enemies":"Gremlin Gang","floor":10,"turns":4},{"damage":18,"enemies":"Gremlin Nob","floor":11,"turns":4},{"damage":9,"enemies":"Large Slime","floor":12,"turns":6},{"damage":1,"enemies":"Exordium Wildlife","floor":13,"turns":5},{"damage":6,"enemies":"Lagavulin","floor":14,"turns":9},{"damage":16,"enemies":"The Guardian","floor":16,"turns":10},{"damage":0,"enemies":"Spheric Guardian","floor":18,"turns":3},{"damage":14,"enemies":"2 Thieves","floor":21,"turns":3},{"damage":16,"enemies":"Sentry and Sphere","floor":22,"turns":4},{"damage":25,"enemies":"Slavers","floor":23,"turns":15},{"damage":4,"enemies":"Gremlin Leader","floor":25,"turns":10},{"damage":0,"enemies":"3 Cultists","floor":28,"turns":5},{"damage":4,"enemies":"Snake Plant","floor":30,"turns":12},{"damage":0,"enemies":"Automaton","floor":33,"turns":31},{"damage":0,"enemies":"3 Shapes","floor":35,"turns":36},{"damage":0,"enemies":"Mind Bloom Boss Battle","floor":36,"turns":12},{"damage":0,"enemies":"3 Darklings","floor":39,"turns":10},{"damage":2,"enemies":"Sphere and 2 Shapes","floor":41,"turns":8},{"damage":0,"enemies":"Spire Growth","floor":42,"turns":4},{"damage":11,"enemies":"4 Shapes","floor":44,"turns":8},{"damage":0,"enemies":"Sphere and 2 Shapes","floor":45,"turns":9},{"damage":0,"enemies":"Writhing Mass","floor":46,"turns":9},{"damage":15,"enemies":"3 Darklings","floor":48,"turns":8},{"damage":14,"enemies":"Time Eater","floor":50,"turns":15}],"seed_played":"-1437770087102638231","potions_obtained":[{"floor":1,"key":"Dexterity Potion"},{"floor":2,"key":"SpeedPotion"},{"floor":6,"key":"SkillPotion"},{"floor":11,"key":"AttackPotion"},{"floor":12,"key":"Strength Potion"},{"floor":14,"key":"Swift Potion"},{"floor":18,"key":"Strength Potion"},{"floor":21,"key":"Dexterity Potion"},{"floor":30,"key":"SkillPotion"},{"floor":33,"key":"FearPotion"},{"floor":36,"key":"AttackPotion"},{"floor":42,"key":"FearPotion"},{"floor":44,"key":"FearPotion"},{"floor":46,"key":"SteroidPotion"},{"floor":48,"key":"BloodPotion"}],"is_trial":false,"path_per_floor":["M","M","M","M","M","E","R","M","T","M","E","M","M","E","R","B",null,"M","$","?","M","M","E","?","E","T","R","M","R","M","?","R","B",null,"M","?","?","$","M","R","M","M","T","M","M","M","R","M","R","B",null],"character_chosen":"IRONCLAD","items_purchased":["Carnage","Orichalcum","PanicButton","Pen Nib","Pear","Shockwave","SteroidPotion"],"campfire_rested":0,"item_purchase_floors":[19,19,19,19,38,38,38],"current_hp_per_floor":[61,65,71,67,65,54,54,60,60,60,48,45,50,50,50,40,80,80,80,64,56,46,27,27,29,29,29,35,35,37,37,37,40,40,40,40,40,50,50,50,50,50,50,45,50,56,56,47,47,39],"gold":189,"neow_bonus":"REMOVE_TWO","is_prod":false,"is_daily":false,"chose_seed":false,"campfire_upgraded":8,"win_rate":1,"timestamp":1556344143,"path_taken":["M","M","M","M","M","E","R","M","T","M","E","M","M","E","R","BOSS","M","$","?","M","M","E","?","E","T","R","M","R","M","?","R","BOSS","M","?","?","$","M","R","M","M","T","M","M","M","R","M","R","BOSS"],"build_version":"2019-01-23","purchased_purges":1,"victory":true,"max_hp_per_floor":[80,80,80,80,80,80,80,80,80,80,80,80,80,80,80,80,80,80,80,80,80,80,80,40,40,40,40,40,40,40,40,40,40,40,40,40,40,50,50,50,50,50,50,50,50,56,56,56,56,56],"card_choices":[{"not_picked":["Feel No Pain","True Grit"],"picked":"Inflame","floor":1},{"not_picked":["Second Wind","Pummel"],"picked":"Wild Strike","floor":2},{"not_picked":["Iron Wave","Warcry"],"picked":"Disarm","floor":3},{"not_picked":["Heavy Blade","Hemokinesis"],"picked":"Headbutt","floor":4},{"not_picked":["Flex","Heavy Blade"],"picked":"Power Through","floor":5},{"not_picked":["Bloodletting","Brutality"],"picked":"Armaments","floor":6},{"not_picked":["Intimidate","Warcry"],"picked":"Clothesline","floor":8},{"not_picked":["Infernal Blade","Flex"],"picked":"Twin Strike","floor":10},{"not_picked":["Rupture","Whirlwind","Sword Boomerang"],"picked":"SKIP","floor":11},{"not_picked":["Perfected Strike","Pummel","Burning Pact"],"picked":"SKIP","floor":12},{"not_picked":["Flex","Perfected Strike"],"picked":"Ghostly Armor","floor":13},{"not_picked":["Power Through","Heavy Blade"],"picked":"Warcry","floor":14},{"not_picked":["Dark Embrace","Juggernaut"],"picked":"Exhume","floor":16},{"not_picked":["Warcry","Rampage","Searing Blow"],"picked":"SKIP","floor":18},{"not_picked":["Wild Strike+1","Dropkick"],"picked":"Disarm","floor":21},{"not_picked":["Sword Boomerang","Uppercut"],"picked":"Flame Barrier","floor":22},{"not_picked":["Searing Blow","Sword Boomerang"],"picked":"True Grit","floor":23},{"not_picked":["Clothesline","Seeing Red"],"picked":"Wild Strike+1","floor":25},{"not_picked":["Body Slam","Iron Wave","Wild Strike"],"picked":"SKIP","floor":28},{"not_picked":["Iron Wave","Hemokinesis"],"picked":"Armaments+1","floor":30},{"not_picked":["Juggernaut","Limit Break"],"picked":"Barricade","floor":33},{"not_picked":["Sword Boomerang+1","True Grit","Clothesline"],"picked":"SKIP","floor":35},{"not_picked":["Twin Strike","Heavy Blade"],"picked":"Body Slam","floor":36},{"not_picked":["Pommel Strike","Infernal Blade+1"],"picked":"Shrug It Off+1","floor":39},{"not_picked":["Wild Strike+1","Twin Strike+1"],"picked":"Juggernaut","floor":41},{"not_picked":["Seeing Red+1","Reckless Charge+1"],"picked":"Feel No Pain+1","floor":42},{"not_picked":["Clash","Sentinel"],"picked":"Entrench+1","floor":44},{"not_picked":["Clothesline+1","Headbutt"],"picked":"Armaments+1","floor":45},{"not_picked":["Heavy Blade+1","Rage+1","Blood for Blood"],"picked":"SKIP","floor":46},{"not_picked":["Twin Strike","Rage","Wild Strike"],"picked":"SKIP","floor":48}],"player_experience":613843,"relics_obtained":[{"floor":6,"key":"Bronze Scales"},{"floor":9,"key":"Dodecahedron"},{"floor":11,"key":"Boot"},{"floor":14,"key":"Bottled Flame"},{"floor":20,"key":"Nilry\u0027s Codex"},{"floor":23,"key":"Shuriken"},{"floor":25,"key":"Smiling Mask"},{"floor":26,"key":"Oddly Smooth Stone"},{"floor":36,"key":"Turnip"},{"floor":43,"key":"Darkstone Periapt"}],"event_choices":[{"damage_healed":0,"gold_gain":0,"player_choice":"Obtained Book","damage_taken":16,"max_hp_gain":0,"max_hp_loss":0,"event_name":"Cursed Tome","floor":20,"gold_loss":0},{"damage_healed":0,"gold_gain":0,"player_choice":"Became a Ghost","damage_taken":0,"max_hp_gain":0,"max_hp_loss":40,"event_name":"Ghosts","floor":24,"gold_loss":0,"cards_obtained":["Ghostly","Ghostly","Ghostly","Ghostly","Ghostly"]},{"damage_healed":0,"gold_gain":0,"player_choice":"Opened","damage_taken":0,"relics_obtained":["The Courier"],"max_hp_gain":0,"max_hp_loss":0,"event_name":"The Mausoleum","floor":31,"gold_loss":0,"cards_obtained":["Writhe"]},{"damage_healed":0,"gold_gain":0,"player_choice":"Fight","damage_taken":0,"max_hp_gain":0,"max_hp_loss":0,"event_name":"MindBloom","floor":36,"gold_loss":0},{"cards_removed":["Writhe"],"damage_healed":0,"gold_gain":0,"player_choice":"Card Removal","damage_taken":0,"max_hp_gain":0,"max_hp_loss":0,"event_name":"Wheel of Change","floor":37,"gold_loss":0}],"is_beta":false,"boss_relics":[{"not_picked":["Lizard Tail","Tiny House"],"picked":"Philosopher\u0027s Stone"},{"not_picked":["Astrolabe","Runic Cube"],"picked":"Cursed Key"}],"items_purged_floors":[38],"is_endless":false,"potions_floor_spawned":[1,2,6,11,12,14,18,21,30,33,36,42,44,46,48],"ascension_level":0}