{"path_per_floor":["M","M","?","M","$","R","E","M","T","R","E","$","R","M","R","B",null,"M","M","?","M","T","R","E","M","T","?","$","M","?","M","R","B",null,"M","$","?","M","M"],"character_chosen":"THE_SILENT","items_purchased":["Mercury Hourglass","Singing Bowl","Regen Potion","Catalyst"],"gold_per_floor":[111,129,379,397,82,82,117,135,162,162,197,46,46,63,63,163,163,182,196,196,212,238,238,269,288,314,314,85,103,103,117,117,215,215,227,102,0,14,29],"floor_reached":40,"campfire_rested":0,"playtime":2054,"current_hp_per_floor":[63,63,63,61,61,61,43,36,36,36,44,44,44,46,46,30,62,50,43,43,40,40,40,9,14,14,14,14,36,55,59,59,8,46,44,44,44,21,14],"items_purged":["Regret","Writhe","Writhe"],"gold":29,"score":549,"play_id":"13138f2c-2937-4b2b-959c-b9f8a83cf89f","local_time":"20180313202820","is_prod":false,"is_daily":false,"is_ascension_mode":true,"campfire_upgraded":6,"timestamp":1520944100,"path_taken":["M","M","?","M","$","R","E","M","T","R","E","$","R","M","R","BOSS","M","M","?","M","?","R","E","M","T","?","$","?","?","M","R","BOSS","M","$","?","M","M","E"],"build_version":"2018-03-12v2","purchased_purges":3,"victory":false,"master_deck":["Defend_G","Defend_G","Defend_G","Defend_G","Defend_G","Survivor","Neutralize+1","Calculated Gamble","Sucker Punch","Crippling Poison+1","Dash+1","Dagger Spray","Bouncing Flask+1","Wraith Form+1","Bane","Bite","Bite","Bite","Bite","Bite","Bane+1","Catalyst+1","Tools of the Trade","Dodge and Roll+1"],"max_hp_per_floor":[70,70,70,70,70,70,70,70,70,70,70,70,70,72,72,72,72,74,74,51,51,51,51,53,55,55,55,55,57,57,59,59,59,59,59,59,59,61,63],"relics":["The Specimen","Mercury Hourglass","Vajra","Bag of Preparation","Paper Crane","Singing Bowl","Cursed Key","Dream Catcher","Centennial Puzzle","Oddly Smooth Stone","Eternal Feather","Red Mask"],"card_choices":[{"not_picked":["Choke","Well Laid Plans"],"picked":"Calculated Gamble"},{"not_picked":["All Out Attack","Skewer"],"picked":"Sucker Punch"},{"not_picked":["Distraction","Well Laid Plans"],"picked":"Crippling Poison"},{"not_picked":["Skewer","Finisher"],"picked":"Dash"},{"not_picked":["Quick Slash","Acrobatics"],"picked":"Dagger Spray"},{"not_picked":["Bullet Time","Deadly Poison"],"picked":"Bouncing Flask"},{"not_picked":["Night Terror","Grand Finale"],"picked":"Wraith Form"},{"not_picked":["Blade Dance","Backstab"],"picked":"Bane"},{"not_picked":["Deflect","Reflex"],"picked":"Bane"},{"not_picked":["A Thousand Cuts","Grand Finale"],"picked":"Tools of the Trade"},{"not_picked":["Poisoned Stab","Deflect"],"picked":"Dodge and Roll"}],"player_experience":182816,"potions_floor_usage":[7,11,24,29,31,35,38,40],"damage_taken":[{"damage":7,"enemies":"Jaw Worm","floor":1,"turns":5},{"damage":0,"enemies":"Cultist","floor":2,"turns":4},{"damage":2,"enemies":"Small Slimes","floor":4,"turns":4},{"damage":18,"enemies":"Gremlin Nob","floor":7,"turns":5},{"damage":7,"enemies":"Exordium Thugs","floor":8,"turns":5},{"damage":1,"enemies":"3 Sentries","floor":11,"turns":5},{"damage":0,"enemies":"Looter","floor":14,"turns":2},{"damage":16,"enemies":"Hexaghost","floor":16,"turns":9},{"damage":14,"enemies":"2 Thieves","floor":18,"turns":3},{"damage":7,"enemies":"Shell Parasite","floor":19,"turns":5},{"damage":17,"enemies":"Centurion and Healer","floor":21,"turns":6},{"damage":41,"enemies":"Slavers","floor":24,"turns":5},{"damage":7,"enemies":"Snake Plant","floor":25,"turns":3},{"damage":4,"enemies":"3 Cultists","floor":29,"turns":4},{"damage":3,"enemies":"Snecko","floor":31,"turns":3},{"damage":57,"enemies":"Automaton","floor":33,"turns":9},{"damage":6,"enemies":"3 Shapes","floor":35,"turns":4},{"damage":31,"enemies":"3 Darklings","floor":38,"turns":5},{"damage":21,"enemies":"Maw","floor":39,"turns":6},{"damage":19,"enemies":"2 Orb Walkers","floor":40,"turns":2}],"event_choices":[{"event_name":"Golden Shrine","player_choice":"Desecrate","floor":3,"damage_taken":0},{"event_name":"Vampires","player_choice":"Became a vampire","floor":20,"damage_taken":0},{"event_name":"Drug Dealer","player_choice":"Ignored","floor":27,"damage_taken":0},{"event_name":"The Library","player_choice":"Heal","floor":30,"damage_taken":0},{"event_name":"Tomb of Lord Red Mask","player_choice":"Paid","floor":37,"damage_taken":0}],"boss_relics":[{"not_picked":["Astrolabe","Ectoplasm"],"picked":"Cursed Key"},{"not_picked":["Velvet Choker","Philosopher\u0027s Stone"],"picked":"Eternal Feather"}],"potions_floor_spawned":[1,2,4,19,21,31,35,39],"seed_played":"6686502226556582161","killed_by":"2 Orb Walkers","ascension_level":5,"is_trial":false}