{"gold_per_floor":[367,386,406,406,14,14,33,59,113,126,126,139,139,171,171,244,244,259,13,13,13,25,25,38,73,73,73,73,101,120,41,41,118,118,133,151,164,182,196,226,226,257,281,306,306,339,210,262,262,262,262,262,262,93,124,124],"floor_reached":57,"playtime":3131,"items_purged":["Parasite"],"score":2790,"play_id":"9d30f1ae-af69-457e-9e0b-09cb5af123bf","local_time":"20190320153939","is_ascension_mode":true,"campfire_choices":[{"data":"Chaos","floor":6.0,"key":"SMITH"},{"floor":13.0,"key":"REST"},{"floor":15.0,"key":"REST"},{"data":"Heatsinks","floor":23.0,"key":"SMITH"},{"data":"Capacitor","floor":27.0,"key":"SMITH"},{"data":"Heatsinks","floor":32.0,"key":"SMITH"},{"floor":41.0,"key":"RECALL"},{"floor":45.0,"key":"REST"},{"data":"Loop","floor":49.0,"key":"SMITH"},{"data":"Biased Cognition","floor":53.0,"key":"SMITH"}],"neow_cost":"TEN_PERCENT_HP_LOSS","seed_source_timestamp":72658844869400,"circlet_count":0,"master_deck":["AscendersBane","Strike_B+1","Strike_B+1","Strike_B+1","Strike_B+1","Defend_B+1","Defend_B+1","Defend_B+1","Zap","Dualcast","Cold Snap","Capacitor+1","Chaos+1","Self Repair","Multi-Cast+1","Echo Form","Biased Cognition+1","Heatsinks+1","Force Field+1","Coolheaded","Electrodynamics","Cold Snap+1","Echo Form","Self Repair+1","Heatsinks+1","Core Surge","Loop+1","Buffer","Consume+1","Blizzard","Coolheaded+1","Blizzard+1","Capacitor","Echo Form"],"special_seed":0,"relics":["Cracked Core","Chemical X","Mummified Hand","DataDisk","Orrery","Potion Belt","Pear","Cables","Vajra","Runic Dome","WingedGreaves","StoneCalendar","Regal Pillow","Happy Flower","Boot","War Paint","Blue Candle"],"potions_floor_usage":[56,56,56,56],"damage_taken":[{"damage":0.0,"enemies":"2 Louse","floor":1.0,"turns":1.0},{"damage":3.0,"enemies":"Small Slimes","floor":2.0,"turns":4.0},{"damage":10.0,"enemies":"Jaw Worm","floor":3.0,"turns":4.0},{"damage":6.0,"enemies":"3 Louse","floor":7.0,"turns":2.0},{"damage":37.0,"enemies":"3 Sentries","floor":8.0,"turns":5.0},{"damage":8.0,"enemies":"Blue Slaver","floor":10.0,"turns":3.0},{"damage":9.0,"enemies":"Exordium Wildlife","floor":12.0,"turns":4.0},{"damage":31.0,"enemies":"Lagavulin","floor":14.0,"turns":7.0},{"damage":32.0,"enemies":"The Guardian","floor":16.0,"turns":8.0},{"damage":14.0,"enemies":"Spheric Guardian","floor":18.0,"turns":5.0},{"damage":3.0,"enemies":"3 Byrds","floor":22.0,"turns":2.0},{"damage":7.0,"enemies":"Snecko","floor":24.0,"turns":5.0},{"damage":11.0,"enemies":"Gremlin Leader","floor":25.0,"turns":6.0},{"damage":42.0,"enemies":"Book of Stabbing","floor":29.0,"turns":9.0},{"damage":0.0,"enemies":"Cultist and Chosen","floor":30.0,"turns":3.0},{"damage":21.0,"enemies":"Champ","floor":33.0,"turns":7.0},{"damage":0.0,"enemies":"Orb Walker","floor":35.0,"turns":3.0},{"damage":0.0,"enemies":"3 Shapes","floor":36.0,"turns":3.0},{"damage":18.0,"enemies":"Writhing Mass","floor":37.0,"turns":5.0},{"damage":0.0,"enemies":"Transient","floor":38.0,"turns":6.0},{"damage":40.0,"enemies":"Jaw Worm Horde","floor":39.0,"turns":3.0},{"damage":1.0,"enemies":"Giant Head","floor":40.0,"turns":6.0},{"damage":34.0,"enemies":"Nemesis","floor":42.0,"turns":5.0},{"damage":65.0,"enemies":"Reptomancer","floor":44.0,"turns":7.0},{"damage":7.0,"enemies":"Nemesis","floor":46.0,"turns":7.0},{"damage":34.0,"enemies":"Donu and Deca","floor":50.0,"turns":7.0},{"damage":12.0,"enemies":"Time Eater","floor":51.0,"turns":12.0},{"damage":36.0,"enemies":"Shield and Spear","floor":55.0,"turns":7.0},{"damage":50,"enemies":"The Heart","floor":56,"turns":12}],"seed_played":"9087582687101200511","potions_obtained":[{"floor":1.0,"key":"Explosive Potion"},{"floor":3.0,"key":"Dexterity Potion"},{"floor":12.0,"key":"Energy Potion"},{"floor":24.0,"key":"Weak Potion"},{"floor":25.0,"key":"PowerPotion"},{"floor":29.0,"key":"FocusPotion"},{"floor":36.0,"key":"Dexterity Potion"},{"floor":38.0,"key":"Strength Potion"},{"floor":42.0,"key":"SteroidPotion"},{"floor":55.0,"key":"AttackPotion"}],"is_trial":false,"path_per_floor":["M","M","M","?","$","R","M","E","T","M","?","M","R","E","R","B",null,"M","$","?","?","M","R","M","E","T","R","?","E","M","$","R","B",null,"M","M","M","M","M","E","R","E","T","E","R","E","$","T","R","B","B",null,"R","$","E","B",null],"character_chosen":"DEFECT","items_purchased":["Self Repair","Chemical X","Multi-Cast","Electrodynamics","Potion Belt","Heatsinks","Swift Potion","Capacitor","GamblersBrew"],"campfire_rested":3,"item_purchase_floors":[5,5,5,19,19,31,47,54,54],"current_hp_per_floor":[64,61,51,51,51,51,45,15,15,14,35,33,52,28,47,29,55,55,55,55,55,52,52,52,58,58,58,58,23,50,50,50,63,71,74,74,74,74,44,74,74,74,74,33,70,74,71,71,71,71,71,71,71,71,52,29],"gold":124,"neow_bonus":"TWO_FIFTY_GOLD","is_prod":false,"is_daily":false,"chose_seed":false,"campfire_upgraded":6,"win_rate":0,"timestamp":1553063979,"path_taken":["M","M","M","?","$","R","M","E","T","M","?","M","R","E","R","BOSS","M","$","?","?","M","R","M","E","T","R","?","E","?","$","R","BOSS","M","M","M","M","M","E","R","E","T","E","R","E","$","?","R","BOSS","BOSS","R","$","E","BOSS"],"build_version":"2019-01-23","purchased_purges":1,"victory":true,"max_hp_per_floor":[64,64,64,64,64,64,64,64,64,64,64,64,64,64,64,64,64,64,64,64,64,64,64,64,74,74,74,74,74,74,74,74,74,74,74,74,74,74,74,74,74,74,74,74,74,74,71,71,71,71,71,71,71,71,71,71],"card_choices":[{"not_picked":["Hello World","Melter"],"picked":"Cold Snap","floor":1.0},{"not_picked":["Leap","Beam Cell"],"picked":"Capacitor","floor":2.0},{"not_picked":["Leap","Stack","Sweeping Beam"],"picked":"SKIP","floor":3.0},{"not_picked":["Barrage","BootSequence","Streamline"],"picked":"SKIP","floor":7.0},{"not_picked":["Doom and Gloom","Reprogram","Static Discharge"],"picked":"SKIP","floor":8.0},{"not_picked":["Consume","Doom and Gloom"],"picked":"Echo Form","floor":10.0},{"not_picked":["Streamline","Lockon","Skim"],"picked":"SKIP","floor":12.0},{"not_picked":["Go for the Eyes","Gash","Ball Lightning"],"picked":"SKIP","floor":14.0},{"not_picked":["All For One","Amplify"],"picked":"Biased Cognition","floor":16.0},{"not_picked":["Barrage","Streamline"],"picked":"Heatsinks","floor":17.0},{"not_picked":["Compile Driver","Scrape"],"picked":"Force Field","floor":17.0},{"not_picked":["Rebound","Static Discharge"],"picked":"Coolheaded","floor":17.0},{"not_picked":["Conserve Battery","Ball Lightning","Barrage"],"picked":"SKIP","floor":18.0},{"not_picked":["Coolheaded","Streamline"],"picked":"Cold Snap+1","floor":22.0},{"not_picked":["Reprogram","Coolheaded","Rip and Tear"],"picked":"SKIP","floor":24.0},{"not_picked":["Steam Power","Streamline"],"picked":"Echo Form","floor":25.0},{"not_picked":["Steam","Rebound"],"picked":"Self Repair+1","floor":29.0},{"not_picked":["Coolheaded","Stack","Sweeping Beam"],"picked":"SKIP","floor":30.0},{"not_picked":["Reboot","Machine Learning"],"picked":"Core Surge","floor":33.0},{"not_picked":["Gash","Aggregate","Conserve Battery"],"picked":"SKIP","floor":35.0},{"not_picked":["Turbo","Steam","Streamline"],"picked":"SKIP","floor":36.0},{"not_picked":["Hologram","Rebound+1"],"picked":"Loop","floor":37.0},{"not_picked":["Stack+1","BootSequence+1"],"picked":"Buffer","floor":38.0},{"not_picked":["Coolheaded","Go for the Eyes"],"picked":"Consume+1","floor":39.0},{"not_picked":["White Noise","Storm"],"picked":"Blizzard","floor":40.0},{"not_picked":["Steam+1","Ball Lightning"],"picked":"Coolheaded+1","floor":42.0},{"not_picked":["Thunder Strike","Conserve Battery","Coolheaded"],"picked":"SKIP","floor":44.0},{"not_picked":["Coolheaded+1","Leap"],"picked":"Blizzard+1","floor":46.0},{"not_picked":["Melter","Doom and Gloom"],"picked":"Echo Form","floor":55.0}],"player_experience":2407808,"relics_obtained":[{"floor":8.0,"key":"Mummified Hand"},{"floor":14.0,"key":"DataDisk"},{"floor":25.0,"key":"Pear"},{"floor":26.0,"key":"Cables"},{"floor":29.0,"key":"Vajra"},{"floor":40.0,"key":"WingedGreaves"},{"floor":42.0,"key":"StoneCalendar"},{"floor":43.0,"key":"Regal Pillow"},{"floor":44.0,"key":"Happy Flower"},{"floor":46.0,"key":"Boot"},{"floor":48.0,"key":"War Paint"},{"floor":55.0,"key":"Blue Candle"}],"event_choices":[{"damage_healed":0.0,"max_hp_gain":0.0,"max_hp_loss":0.0,"gold_gain":0.0,"cards_transformed":["Defend_B"],"event_name":"Living Wall","player_choice":"Change","floor":4.0,"gold_loss":0.0,"damage_taken":0.0,"cards_obtained":["Chaos"]},{"damage_healed":21.0,"max_hp_gain":0.0,"max_hp_loss":0.0,"gold_gain":0.0,"event_name":"Big Fish","player_choice":"Banana","floor":11.0,"gold_loss":0.0,"damage_taken":0.0},{"damage_healed":0.0,"max_hp_gain":0.0,"max_hp_loss":0.0,"gold_gain":0.0,"event_name":"Back to Basics","player_choice":"Simplicity","floor":20.0,"gold_loss":0.0,"damage_taken":0.0,"cards_upgraded":["Strike_B","Strike_B","Strike_B","Strike_B","Defend_B","Defend_B","Defend_B"]},{"damage_healed":0.0,"max_hp_gain":0.0,"max_hp_loss":0.0,"gold_gain":0.0,"event_name":"Vampires","player_choice":"Ignored","floor":21.0,"gold_loss":0.0,"damage_taken":0.0},{"damage_healed":0.0,"max_hp_gain":0.0,"max_hp_loss":0.0,"gold_gain":0.0,"event_name":"Ghosts","player_choice":"Ignored","floor":28.0,"gold_loss":0.0,"damage_taken":0.0}],"is_beta":false,"boss_relics":[{"not_picked":["FrozenCore","Lizard Tail"],"picked":"Orrery"},{"not_picked":["Cursed Key","Astrolabe"],"picked":"Runic Dome"}],"items_purged_floors":[47],"is_endless":false,"potions_floor_spawned":[1,3,12,14,24,25,29,36,38,42,44,55],"ascension_level":20}