{"path_per_floor":["M","M","?","M","?","E","R","?","T","E","M","R","M","M","R","B",null,"M","?","?","?","M","R","$","R","T","E","$","R","M","M","R","B",null,"M","M","?","M","?","E","R","?","T","$","M","R","E","M","R","B"],"character_chosen":"DEFECT","items_purchased":["Toxic Egg 2","Coolheaded","Ancient Tea Set","Leap","Dark Shackles"],"gold_per_floor":[110,130,130,140,140,174,174,274,352,384,402,402,418,429,429,526,526,539,539,574,574,585,585,510,510,537,570,162,162,176,196,196,301,301,319,329,329,346,397,423,423,423,447,35,53,53,88,108,108,108],"floor_reached":51,"campfire_rested":1,"playtime":3954,"current_hp_per_floor":[57,57,57,53,53,37,37,37,37,39,29,29,38,37,37,37,75,75,68,42,42,39,39,39,39,39,23,23,23,35,25,47,23,75,75,75,75,75,56,36,36,36,36,36,47,47,46,58,58,31],"items_purged":["Strike_B","Strike_B","Injury"],"gold":108,"score":754,"play_id":"5ba54083-b2d5-4500-bd54-ba44f3acaf21","local_time":"20180503204257","is_prod":false,"is_daily":false,"chose_seed":false,"is_ascension_mode":true,"campfire_upgraded":9,"timestamp":1525351377,"path_taken":["M","M","?","?","?","E","R","?","T","E","?","R","M","M","R","BOSS","M","?","?","?","M","R","$","R","T","E","$","R","?","M","R","BOSS","M","M","?","M","?","E","R","?","T","$","M","R","E","?","R","BOSS"],"build_version":"2018-05-02","seed_source_timestamp":555145649982953,"purchased_purges":3,"victory":true,"master_deck":["Defend_B","Defend_B","Defend_B","Zap+1","Streamline+1","Coolheaded+1","Self Repair+1","Beam Cell+1","Rip and Tear","Redo+1","Seek+1","Fission+1","Hello World+1","Streamline+1","White Noise+1","Doom and Gloom","Melter+1","Ball Lightning+1","Coolheaded+1","Barrage+1","Barrage+1","Machine Learning+1","Hologram+1","Double Energy+1","Sweeping Beam","Leap+1","Dark Shackles+1","Tempest+1"],"max_hp_per_floor":[75,75,75,75,75,75,75,75,75,75,75,75,75,75,75,75,75,75,75,75,75,75,75,75,75,75,75,75,75,75,75,75,75,75,75,75,75,75,75,75,75,75,75,75,75,75,75,75,75,75],"relics":["Nuclear Battery","Blood Vial","Kunai","Shuriken","Astrolabe","Red Mask","Orichalcum","Calipers","Toxic Egg 2","Inserter","Peace Pipe","Pantograph","Art of War","Ancient Tea Set","Oddly Smooth Stone"],"card_choices":[{"not_picked":["Tempest","Skim"],"picked":"Streamline","floor":1},{"not_picked":["Beam Cell","Tempest"],"picked":"Coolheaded","floor":4},{"not_picked":["Auto Shields","Coolheaded"],"picked":"Self Repair","floor":6},{"not_picked":["Coolheaded","Turbo"],"picked":"Beam Cell","floor":10},{"not_picked":["Leap","Hologram"],"picked":"Rip and Tear","floor":11},{"not_picked":["Barrage","Consume"],"picked":"Redo","floor":14},{"not_picked":["Meteor Strike","Amplify"],"picked":"Seek","floor":16},{"not_picked":["Beam Cell","Skim"],"picked":"White Noise","floor":18},{"not_picked":["Tempest","Stack"],"picked":"Melter","floor":22},{"not_picked":["Beam Cell","Storm"],"picked":"Ball Lightning","floor":27},{"not_picked":["Steam Power","Sweeping Beam"],"picked":"Barrage","floor":30},{"not_picked":["Self Repair","Amplify"],"picked":"Barrage","floor":31},{"not_picked":["Amplify","Seek"],"picked":"Machine Learning","floor":33},{"not_picked":["Coolheaded","Steam Power"],"picked":"Hologram","floor":36},{"not_picked":["Turbo","Beam Cell"],"picked":"Double Energy","floor":39},{"not_picked":["Capacitor","Aggregate"],"picked":"Sweeping Beam","floor":40},{"not_picked":["Barrage","Undo"],"picked":"Tempest","floor":48}],"player_experience":332438,"potions_floor_usage":[6,6,10,14,18,31,33,39,40,50,50,50],"damage_taken":[{"damage":18,"enemies":"Jaw Worm","floor":1,"turns":4},{"damage":0,"enemies":"Cultist","floor":2,"turns":3},{"damage":4,"enemies":"Small Slimes","floor":4,"turns":4},{"damage":16,"enemies":"Gremlin Nob","floor":6,"turns":4},{"damage":7,"enemies":"3 Sentries","floor":10,"turns":7},{"damage":19,"enemies":"Gremlin Gang","floor":11,"turns":5},{"damage":0,"enemies":"Large Slime","floor":13,"turns":4},{"damage":10,"enemies":"Lots of Slimes","floor":14,"turns":4},{"damage":9,"enemies":"Slime Boss","floor":16,"turns":10},{"damage":6,"enemies":"Spheric Guardian","floor":18,"turns":4},{"damage":42,"enemies":"Masked Bandits","floor":20,"turns":5},{"damage":12,"enemies":"Chosen","floor":22,"turns":3},{"damage":28,"enemies":"Book of Stabbing","floor":27,"turns":5},{"damage":0,"enemies":"Sentry and Sphere","floor":30,"turns":3},{"damage":22,"enemies":"Cultist and Chosen","floor":31,"turns":4},{"damage":36,"enemies":"Collector","floor":33,"turns":6},{"damage":15,"enemies":"Flame Bruiser 1 Orb","floor":35,"turns":5},{"damage":0,"enemies":"Orb Walker","floor":36,"turns":2},{"damage":3,"enemies":"Maw","floor":38,"turns":6},{"damage":29,"enemies":"Mysterious Sphere","floor":39,"turns":4},{"damage":32,"enemies":"2 Orb Walkers","floor":40,"turns":4},{"damage":8,"enemies":"Flame Bruiser 2 Orb","floor":45,"turns":5},{"damage":13,"enemies":"Nemesis","floor":47,"turns":7},{"damage":0,"enemies":"4 Shapes","floor":48,"turns":7},{"damage":54,"enemies":"Donu and Deca","floor":50,"turns":8}],"event_choices":[{"event_name":"The Woman in Blue","player_choice":"Bought 0 Potions","floor":3,"damage_taken":0},{"event_name":"The Lab","player_choice":"Got Potions","floor":5,"damage_taken":0},{"event_name":"Golden Shrine","player_choice":"Pray","floor":8,"damage_taken":0},{"event_name":"Wheel of Change","player_choice":"Damage","floor":19,"damage_taken":0},{"event_name":"Masked Bandits","player_choice":"Fought over 539 gold","floor":20,"damage_taken":0},{"event_name":"The Library","player_choice":"Read","floor":21,"damage_taken":0},{"event_name":"Bonfire Elementals","player_choice":"BASIC","floor":37,"damage_taken":0},{"event_name":"Mysterious Sphere","player_choice":"Fight","floor":39,"damage_taken":0},{"event_name":"Accursed Blacksmith","player_choice":"Forge","floor":42,"damage_taken":0}],"boss_relics":[{"not_picked":["Snecko Eye","Lizard Tail"],"picked":"Astrolabe"},{"not_picked":["Velvet Choker","Calling Bell"],"picked":"Inserter"}],"potions_floor_spawned":[1,11,16,20,31,33,36,39,47,48],"seed_played":"-6305828705554181847","ascension_level":2,"is_trial":false}