{"gold_per_floor":[118,138,138,154,154,154,183,183,183,203,234,73,73],"floor_reached":13,"playtime":393,"items_purged":[],"score":186,"play_id":"77e58f69-b272-48b8-a4f7-8e055127c902","local_time":"20190327195142","is_ascension_mode":true,"campfire_choices":[{"floor":6,"key":"REST"},{"floor":8,"key":"REST"}],"neow_cost":"TEN_PERCENT_HP_LOSS","seed_source_timestamp":62586553568100,"circlet_count":0,"master_deck":["AscendersBane","Strike_B+1","Strike_B","Strike_B","Defend_B","Defend_B","Defend_B+1","Defend_B","Zap","Dualcast","Creative AI","Darkness","Cold Snap","Glacier+1","Hologram+1","Barrage","Cold Snap"],"relics":["Cracked Core","Question Card","War Paint","Mango","Bag of Preparation"],"potions_floor_usage":[13,13],"damage_taken":[{"damage":11,"enemies":"2 Louse","floor":1,"turns":2},{"damage":11,"enemies":"Cultist","floor":2,"turns":4},{"damage":5,"enemies":"Jaw Worm","floor":4,"turns":4},{"damage":21,"enemies":"Lagavulin","floor":7,"turns":8},{"damage":1,"enemies":"Blue Slaver","floor":10,"turns":5},{"damage":26,"enemies":"3 Sentries","floor":11,"turns":10},{"damage":27,"enemies":"Gremlin Nob","floor":13,"turns":4}],"seed_played":"6702788070580580513","potions_obtained":[{"floor":10,"key":"Weak Potion"},{"floor":11,"key":"SkillPotion"}],"is_trial":false,"path_per_floor":["M","M","?","M","?","R","E","R","T","M","E","$","E"],"character_chosen":"DEFECT","items_purchased":["Bag of Preparation"],"campfire_rested":2,"item_purchase_floors":[12],"current_hp_per_floor":[53,42,23,18,18,37,16,35,35,34,22,22,0],"gold":73,"neow_bonus":"THREE_RARE_CARDS","is_prod":false,"is_daily":false,"chose_seed":false,"campfire_upgraded":0,"win_rate":0,"timestamp":1553683902,"path_taken":["M","M","?","M","?","R","E","R","T","M","E","$","E"],"build_version":"2019-01-23","purchased_purges":0,"victory":false,"max_hp_per_floor":[64,64,64,64,64,64,64,64,64,64,78,78,78],"card_choices":[{"not_picked":["Meteor Strike","All For One"],"picked":"Creative AI","floor":0},{"not_picked":["Leap","Streamline"],"picked":"Darkness","floor":1},{"not_picked":["Steam","Streamline"],"picked":"Cold Snap","floor":2},{"not_picked":["BootSequence","Gash"],"picked":"Glacier","floor":4},{"not_picked":["Conserve Battery","Go for the Eyes","Amplify"],"picked":"SKIP","floor":7},{"not_picked":["Conserve Battery","Go for the Eyes","Amplify"],"picked":"SKIP","floor":7},{"not_picked":["Sweeping Beam","Coolheaded","Doom and Gloom"],"picked":"Barrage","floor":10},{"not_picked":["Steam","Chaos","Blizzard"],"picked":"Cold Snap","floor":11}],"player_experience":2643458,"relics_obtained":[{"floor":7,"key":"Question Card"},{"floor":9,"key":"War Paint"},{"floor":11,"key":"Mango"}],"event_choices":[{"damage_healed":0,"gold_gain":0,"player_choice":"Entered Light","damage_taken":19,"max_hp_gain":0,"max_hp_loss":0,"event_name":"Shining Light","floor":3,"gold_loss":0,"cards_upgraded":["Defend_B","Strike_B"]},{"damage_healed":0,"gold_gain":0,"cards_transformed":["Strike_B"],"player_choice":"Transformed","damage_taken":0,"max_hp_gain":0,"max_hp_loss":0,"event_name":"Transmorgrifier","floor":5,"gold_loss":0,"cards_obtained":["Hologram"]}],"is_beta":false,"boss_relics":[],"items_purged_floors":[],"is_endless":false,"potions_floor_spawned":[10,11],"killed_by":"Gremlin Nob","ascension_level":20}