{"gold_per_floor":[110,260,260,277,277,310,310,310,310,351,365,365,388,404,404,500,500,521,521,521,521,646,685,704,704,757,757,780,813,813,831,831,927,927,952,966,364,387,407,407,443,443,466,466,509,529,529,277,277,277,277,277,277,14,47,47],"floor_reached":56,"playtime":1652,"items_purged":["Strike_R+1"],"score":2052,"play_id":"e741c736-8358-48b9-8026-071589cb8303","local_time":"20190327140242","is_ascension_mode":true,"campfire_choices":[{"data":"Whirlwind","floor":8.0,"key":"SMITH"},{"data":"Armaments","floor":15.0,"key":"SMITH"},{"data":"True Grit","floor":25.0,"key":"SMITH"},{"data":"Bash","floor":27.0,"key":"SMITH"},{"data":"Offering","floor":32.0,"key":"SMITH"},{"data":"Discovery","floor":40.0,"key":"SMITH"},{"floor":47.0,"key":"RECALL"},{"data":"Entrench","floor":49.0,"key":"SMITH"},{"floor":53.0,"key":"REST"}],"neow_cost":"NONE","seed_source_timestamp":40333211185600,"circlet_count":0,"master_deck":["AscendersBane","Strike_R+1","Strike_R+1","Strike_R+1","Defend_R+1","Defend_R+1","Defend_R+1","Defend_R+1","Bash+1","Armaments+1","Whirlwind+1","Offering+1","Rampage","Reaper","True Grit+1","Necronomicurse","Battle Trance","Ghostly Armor","Seeing Red","True Grit","Feed","Discovery+1","Entrench+1","Evolve+1","Discovery+1"],"special_seed":0,"relics":["Burning Blood","NeowsBlessing","Golden Idol","Bag of Preparation","Pen Nib","Anchor","Matryoshka","Runic Dome","Necronomicon","Incense Burner","Bottled Flame","FossilizedHelix","Blue Candle","Orichalcum","Mummified Hand","Mercury Hourglass","Black Star","Bronze Scales","Singing Bowl","Red Skull","Molten Egg 2","Potion Belt","Question Card","Dodecahedron","Frozen Egg 2","Oddly Smooth Stone","DollysMirror","Strawberry","Lantern"],"potions_floor_usage":[56,56],"damage_taken":[{"damage":0.0,"enemies":"Cultist","floor":1.0,"turns":1.0},{"damage":0.0,"enemies":"Jaw Worm","floor":4.0,"turns":1.0},{"damage":0.0,"enemies":"3 Sentries","floor":6.0,"turns":1.0},{"damage":19.0,"enemies":"Lagavulin","floor":10.0,"turns":7.0},{"damage":9.0,"enemies":"Small Slimes","floor":11.0,"turns":3.0},{"damage":2.0,"enemies":"Looter","floor":13.0,"turns":3.0},{"damage":6.0,"enemies":"Large Slime","floor":14.0,"turns":2.0},{"damage":41.0,"enemies":"The Guardian","floor":16.0,"turns":12.0},{"damage":0.0,"enemies":"2 Thieves","floor":18.0,"turns":1.0},{"damage":6.0,"enemies":"Colosseum Slavers","floor":22.0,"turns":3.0},{"damage":3.0,"enemies":"Colosseum Nobs","floor":22.0,"turns":2.0},{"damage":8.0,"enemies":"Gremlin Leader","floor":23.0,"turns":3.0},{"damage":0.0,"enemies":"Spheric Guardian","floor":24.0,"turns":1.0},{"damage":6.0,"enemies":"Book of Stabbing","floor":29.0,"turns":3.0},{"damage":0.0,"enemies":"Centurion and Healer","floor":31.0,"turns":1.0},{"damage":50.0,"enemies":"Champ","floor":33.0,"turns":11.0},{"damage":0.0,"enemies":"3 Darklings","floor":35.0,"turns":2.0},{"damage":0.0,"enemies":"Orb Walker","floor":36.0,"turns":1.0},{"damage":0.0,"enemies":"3 Darklings","floor":38.0,"turns":1.0},{"damage":0.0,"enemies":"Jaw Worm Horde","floor":39.0,"turns":1.0},{"damage":27.0,"enemies":"Nemesis","floor":41.0,"turns":5.0},{"damage":26.0,"enemies":"Reptomancer","floor":45.0,"turns":5.0},{"damage":40.0,"enemies":"Maw","floor":46.0,"turns":7.0},{"damage":65.0,"enemies":"Time Eater","floor":50.0,"turns":8.0},{"damage":28.0,"enemies":"Donu and Deca","floor":51.0,"turns":4.0},{"damage":49,"enemies":"Shield and Spear","floor":55,"turns":4},{"damage":132,"enemies":"The Heart","floor":56,"turns":6}],"seed_played":"2101026443026217194","potions_obtained":[{"floor":4.0,"key":"PowerPotion"},{"floor":6.0,"key":"LiquidBronze"},{"floor":14.0,"key":"Poison Potion"},{"floor":16.0,"key":"SteroidPotion"},{"floor":18.0,"key":"SkillPotion"},{"floor":31.0,"key":"EntropicBrew"},{"floor":35.0,"key":"Strength Potion"},{"floor":46.0,"key":"AttackPotion"},{"floor":55,"key":"Ancient Potion"}],"is_trial":false,"path_per_floor":["M","?","?","M","?","E","T","R","T","E","M","?","M","M","R","B",null,"M","?","?","?","?","E","M","R","T","R","T","E","?","M","R","B",null,"M","M","$","M","M","R","E","?","T","T","E","M","R","$","R","B","B",null,"R","$","E","B"],"character_chosen":"IRONCLAD","items_purchased":["Bronze Scales","Discovery","Singing Bowl","Oddly Smooth Stone","Evolve+1","DollysMirror","PowerPotion"],"campfire_rested":1,"item_purchase_floors":[37,37,37,48,48,54,54],"current_hp_per_floor":[74,74,79,80,52,58,58,58,58,45,42,42,46,46,46,11,63,69,69,69,48,80,80,80,80,80,80,80,80,80,80,80,46,72,78,80,80,82,84,84,65,65,65,65,58,40,40,40,40,13,19,71,88,88,61,0],"gold":47,"neow_bonus":"THREE_ENEMY_KILL","is_prod":false,"is_daily":false,"chose_seed":false,"campfire_upgraded":7,"win_rate":0,"timestamp":1553662962,"path_taken":["M","?","?","M","?","E","?","R","T","E","M","?","?","M","R","BOSS","M","?","?","?","?","E","M","R","T","R","?","E","?","M","R","BOSS","M","M","$","M","M","R","E","?","T","?","E","M","R","$","R","BOSS","BOSS","R","$","E","BOSS"],"build_version":"2019-01-23","purchased_purges":1,"victory":false,"max_hp_per_floor":[75,75,80,80,80,80,80,80,80,80,80,80,80,80,80,80,80,80,80,80,80,80,80,80,80,80,80,80,80,80,80,80,80,80,80,80,80,82,84,84,86,86,86,86,86,88,88,88,88,88,88,88,88,88,97,97],"card_choices":[{"not_picked":["Clothesline","Pommel Strike"],"picked":"Armaments","floor":1.0},{"not_picked":["Warcry","Clothesline"],"picked":"Whirlwind","floor":4.0},{"not_picked":["Cleave","Combust"],"picked":"Offering","floor":6.0},{"not_picked":["Rupture","Headbutt","Sentinel"],"picked":"SKIP","floor":10.0},{"not_picked":["Battle Trance","Heavy Blade"],"picked":"Rampage","floor":11.0},{"not_picked":["Sword Boomerang","Headbutt","Thunderclap"],"picked":"SKIP","floor":13.0},{"not_picked":["Iron Wave","Body Slam","Clothesline"],"picked":"SKIP","floor":14.0},{"not_picked":["Juggernaut","Dark Embrace"],"picked":"Reaper","floor":16.0},{"not_picked":["Wild Strike","Clothesline","Flex"],"picked":"SKIP","floor":18.0},{"not_picked":["Bloodletting","Sword Boomerang"],"picked":"Battle Trance","floor":23.0},{"not_picked":["Clothesline","Blood for Blood"],"picked":"Ghostly Armor","floor":24.0},{"not_picked":["Reckless Charge","Dropkick"],"picked":"Seeing Red","floor":29.0},{"not_picked":["Dropkick","Wild Strike"],"picked":"True Grit","floor":31.0},{"not_picked":["Fiend Fire","Reaper"],"picked":"Feed","floor":33.0},{"not_picked":["Warcry","Sever Soul+1","Rampage"],"picked":"SKIP","floor":35.0},{"not_picked":["Warcry","Infernal Blade","Clash"],"picked":"SKIP","floor":36.0},{"not_picked":["Twin Strike+1","Metallicize","Carnage"],"picked":"Singing Bowl","floor":38.0},{"not_picked":["Clothesline","Twin Strike","Iron Wave"],"picked":"Singing Bowl","floor":39.0},{"not_picked":["Rupture","Warcry","Immolate"],"picked":"Singing Bowl","floor":41.0},{"not_picked":["Sword Boomerang+1","Body Slam+1","True Grit"],"picked":"Entrench","floor":45.0},{"not_picked":["Sword Boomerang+1","Armaments","Burning Pact","Rupture+1"],"picked":"Singing Bowl","floor":46.0},{"not_picked":["Pommel Strike+1","Headbutt+1","Fiend Fire+1","Body Slam+1"],"picked":"Singing Bowl","floor":55}],"player_experience":2628596,"relics_obtained":[{"floor":6.0,"key":"Bag of Preparation"},{"floor":7.0,"key":"Pen Nib"},{"floor":9.0,"key":"Anchor"},{"floor":10.0,"key":"Matryoshka"},{"floor":21.0,"key":"Necronomicon"},{"floor":22.0,"key":"Incense Burner"},{"floor":22.0,"key":"Bottled Flame"},{"floor":23.0,"key":"FossilizedHelix"},{"floor":26.0,"key":"Blue Candle"},{"floor":26.0,"key":"Orichalcum"},{"floor":28.0,"key":"Mummified Hand"},{"floor":29.0,"key":"Mercury Hourglass"},{"floor":41.0,"key":"Red Skull"},{"floor":41.0,"key":"Molten Egg 2"},{"floor":43.0,"key":"Potion Belt"},{"floor":44.0,"key":"Question Card"},{"floor":45.0,"key":"Dodecahedron"},{"floor":45.0,"key":"Frozen Egg 2"},{"floor":55,"key":"Strawberry"},{"floor":55,"key":"Lantern"}],"event_choices":[{"damage_healed":0.0,"max_hp_gain":0.0,"max_hp_loss":0.0,"gold_gain":150.0,"event_name":"Liars Game","player_choice":"AGREE","floor":2.0,"gold_loss":0.0,"damage_taken":0.0,"cards_obtained":["Doubt"]},{"damage_healed":0.0,"max_hp_gain":5.0,"max_hp_loss":0.0,"gold_gain":0.0,"event_name":"Big Fish","player_choice":"Donut","floor":3.0,"gold_loss":0.0,"damage_taken":0.0},{"damage_healed":0.0,"max_hp_gain":0.0,"max_hp_loss":0.0,"gold_gain":0.0,"event_name":"Golden Idol","player_choice":"Take Damage","floor":5.0,"gold_loss":0.0,"damage_taken":28.0,"relics_obtained":["Golden Idol"]},{"cards_removed":["Doubt"],"damage_healed":0.0,"max_hp_gain":0.0,"max_hp_loss":0.0,"gold_gain":0.0,"event_name":"Purifier","player_choice":"Purged","floor":12.0,"gold_loss":0.0,"damage_taken":0.0},{"damage_healed":0.0,"max_hp_gain":0.0,"max_hp_loss":0.0,"gold_gain":0.0,"event_name":"Back to Basics","player_choice":"Simplicity","floor":19.0,"gold_loss":0.0,"damage_taken":0.0,"cards_upgraded":["Strike_R","Strike_R","Strike_R","Strike_R","Strike_R","Defend_R","Defend_R","Defend_R","Defend_R"]},{"damage_healed":0.0,"max_hp_gain":0.0,"max_hp_loss":0.0,"gold_gain":0.0,"event_name":"The Library","player_choice":"Read","floor":20.0,"gold_loss":0.0,"damage_taken":0.0,"cards_obtained":["True Grit"]},{"damage_healed":0.0,"max_hp_gain":0.0,"max_hp_loss":0.0,"gold_gain":0.0,"event_name":"Cursed Tome","player_choice":"Obtained Book","floor":21.0,"gold_loss":0.0,"damage_taken":21.0},{"damage_healed":0.0,"max_hp_gain":0.0,"max_hp_loss":0.0,"gold_gain":0.0,"event_name":"Colosseum","player_choice":"Fight","floor":22.0,"gold_loss":0.0,"damage_taken":0.0},{"damage_healed":0.0,"max_hp_gain":0.0,"max_hp_loss":0.0,"gold_gain":0.0,"event_name":"Colosseum","player_choice":"Fought Nobs","floor":22.0,"gold_loss":0.0,"damage_taken":0.0},{"damage_healed":0.0,"max_hp_gain":0.0,"max_hp_loss":0.0,"gold_gain":0.0,"event_name":"The Mausoleum","player_choice":"Ignored","floor":30.0,"gold_loss":0.0,"damage_taken":0.0},{"cards_removed":["Strike_R"],"damage_healed":0.0,"max_hp_gain":0.0,"max_hp_loss":0.0,"gold_gain":0.0,"event_name":"Falling","player_choice":"Removed Attack","floor":42.0,"gold_loss":0.0,"damage_taken":0.0}],"is_beta":false,"boss_relics":[{"not_picked":["Black Blood","Empty Cage"],"picked":"Runic Dome"},{"not_picked":["Snecko Eye","Sozu"],"picked":"Black Star"}],"items_purged_floors":[37],"is_endless":false,"potions_floor_spawned":[4,6,14,16,18,22,31,35,39,46,55],"killed_by":"The Heart","ascension_level":20}