{"gold_per_floor":[13,13,13,28,28,28,62,62,142,142,161,190,190,220,220,295,295,313,327,327,327,327,327,19,19,70,7,22,22],"floor_reached":29,"playtime":1032,"items_purged":["Decay"],"score":474,"play_id":"ea1ec1c5-89b8-4988-907b-0cd685666963","local_time":"20190303133352","is_ascension_mode":true,"campfire_choices":[{"data":"Bash","floor":6,"key":"SMITH"},{"data":"Disarm","floor":8,"key":"SMITH"},{"data":"Rampage","floor":13,"key":"SMITH"},{"data":"Flame Barrier","floor":15,"key":"SMITH"},{"floor":23,"key":"REST"},{"data":"Whirlwind","floor":25,"key":"SMITH"}],"neow_cost":"NO_GOLD","seed_source_timestamp":134269137537900,"circlet_count":0,"master_deck":["AscendersBane","Strike_R","Strike_R","Strike_R","Strike_R","Strike_R","Defend_R","Defend_R","Defend_R","Defend_R","Bash+1","Disarm+1","Flame Barrier+1","Dropkick","Armaments+1","Rampage+1","Feed","Fiend Fire","Flex+1","Battle Trance+1","Whirlwind+1","Clumsy","Panacea+1","Shrug It Off+1"],"relics":["Burning Blood","WingedGreaves","Toxic Egg 2","Mummified Hand","Odd Mushroom","Art of War","Cursed Key","Membership Card","Bronze Scales"],"potions_floor_usage":[7,10,14,16,18,28,29],"damage_taken":[{"damage":12,"enemies":"Small Slimes","floor":1,"turns":3},{"damage":4,"enemies":"Cultist","floor":4,"turns":4},{"damage":40,"enemies":"Gremlin Nob","floor":7,"turns":5},{"damage":0,"enemies":"3 Sentries","floor":10,"turns":2},{"damage":2,"enemies":"2 Louse","floor":11,"turns":4},{"damage":18,"enemies":"The Mushroom Lair","floor":12,"turns":6},{"damage":4,"enemies":"Lagavulin","floor":14,"turns":7},{"damage":10,"enemies":"The Guardian","floor":16,"turns":11},{"damage":19,"enemies":"2 Thieves","floor":18,"turns":5},{"damage":26,"enemies":"Shell Parasite","floor":19,"turns":7},{"damage":33,"enemies":"Colosseum Slavers","floor":20,"turns":6},{"damage":28,"enemies":"Snake Plant","floor":28,"turns":4},{"damage":0,"enemies":"Gremlin Leader","floor":29,"turns":1}],"seed_played":"185511388744479363","potions_obtained":[{"floor":2,"key":"SmokeBomb"},{"floor":2,"key":"Ancient Potion"},{"floor":7,"key":"SpeedPotion"},{"floor":12,"key":"AttackPotion"},{"floor":14,"key":"Regen Potion"},{"floor":16,"key":"AttackPotion"},{"floor":28,"key":"Weak Potion"}],"is_trial":false,"path_per_floor":["M","?","$","M","?","R","E","R","T","E","M","?","R","E","R","B",null,"M","M","?","?","?","R","$","R","T","$","M","E"],"character_chosen":"IRONCLAD","items_purchased":["Membership Card","Whirlwind","Panacea+1","Shrug It Off+1"],"campfire_rested":1,"item_purchase_floors":[24,24,27,27],"current_hp_per_floor":[62,62,62,64,64,64,30,30,30,36,40,28,28,30,30,41,67,57,37,10,10,10,33,33,33,33,33,11,11],"gold":22,"neow_bonus":"ONE_RARE_RELIC","is_prod":false,"is_daily":false,"chose_seed":false,"campfire_upgraded":5,"win_rate":0,"timestamp":1551587632,"path_taken":["M","?","$","?","?","R","E","R","T","E","M","?","R","E","R","BOSS","M","M","?","?","?","R","$","R","T","$","M","E"],"build_version":"2019-01-23","purchased_purges":1,"victory":false,"max_hp_per_floor":[75,75,75,75,75,75,75,75,75,75,75,75,75,75,75,75,75,78,78,78,78,78,78,78,78,78,78,78,78],"card_choices":[{"not_picked":["True Grit","Shrug It Off"],"picked":"Disarm","floor":1},{"not_picked":["Body Slam","Perfected Strike"],"picked":"Flame Barrier","floor":4},{"not_picked":["Perfected Strike","Warcry"],"picked":"Dropkick","floor":7},{"not_picked":["Body Slam","Heavy Blade"],"picked":"Armaments+1","floor":11},{"not_picked":["Pummel","Body Slam"],"picked":"Rampage","floor":12},{"not_picked":["Sever Soul","Cleave"],"picked":"Feed","floor":14},{"not_picked":["Dark Embrace","Brutality"],"picked":"Fiend Fire","floor":16},{"not_picked":["Armaments+1","Infernal Blade+1","Perfected Strike"],"picked":"SKIP","floor":18},{"not_picked":["Armaments+1","Infernal Blade+1","Perfected Strike"],"picked":"SKIP","floor":18},{"not_picked":["Havoc+1","Thunderclap"],"picked":"Flex+1","floor":19},{"not_picked":["Havoc+1","Perfected Strike","Hemokinesis"],"picked":"SKIP","floor":28}],"player_experience":1962363,"relics_obtained":[{"floor":7,"key":"Toxic Egg 2"},{"floor":9,"key":"Mummified Hand"},{"floor":12,"key":"Odd Mushroom"},{"floor":14,"key":"Art of War"},{"floor":26,"key":"Bronze Scales"}],"event_choices":[{"damage_healed":0,"gold_gain":0,"player_choice":"Got Potions","damage_taken":0,"max_hp_gain":0,"max_hp_loss":0,"event_name":"Lab","floor":2,"gold_loss":0},{"damage_healed":0,"gold_gain":0,"player_choice":"Ignored","damage_taken":0,"max_hp_gain":0,"max_hp_loss":0,"event_name":"Liars Game","floor":5,"gold_loss":0},{"damage_healed":0,"gold_gain":0,"player_choice":"Fought Mushrooms","damage_taken":0,"max_hp_gain":0,"max_hp_loss":0,"event_name":"Mushrooms","floor":12,"gold_loss":0},{"damage_healed":0,"gold_gain":0,"player_choice":"Fight","damage_taken":0,"max_hp_gain":0,"max_hp_loss":0,"event_name":"Colosseum","floor":20,"gold_loss":0},{"damage_healed":0,"gold_gain":0,"player_choice":"Fled From Nobs","damage_taken":0,"max_hp_gain":0,"max_hp_loss":0,"event_name":"Colosseum","floor":20,"gold_loss":0},{"damage_healed":0,"gold_gain":0,"player_choice":"Read","damage_taken":0,"max_hp_gain":0,"max_hp_loss":0,"event_name":"The Library","floor":21,"gold_loss":0,"cards_obtained":["Battle Trance"]},{"damage_healed":0,"gold_gain":0,"player_choice":"Smashed Altar","damage_taken":0,"max_hp_gain":0,"max_hp_loss":0,"event_name":"Forgotten Altar","floor":22,"gold_loss":0,"cards_obtained":["Decay"]}],"is_beta":false,"boss_relics":[{"not_picked":["Eternal Feather","Tiny House"],"picked":"Cursed Key"}],"items_purged_floors":[24],"is_endless":false,"potions_floor_spawned":[7,12,14,16,28],"killed_by":"Gremlin Leader","ascension_level":20}