{"path_per_floor":["M","M","?","M","M","E","R","E","T","R"],"character_chosen":"DEFECT","items_purchased":[],"gold_per_floor":[17,32,32,51,64,94,94,129,155,155,155],"floor_reached":11,"campfire_rested":2,"playtime":523,"item_purchase_floors":[],"current_hp_per_floor":[74,67,60,60,38,10,32,9,9,31,0],"items_purged":[],"gold":155,"score":100,"play_id":"5e99536f-a271-43ae-96d2-93741c5a4a08","local_time":"20180608213437","is_prod":false,"is_daily":false,"chose_seed":false,"is_ascension_mode":true,"campfire_upgraded":0,"win_rate":0,"timestamp":1528482877,"campfire_choices":[{"floor":7,"key":"REST"},{"floor":10,"key":"REST"}],"path_taken":["M","M","?","?","?","E","R","E","T","R","M"],"build_version":"2018-06-07","seed_source_timestamp":1553007615628768,"purchased_purges":0,"victory":false,"master_deck":["Strike_B","Strike_B","Strike_B","Strike_B","Defend_B","Defend_B","Defend_B","Zap","Dualcast","All For One","Coolheaded","Redo","Coolheaded"],"max_hp_per_floor":[75,75,75,75,75,75,75,75,75,75,75],"relics":["Cracked Core","Peace Pipe","Bag of Marbles","Juzu Bracelet"],"card_choices":[{"not_picked":["Core Surge","Hyperbeam"],"picked":"All For One","floor":0},{"not_picked":["Sweeping Beam","Melter"],"picked":"Coolheaded","floor":1},{"not_picked":["Double Energy","Leap","Melter"],"picked":"SKIP","floor":2},{"not_picked":["Hologram","Rebound"],"picked":"Redo","floor":4},{"not_picked":["All For One","Compile Driver","Chaos"],"picked":"SKIP","floor":5},{"not_picked":["Fusion","Rebound"],"picked":"Coolheaded","floor":6},{"not_picked":["Cold Snap","Sunder","Ball Lightning"],"picked":"SKIP","floor":8}],"player_experience":495488,"potions_floor_usage":[4,8],"damage_taken":[{"damage":1,"enemies":"Cultist","floor":1,"turns":3},{"damage":7,"enemies":"2 Louse","floor":2,"turns":2},{"damage":0,"enemies":"Jaw Worm","floor":4,"turns":3},{"damage":22,"enemies":"Large Slime","floor":5,"turns":6},{"damage":28,"enemies":"Gremlin Nob","floor":6,"turns":4},{"damage":23,"enemies":"Lagavulin","floor":8,"turns":8},{"damage":35,"enemies":"Gremlin Gang","floor":11,"turns":3}],"relics_obtained":[{"floor":6,"key":"Peace Pipe"},{"floor":8,"key":"Bag of Marbles"},{"floor":9,"key":"Juzu Bracelet"}],"event_choices":[{"event_name":"Golden Wing","player_choice":"Card Removal","floor":3,"damage_taken":0}],"boss_relics":[],"items_purged_floors":[],"potions_floor_spawned":[2,5,6],"seed_played":"-4439059273827346654","killed_by":"Gremlin Gang","ascension_level":4,"potions_obtained":[{"floor":2,"key":"Dexterity Potion"},{"floor":5,"key":"SpeedPotion"},{"floor":6,"key":"Ancient Potion"}],"is_trial":false}