{"path_per_floor":["M","?","$","M","$","E","R","E","T","$","M","R","?","M","R","B",null,"M","?","M","?","$","R","$","M","T","?"],"character_chosen":"DEFECT","items_purchased":["Barrage","Rip and Tear"],"gold_per_floor":[115,115,17,35,0,34,34,60,87,87,100,100,100,115,115,219,219,232,155,169,94,94,94,94,107,107,107,107],"floor_reached":28,"campfire_rested":0,"playtime":1904,"current_hp_per_floor":[75,75,75,75,75,75,75,76,76,76,76,76,76,71,71,76,78,25,25,21,21,21,21,21,15,15,15,0],"items_purged":["Strike_B"],"gold":107,"score":311,"play_id":"77c01a52-6e7f-4cf1-9682-a66993a4e121","local_time":"20180509220752","is_prod":false,"is_daily":false,"chose_seed":false,"is_ascension_mode":true,"campfire_upgraded":4,"timestamp":1525874872,"path_taken":["M","?","$","?","$","E","R","E","T","$","M","R","?","M","R","BOSS","M","?","M","?","$","R","?","?","T","?","M"],"build_version":"2018-05-08","seed_source_timestamp":1080723699076859,"purchased_purges":1,"victory":false,"master_deck":["Defend_B","Defend_B","Defend_B","Defend_B","Zap+1","Dualcast","Self Repair+1","Barrage+1","Barrage+1","Rip and Tear","Doom and Gloom","Static Discharge+1","Machine Learning","J.A.X.","Coolheaded","Leap+1"],"max_hp_per_floor":[75,75,75,75,75,75,75,77,77,77,79,79,79,79,79,79,79,81,81,81,81,81,81,81,81,81,81,81],"relics":["Cracked Core","NeowsBlessing","Singing Bowl","Ice Cream","Bag of Preparation","Inserter","Gambling Chip"],"card_choices":[{"not_picked":["Axe Kick","Capacitor"],"picked":"Self Repair","floor":1},{"not_picked":["Beam Cell","Axe Kick"],"picked":"Barrage","floor":4},{"not_picked":["Steam","Hello World"],"picked":"Doom and Gloom","floor":6},{"not_picked":["Lockon","Streamline"],"picked":"Static Discharge","floor":14},{"not_picked":["Biased Cognition","Seek"],"picked":"Machine Learning","floor":16},{"not_picked":["Doom and Gloom","Rebound"],"picked":"Coolheaded","floor":20},{"not_picked":["Axe Kick","Capacitor"],"picked":"Leap","floor":25}],"player_experience":354297,"potions_floor_usage":[8,20,20,25],"damage_taken":[{"damage":0,"enemies":"Small Slimes","floor":1,"turns":1},{"damage":0,"enemies":"Cultist","floor":4,"turns":1},{"damage":0,"enemies":"Lagavulin","floor":6,"turns":2},{"damage":8,"enemies":"Gremlin Nob","floor":8,"turns":3},{"damage":2,"enemies":"Jaw Worm","floor":11,"turns":2},{"damage":12,"enemies":"Looter","floor":14,"turns":3},{"damage":2,"enemies":"Slime Boss","floor":16,"turns":7},{"damage":62,"enemies":"2 Thieves","floor":18,"turns":4},{"damage":11,"enemies":"Chosen","floor":20,"turns":4},{"damage":16,"enemies":"Snecko","floor":25,"turns":3},{"damage":18,"enemies":"Sentry and Sphere","floor":28,"turns":4}],"event_choices":[{"event_name":"Purifier","player_choice":"One Purge","floor":2,"damage_taken":0},{"event_name":"Living Wall","player_choice":"Grow","floor":13,"damage_taken":0},{"event_name":"Drug Dealer","player_choice":"Got JAXXED","floor":19,"damage_taken":0},{"event_name":"Beggar","player_choice":"Gave Gold","floor":21,"damage_taken":0},{"event_name":"Bonfire Elementals","player_choice":"BASIC","floor":27,"damage_taken":0}],"boss_relics":[{"not_picked":["Lizard Tail","Velvet Choker"],"picked":"Inserter"}],"potions_floor_spawned":[6,11,16,18,20],"seed_played":"8460190743790481886","killed_by":"Sentry and Sphere","ascension_level":5,"is_trial":false}