{"path_per_floor":["M","?","M","M","M","R","E","$","T","M","R","M","R","T","R","B",null,"M","?","?","M","?"],"character_chosen":"IRONCLAD","items_purchased":["Meat on the Bone","Burning Pact"],"gold_per_floor":[215,215,235,253,265,265,291,5,56,68,68,79,79,102,102,203,203,218,133,133,149,399,399],"floor_reached":23,"campfire_rested":3,"playtime":1325,"item_purchase_floors":[8,8],"current_hp_per_floor":[68,68,78,77,58,83,45,45,45,49,74,53,78,78,78,56,78,49,49,49,59,65,0],"items_purged":[],"gold":399,"score":267,"play_id":"27ec02ad-6e5d-4c56-858a-a96e19c28e36","local_time":"20180608155028","is_prod":false,"is_daily":false,"chose_seed":false,"is_ascension_mode":true,"campfire_upgraded":1,"win_rate":0,"timestamp":1528462228,"campfire_choices":[{"floor":6,"key":"REST"},{"floor":11,"key":"REST"},{"floor":13,"key":"REST"},{"data":"Uppercut","floor":15,"key":"SMITH"}],"path_taken":["M","?","M","M","?","R","E","$","T","M","R","M","R","?","R","BOSS","M","?","?","M","?","E"],"build_version":"2018-06-07","seed_source_timestamp":1531557609017799,"purchased_purges":0,"victory":false,"master_deck":["Strike_R","Strike_R","Strike_R","Strike_R","Strike_R","Defend_R","Defend_R","Defend_R","Defend_R","Bash","Shockwave","Flex","Evolve","Spot Weakness","Uppercut+1","Burning Pact","Flex","Shockwave","Offering","Sword Boomerang","Infernal Blade","Regret"],"max_hp_per_floor":[80,80,85,85,85,85,85,85,85,85,85,85,85,85,85,85,85,85,85,85,85,91,91],"relics":["Burning Blood","Darkstone Periapt","Meat on the Bone","Juzu Bracelet","Lantern","Black Star","Oddly Smooth Stone"],"card_choices":[{"not_picked":["Thunderclap","Armaments"],"picked":"Shockwave","floor":1},{"not_picked":["True Grit","Metallicize"],"picked":"Flex","floor":3},{"not_picked":["Twin Strike","Rupture"],"picked":"Evolve","floor":4},{"not_picked":["Pommel Strike","Armaments"],"picked":"Spot Weakness","floor":5},{"not_picked":["Carnage","Sentinel"],"picked":"Uppercut","floor":7},{"not_picked":["Heavy Blade","Pommel Strike"],"picked":"Flex","floor":10},{"not_picked":["Sentinel","Anger"],"picked":"Shockwave","floor":12},{"not_picked":["Brutality","Berserk"],"picked":"Offering","floor":16},{"not_picked":["Wild Strike","Shockwave"],"picked":"Sword Boomerang","floor":18},{"not_picked":["Perfected Strike+1","Armaments"],"picked":"Infernal Blade","floor":21}],"player_experience":487711,"potions_floor_usage":[3,3,5,5,7,16,18,21],"damage_taken":[{"damage":10,"enemies":"Jaw Worm","floor":1,"turns":7},{"damage":1,"enemies":"Cultist","floor":3,"turns":4},{"damage":7,"enemies":"Small Slimes","floor":4,"turns":4},{"damage":25,"enemies":"Exordium Thugs","floor":5,"turns":4},{"damage":44,"enemies":"3 Sentries","floor":7,"turns":10},{"damage":2,"enemies":"Exordium Wildlife","floor":10,"turns":3},{"damage":27,"enemies":"Lots of Slimes","floor":12,"turns":6},{"damage":40,"enemies":"Slime Boss","floor":16,"turns":12},{"damage":35,"enemies":"Chosen","floor":18,"turns":5},{"damage":8,"enemies":"Shell Parasite","floor":21,"turns":5},{"damage":67,"enemies":"Slavers","floor":23,"turns":4}],"relics_obtained":[{"floor":7,"key":"Darkstone Periapt"},{"floor":9,"key":"Juzu Bracelet"},{"floor":14,"key":"Lantern"}],"event_choices":[{"event_name":"The Lab","player_choice":"Got Potions","floor":2,"damage_taken":0},{"event_name":"Addict","player_choice":"Obtained Relic","floor":19,"damage_taken":0},{"event_name":"Beggar","player_choice":"Ignored","floor":20,"damage_taken":0},{"event_name":"Golden Shrine","player_choice":"Desecrate","floor":22,"damage_taken":0}],"boss_relics":[{"not_picked":["Pandora\u0027s Box","Runic Cube"],"picked":"Black Star"}],"items_purged_floors":[],"potions_floor_spawned":[4,5,10,16,18],"seed_played":"-6500124036172717383","killed_by":"Slavers","ascension_level":8,"potions_obtained":[{"floor":2,"key":"Fruit Juice"},{"floor":2,"key":"SteroidPotion"},{"floor":2,"key":"PowerPotion"},{"floor":4,"key":"AttackPotion"},{"floor":5,"key":"Weak Potion"},{"floor":10,"key":"Swift Potion"},{"floor":16,"key":"SkillPotion"},{"floor":18,"key":"Dexterity Potion"}],"is_trial":false}