{"gold_per_floor":[117,117,117,117,131,131,171,171,171,224,236,272,284,311,323,424,436,461,473],"floor_reached":19,"playtime":528,"items_purged":[],"score":400,"play_id":"183061b8-3993-496b-b139-abe997996a2b","local_time":"20190420194642","is_ascension_mode":true,"campfire_choices":[{"data":"Dualcast","floor":6,"key":"SMITH"},{"data":"Zap","floor":8,"key":"SMITH"},{"data":"Barrage","floor":11,"key":"SMITH"},{"data":"Rip and Tear","floor":15,"key":"SMITH"}],"neow_cost":"NONE","seed_source_timestamp":402496944570500,"circlet_count":0,"master_deck":["AscendersBane","Strike_B","Strike_B","Strike_B","Defend_B","Defend_B","Defend_B","Zap+1","Dualcast+1","Cold Snap","Chill","FTL","All For One","Barrage+1","Rip and Tear+1","Biased Cognition","Static Discharge"],"relics":["Cracked Core","NeowsBlessing","Golden Idol","PreservedInsect","MawBank","Potion Belt","Inserter"],"potions_floor_usage":[16,16,16],"damage_taken":[{"damage":0,"enemies":"Jaw Worm","floor":1,"turns":1},{"damage":0,"enemies":"2 Louse","floor":5,"turns":1},{"damage":0,"enemies":"Gremlin Nob","floor":7,"turns":1},{"damage":5,"enemies":"Lagavulin","floor":10,"turns":4},{"damage":0,"enemies":"Small Slimes","floor":12,"turns":2},{"damage":8,"enemies":"Exordium Wildlife","floor":14,"turns":2},{"damage":25,"enemies":"Hexaghost","floor":16,"turns":8},{"damage":18,"enemies":"2 Thieves","floor":18,"turns":3},{"damage":0,"enemies":"Chosen","floor":19,"turns":1}],"seed_played":"5585530326940713073","potions_obtained":[{"floor":1,"key":"Swift Potion"},{"floor":5,"key":"Regen Potion"},{"floor":14,"key":"Weak Potion"},{"floor":18,"key":"Swift Potion"}],"is_trial":false,"path_per_floor":["M","?","?","?","M","R","E","R","T","E","R","M","?","M","R","B",null,"M","M"],"character_chosen":"DEFECT","items_purchased":[],"campfire_rested":0,"item_purchase_floors":[],"current_hp_per_floor":[64,64,64,57,57,57,57,57,57,52,52,52,57,49,49,39,62,44,44],"gold":473,"neow_bonus":"THREE_ENEMY_KILL","is_prod":false,"is_daily":false,"chose_seed":false,"campfire_upgraded":4,"win_rate":0,"timestamp":1555757202,"path_taken":["M","?","?","?","?","R","E","R","T","E","R","M","?","M","R","BOSS","M","M"],"build_version":"2019-01-23","purchased_purges":0,"victory":false,"max_hp_per_floor":[71,71,64,64,64,64,64,64,64,64,64,64,69,69,69,69,69,69,69],"card_choices":[{"not_picked":["Turbo","Conserve Battery"],"picked":"Cold Snap","floor":1},{"not_picked":["Steam","Compile Driver"],"picked":"FTL","floor":5},{"not_picked":["BootSequence","Chill"],"picked":"All For One","floor":7},{"not_picked":["Sunder","Compile Driver"],"picked":"Barrage","floor":10},{"not_picked":["BootSequence","Force Field","Storm"],"picked":"SKIP","floor":12},{"not_picked":["Redo","Go for the Eyes"],"picked":"Rip and Tear","floor":14},{"not_picked":["Machine Learning","Multi-Cast"],"picked":"Biased Cognition","floor":16},{"not_picked":["BootSequence","Auto Shields"],"picked":"Static Discharge","floor":18}],"player_experience":3255857,"relics_obtained":[{"floor":7,"key":"PreservedInsect"},{"floor":9,"key":"MawBank"},{"floor":10,"key":"Potion Belt"}],"event_choices":[{"damage_healed":0,"gold_gain":0,"cards_transformed":["Strike_B"],"player_choice":"Change","damage_taken":0,"max_hp_gain":0,"max_hp_loss":0,"event_name":"Living Wall","floor":2,"gold_loss":0,"cards_obtained":["Chill"]},{"damage_healed":0,"gold_gain":0,"player_choice":"Lose Max HP","damage_taken":0,"relics_obtained":["Golden Idol"],"max_hp_gain":0,"max_hp_loss":7,"event_name":"Golden Idol","floor":3,"gold_loss":0},{"cards_removed":["Defend_B"],"damage_healed":0,"gold_gain":0,"player_choice":"Card Removal","damage_taken":7,"max_hp_gain":0,"max_hp_loss":0,"event_name":"Golden Wing","floor":4,"gold_loss":0},{"damage_healed":0,"gold_gain":0,"player_choice":"Donut","damage_taken":0,"max_hp_gain":5,"max_hp_loss":0,"event_name":"Big Fish","floor":13,"gold_loss":0}],"is_beta":false,"boss_relics":[{"not_picked":["Eternal Feather","Ectoplasm"],"picked":"Inserter"}],"items_purged_floors":[],"is_endless":false,"potions_floor_spawned":[1,5,14,18],"killed_by":"Chosen","ascension_level":20}