{"gold_per_floor":[18,36,51,51,51,51,76,116,193,234,234,109,145,163,163,253,253,272,272,192,212,212,212,256,274,274,309,334,350,350,385,385,481,481,499,1498,1498,157,178,219,219,252,323,323,656,669,1000,1017,1017,1017,1017,1017,1017,39,65,65],"floor_reached":57,"playtime":2591,"items_purged":["Strike_R","Strike_R","Strike_R","Strike_R"],"score":3361,"play_id":"a579616c-b095-4995-bfee-555d73d40130","local_time":"20190310040300","is_ascension_mode":true,"campfire_choices":[{"data":"Whirlwind","floor":6,"key":"SMITH"},{"data":"Fiend Fire","floor":11,"key":"SMITH"},{"data":"Corruption","floor":15,"key":"SMITH"},{"data":"Offering","floor":23,"key":"SMITH"},{"data":"Second Wind","floor":32,"key":"SMITH"},{"floor":41,"key":"RECALL"},{"data":"Feel No Pain","floor":49,"key":"SMITH"},{"data":"Seeing Red","floor":53,"key":"SMITH"}],"neow_cost":"NO_GOLD","seed_source_timestamp":0,"circlet_count":0,"master_deck":["AscendersBane","Defend_R","Defend_R","Defend_R","Defend_R","Fiend Fire+1","Carnage","Whirlwind+1","Feed","Flame Barrier","Corruption+1","Armaments","Offering+1","Fiend Fire+1","Armaments+1","Shrug It Off","Reaper","Second Wind+1","Impervious","Feel No Pain+1","Inflame","True Grit+1","Seeing Red+1","Dual Wield","Seeing Red","Disarm","Feel No Pain","Demon Form","Evolve","Good Instincts","Impervious"],"special_seed":0,"relics":["Burning Blood","Dead Branch","The Courier","Oddly Smooth Stone","Omamori","Sozu","Enchiridion","Blue Candle","Blood Vial","Incense Burner","Art of War","Eternal Feather","Anchor","Strawberry","Bronze Scales","Orichalcum","Ice Cream","Torii","Centennial Puzzle","Vajra","Potion Belt","PreservedInsect","Old Coin","Dodecahedron","Pen Nib","Bottled Tornado","Ginger"],"potions_floor_usage":[14,27,27],"damage_taken":[{"damage":19.0,"enemies":"Jaw Worm","floor":1.0,"turns":4.0},{"damage":0,"enemies":"Small Slimes","floor":2,"turns":4},{"damage":1,"enemies":"Cultist","floor":3,"turns":3},{"damage":11,"enemies":"Blue Slaver","floor":7,"turns":3},{"damage":8,"enemies":"Gremlin Nob","floor":8,"turns":3},{"damage":20,"enemies":"Lagavulin","floor":10,"turns":4},{"damage":3,"enemies":"Gremlin Nob","floor":13,"turns":2},{"damage":5,"enemies":"Gremlin Gang","floor":14,"turns":2},{"damage":1,"enemies":"Slime Boss","floor":16,"turns":5},{"damage":6,"enemies":"2 Thieves","floor":18,"turns":3},{"damage":6,"enemies":"Spheric Guardian","floor":21,"turns":2},{"damage":7,"enemies":"Gremlin Leader","floor":24,"turns":2},{"damage":0,"enemies":"Snake Plant","floor":25,"turns":2},{"damage":32,"enemies":"Slavers","floor":27,"turns":4},{"damage":0,"enemies":"Snecko","floor":28,"turns":4},{"damage":6,"enemies":"Centurion and Healer","floor":29,"turns":5},{"damage":8,"enemies":"Book of Stabbing","floor":31,"turns":2},{"damage":24,"enemies":"Champ","floor":33,"turns":6},{"damage":6,"enemies":"3 Shapes","floor":35,"turns":4},{"damage":3,"enemies":"3 Darklings","floor":39,"turns":3},{"damage":6,"enemies":"Giant Head","floor":40,"turns":3},{"damage":1,"enemies":"Reptomancer","floor":42,"turns":3},{"damage":13,"enemies":"Jaw Worm Horde","floor":46,"turns":3},{"damage":1,"enemies":"Giant Head","floor":47,"turns":3},{"damage":7,"enemies":"Writhing Mass","floor":48,"turns":2},{"damage":14,"enemies":"Donu and Deca","floor":50,"turns":7},{"damage":18,"enemies":"Time Eater","floor":51,"turns":8},{"damage":15,"enemies":"Shield and Spear","floor":55,"turns":4},{"damage":9,"enemies":"The Heart","floor":56,"turns":6}],"seed_played":"-8674529632811763152","potions_obtained":[{"floor":2,"key":"Explosive Potion"},{"floor":8,"key":"Explosive Potion"},{"floor":14,"key":"EssenceOfSteel"}],"is_trial":false,"path_per_floor":["M","M","M","?","?","R","M","E","T","E","R","$","E","M","R","B",null,"M","?","$","M","?","R","E","M","T","E","M","M","?","E","R","B",null,"M","?","?","$","M","E","R","E","T","?","?","M","E","M","R","B","B",null,"R","$","E","B",null],"character_chosen":"IRONCLAD","items_purchased":["Corruption","Anchor","Strawberry","Bronze Scales","Orichalcum","Ice Cream","Torii","Centennial Puzzle","Vajra","Feel No Pain","Dodecahedron","Pen Nib","Bottled Tornado","Demon Form","Evolve","Good Instincts"],"campfire_rested":0,"item_purchase_floors":[12,38,38,38,38,38,38,38,38,54,54,54,54,54,54,54],"current_hp_per_floor":[55,61,66,66,66,66,61,59,59,45,45,45,48,52,52,57,68,71,71,71,71,50,50,49,55,55,31,39,41,41,41,41,35,64,70,70,70,77,85,85,85,85,85,85,85,87,88,87,88,90,87,91,92,92,95,93],"gold":65,"neow_bonus":"THREE_RARE_CARDS","is_prod":false,"is_daily":false,"chose_seed":false,"campfire_upgraded":7,"win_rate":0,"timestamp":1552158180,"path_taken":["M","M","M","?","?","R","M","E","T","E","R","?","E","?","R","BOSS","M","?","$","?","?","R","E","M","T","E","M","M","?","E","R","BOSS","M","?","?","$","?","E","R","E","T","?","?","M","E","M","R","BOSS","BOSS","R","$","E","BOSS"],"build_version":"2019-01-23","purchased_purges":4,"victory":true,"max_hp_per_floor":[75,75,75,68,68,68,68,68,68,68,68,68,68,71,71,71,71,74,74,74,74,74,74,74,74,74,74,74,74,74,74,74,74,74,78,78,78,85,85,85,85,85,85,85,85,88,88,88,88,92,92,92,92,92,95,95],"card_choices":[{"not_picked":["Feed","Double Tap"],"picked":"Fiend Fire","floor":0.0},{"not_picked":["Twin Strike","Clash","Anger"],"picked":"SKIP","floor":1},{"not_picked":["Disarm","Headbutt"],"picked":"Carnage","floor":2},{"not_picked":["Twin Strike","Metallicize"],"picked":"Whirlwind","floor":3},{"not_picked":["Clothesline","Wild Strike","Carnage"],"picked":"SKIP","floor":7},{"not_picked":["Sword Boomerang","Heavy Blade"],"picked":"Feed","floor":8},{"not_picked":["Clash","Fire Breathing"],"picked":"Flame Barrier","floor":10},{"not_picked":["Iron Wave","Havoc","Thunderclap"],"picked":"SKIP","floor":13},{"not_picked":["Body Slam","Cleave"],"picked":"Armaments","floor":14},{"not_picked":["Fiend Fire","Demon Form"],"picked":"Offering","floor":16},{"not_picked":["Warcry","Wild Strike","Body Slam"],"picked":"SKIP","floor":18},{"not_picked":["Armaments","Sword Boomerang","Pummel"],"picked":"SKIP","floor":21},{"not_picked":["Clash","Brutality","Iron Wave"],"picked":"SKIP","floor":24},{"not_picked":["Rampage","Inflame"],"picked":"Armaments+1","floor":25},{"not_picked":["Berserk","Perfected Strike"],"picked":"Shrug It Off","floor":27},{"not_picked":["Clothesline","Uppercut","Iron Wave"],"picked":"SKIP","floor":28},{"not_picked":["Perfected Strike","True Grit"],"picked":"Reaper","floor":29},{"not_picked":["Dropkick","Hemokinesis"],"picked":"Second Wind","floor":31},{"not_picked":["Double Tap","Immolate"],"picked":"Impervious","floor":33},{"not_picked":["Pommel Strike","Body Slam"],"picked":"Feel No Pain","floor":35},{"not_picked":["Carnage","Cleave+1"],"picked":"True Grit+1","floor":39},{"not_picked":["Wild Strike+1","Flame Barrier+1"],"picked":"Seeing Red","floor":40},{"not_picked":["Uppercut","Iron Wave+1"],"picked":"Dual Wield","floor":42},{"not_picked":["Perfected Strike","Headbutt"],"picked":"Seeing Red","floor":46},{"not_picked":["Fire Breathing+1","Demon Form"],"picked":"Disarm","floor":47},{"not_picked":["Rampage","Havoc","Perfected Strike+1"],"picked":"SKIP","floor":48},{"not_picked":["Dropkick","Armaments"],"picked":"Impervious","floor":55}],"player_experience":2134074,"relics_obtained":[{"floor":8,"key":"Dead Branch"},{"floor":9,"key":"The Courier"},{"floor":10,"key":"Oddly Smooth Stone"},{"floor":13,"key":"Omamori"},{"floor":22,"key":"Enchiridion"},{"floor":24,"key":"Blue Candle"},{"floor":26,"key":"Blood Vial"},{"floor":27,"key":"Incense Burner"},{"floor":31,"key":"Art of War"},{"floor":40,"key":"Potion Belt"},{"floor":42,"key":"PreservedInsect"},{"floor":47,"key":"Old Coin"},{"floor":55,"key":"Ginger"}],"event_choices":[{"damage_healed":0,"gold_gain":0,"player_choice":"Lose Max HP","damage_taken":0,"relics_obtained":["Golden Idol"],"max_hp_gain":0,"max_hp_loss":7,"event_name":"Golden Idol","floor":4,"gold_loss":0},{"damage_healed":0,"gold_gain":0,"player_choice":"Ignored","damage_taken":0,"max_hp_gain":0,"max_hp_loss":0,"event_name":"Liars Game","floor":5,"gold_loss":0},{"damage_healed":0,"gold_gain":0,"player_choice":"Copied","damage_taken":0,"max_hp_gain":0,"max_hp_loss":0,"event_name":"Duplicator","floor":19,"gold_loss":0,"cards_obtained":["Fiend Fire"]},{"damage_healed":0,"gold_gain":0,"player_choice":"Obtained Book","damage_taken":21,"max_hp_gain":0,"max_hp_loss":0,"event_name":"Cursed Tome","floor":22,"gold_loss":0},{"damage_healed":0,"gold_gain":0,"player_choice":"Ignored","damage_taken":0,"max_hp_gain":0,"max_hp_loss":0,"event_name":"Ghosts","floor":30,"gold_loss":0},{"damage_healed":0,"gold_gain":999,"player_choice":"Gold","damage_taken":0,"max_hp_gain":0,"max_hp_loss":0,"event_name":"MindBloom","floor":36,"gold_loss":0,"cards_obtained":["Normality","Normality"]},{"damage_healed":0,"gold_gain":0,"cards_transformed":["Strike_R"],"player_choice":"Transformed","damage_taken":0,"max_hp_gain":0,"max_hp_loss":0,"event_name":"Transmorgrifier","floor":37,"gold_loss":0,"cards_obtained":["Inflame"]},{"cards_removed":["Bash"],"damage_healed":0,"gold_gain":0,"player_choice":"Removed Attack","damage_taken":0,"max_hp_gain":0,"max_hp_loss":0,"event_name":"Falling","floor":44,"gold_loss":0},{"damage_healed":0,"gold_gain":333,"player_choice":"Gave Idol","damage_taken":0,"max_hp_gain":0,"max_hp_loss":0,"event_name":"The Moai Head","floor":45,"relics_lost":["Golden Idol"],"gold_loss":0}],"is_beta":false,"boss_relics":[{"not_picked":["Lizard Tail","Tiny House"],"picked":"Sozu"},{"not_picked":["Philosopher\u0027s Stone","Coffee Dripper"],"picked":"Eternal Feather"}],"items_purged_floors":[12,20,38,54],"is_endless":false,"potions_floor_spawned":[2,8,10,13,14,25,27,29,33,40,42,47],"ascension_level":20}