{"gold_per_floor":[115,128,30,40,40,40,72,72,96,96,106,126,152,172,172,246,246,263,281,301,35,45,77,77,77],"floor_reached":25,"playtime":1764,"items_purged":[],"score":447,"play_id":"eb9c63e8-8e2e-49c9-a440-47376b018a59","local_time":"20190405195437","is_ascension_mode":true,"campfire_choices":[{"floor":6,"key":"REST"},{"data":"Defragment","floor":8,"key":"SMITH"},{"data":"Bandage Up","floor":10,"key":"SMITH"},{"data":"Zap","floor":15,"key":"SMITH"},{"floor":24,"key":"REST"}],"neow_cost":"NONE","seed_source_timestamp":1916808444976512,"circlet_count":0,"master_deck":["AscendersBane","Strike_B","Strike_B","Strike_B+1","Strike_B","Defend_B","Defend_B","Defend_B","Defend_B","Zap+1","Dualcast","FTL+1","Defragment+1","Bandage Up+1","Conserve Battery","Zap","Cold Snap","Cold Snap","Chill","Cold Snap","FTL","Electrodynamics","Ball Lightning","Rebound+1","Auto Shields","Defragment","Magnetism","Force Field","Compile Driver"],"relics":["Cracked Core","Boot","Whetstone","FossilizedHelix","Inserter","Omamori"],"potions_floor_usage":[7,7,7,7,12,16,19,20,23],"damage_taken":[{"damage":7,"enemies":"Jaw Worm","floor":1,"turns":3},{"damage":6,"enemies":"Cultist","floor":2,"turns":3},{"damage":1,"enemies":"2 Louse","floor":4,"turns":2},{"damage":6,"enemies":"3 Sentries","floor":7,"turns":7},{"damage":8,"enemies":"Exordium Wildlife","floor":11,"turns":3},{"damage":6,"enemies":"Lots of Slimes","floor":12,"turns":3},{"damage":9,"enemies":"Lagavulin","floor":13,"turns":7},{"damage":0,"enemies":"Blue Slaver","floor":14,"turns":4},{"damage":29,"enemies":"Slime Boss","floor":16,"turns":9},{"damage":0,"enemies":"Shell Parasite","floor":18,"turns":5},{"damage":0,"enemies":"Chosen","floor":19,"turns":3},{"damage":0,"enemies":"Snecko","floor":20,"turns":4},{"damage":10,"enemies":"Centurion and Healer","floor":22,"turns":8},{"damage":11,"enemies":"Gremlin Leader","floor":23,"turns":6},{"damage":83,"enemies":"Book of Stabbing","floor":25,"turns":8}],"seed_played":"2378911009041007524","potions_obtained":[{"floor":0,"key":"Strength Potion"},{"floor":0,"key":"EntropicBrew"},{"floor":11,"key":"Fire Potion"},{"floor":13,"key":"Dexterity Potion"},{"floor":14,"key":"SteroidPotion"},{"floor":19,"key":"FocusPotion"},{"floor":20,"key":"Explosive Potion"}],"is_trial":false,"path_per_floor":["M","M","$","M","?","R","E","R","T","R","M","M","E","M","R","B",null,"M","M","M","$","M","E","R","E"],"character_chosen":"DEFECT","items_purchased":["Bandage Up","Defragment","Magnetism"],"campfire_rested":2,"item_purchase_floors":[3,21,21],"current_hp_per_floor":[57,51,51,54,54,71,68,68,68,68,66,65,62,68,68,42,64,70,70,70,70,66,55,71,0],"gold":77,"neow_bonus":"THREE_SMALL_POTIONS","is_prod":false,"is_daily":false,"chose_seed":false,"campfire_upgraded":3,"win_rate":0,"timestamp":1554483277,"path_taken":["M","M","$","M","?","R","E","R","T","R","M","M","E","M","R","BOSS","M","M","?","$","M","E","R","E"],"build_version":"2019-01-23","purchased_purges":0,"victory":false,"max_hp_per_floor":[71,71,71,71,71,71,71,71,71,71,71,71,71,71,71,71,71,71,71,71,71,71,71,71,71],"card_choices":[{"not_picked":["Blizzard","Hologram"],"picked":"FTL","floor":1},{"not_picked":["Aggregate","Redo"],"picked":"Defragment","floor":2},{"not_picked":["Beam Cell","Double Energy"],"picked":"Conserve Battery","floor":4},{"not_picked":["Streamline","Conserve Battery"],"picked":"Cold Snap","floor":7},{"not_picked":["Beam Cell","Sweeping Beam"],"picked":"Cold Snap","floor":11},{"not_picked":["Beam Cell","Sweeping Beam"],"picked":"Chill","floor":12},{"not_picked":["Chill","Barrage"],"picked":"Cold Snap","floor":13},{"not_picked":["BootSequence","Compile Driver"],"picked":"FTL","floor":14},{"not_picked":["Core Surge","Reboot"],"picked":"Electrodynamics","floor":16},{"not_picked":["Consume","Hologram"],"picked":"Ball Lightning","floor":18},{"not_picked":["Steam","Sweeping Beam"],"picked":"Rebound+1","floor":19},{"not_picked":["Compile Driver","Meteor Strike"],"picked":"Auto Shields","floor":20},{"not_picked":["Steam","Stack"],"picked":"Force Field","floor":22},{"not_picked":["Stack","Steam"],"picked":"Compile Driver","floor":23}],"player_experience":1172397,"relics_obtained":[{"floor":7,"key":"Boot"},{"floor":9,"key":"Whetstone"},{"floor":13,"key":"FossilizedHelix"},{"floor":23,"key":"Omamori"}],"event_choices":[{"damage_healed":0,"gold_gain":0,"player_choice":"1 cards matched","damage_taken":0,"max_hp_gain":0,"max_hp_loss":0,"event_name":"Match and Keep!","floor":5,"gold_loss":0,"cards_obtained":["Zap"]}],"is_beta":false,"boss_relics":[{"not_picked":["Runic Pyramid","Cursed Key"],"picked":"Inserter"}],"items_purged_floors":[],"is_endless":false,"potions_floor_spawned":[2,11,13,14,19,20],"killed_by":"Book of Stabbing","ascension_level":18}