{"path_per_floor":["M","?","M","$","?","R","E","R","T","R","E","M","M","M","R","B",null,"M","?","?","M","M","R","E","M","T","R","E","$","R","E","R"],"character_chosen":"IRONCLAD","items_purchased":["Vajra","Trip"],"gold_per_floor":[115,115,134,134,134,134,160,160,160,160,187,206,219,234,234,334,334,350,350,350,363,382,382,414,427,427,427,455,131,131,161,161,161],"floor_reached":33,"campfire_rested":3,"playtime":1402,"current_hp_per_floor":[86,79,85,85,85,85,61,87,87,87,58,63,64,70,70,35,75,63,88,94,94,71,71,65,59,65,95,77,77,102,97,97,0],"items_purged":["Normality"],"gold":161,"score":448,"play_id":"6cd568b7-ab84-49d8-b9a2-59959af75135","local_time":"20180511223217","is_prod":false,"is_daily":false,"chose_seed":false,"is_ascension_mode":true,"campfire_upgraded":5,"timestamp":1526067137,"path_taken":["M","?","M","?","?","R","E","R","T","R","E","M","M","?","R","BOSS","M","?","?","M","M","R","E","?","T","R","E","$","R","E","R","BOSS"],"build_version":"2018-05-10","seed_source_timestamp":3655022563712,"purchased_purges":1,"victory":false,"master_deck":["Strike_R","Strike_R","Strike_R","Strike_R","Strike_R","Defend_R","Defend_R","Defend_R","Bash+1","Rage+1","Inflame+1","Flex+1","Dropkick","Iron Wave+1","Havoc+1","Immolate+1","Flex+1","Warcry+1","Spot Weakness+1","Disarm+1","Normality","Trip+1"],"max_hp_per_floor":[88,88,88,88,88,88,88,88,88,88,88,88,88,88,88,88,88,88,88,94,94,94,94,94,94,100,100,102,102,102,104,104,104],"relics":["Burning Blood","Bag of Preparation","Toxic Egg 2","Darkstone Periapt","Cursed Key","Ice Cream","Frozen Egg 2","Bottled Flame","Singing Bowl","Vajra","Prayer Wheel"],"card_choices":[{"not_picked":["Hemokinesis","Sword Boomerang"],"picked":"Rage","floor":1},{"not_picked":["Flex","Clothesline"],"picked":"Inflame","floor":3},{"not_picked":["Wild Strike","Sentinel"],"picked":"Flex","floor":7},{"not_picked":["Uppercut","Sever Soul"],"picked":"Dropkick","floor":11},{"not_picked":["Rampage","Corruption"],"picked":"Iron Wave","floor":12},{"not_picked":["Hemokinesis","Blood for Blood"],"picked":"Havoc","floor":14},{"not_picked":["Juggernaut","Reaper"],"picked":"Immolate","floor":16},{"not_picked":["Warcry","Ghostly Armor"],"picked":"Flex","floor":18},{"not_picked":["Battle Trance","Sentinel"],"picked":"Warcry","floor":21},{"not_picked":["Twin Strike","Havoc"],"picked":"Spot Weakness","floor":22},{"not_picked":["Battle Trance","Sword Boomerang"],"picked":"Disarm","floor":24}],"player_experience":401487,"potions_floor_usage":[7,14,21,22,24,28,31,33],"damage_taken":[{"damage":0,"enemies":"2 Louse","floor":1,"turns":3},{"damage":0,"enemies":"Cultist","floor":3,"turns":3},{"damage":30,"enemies":"Lagavulin","floor":7,"turns":5},{"damage":35,"enemies":"Gremlin Nob","floor":11,"turns":4},{"damage":1,"enemies":"Small Slimes","floor":12,"turns":3},{"damage":5,"enemies":"2 Fungi Beasts","floor":13,"turns":4},{"damage":0,"enemies":"Looter","floor":14,"turns":1},{"damage":41,"enemies":"The Guardian","floor":16,"turns":9},{"damage":18,"enemies":"Chosen","floor":18,"turns":4},{"damage":0,"enemies":"2 Thieves","floor":21,"turns":2},{"damage":29,"enemies":"Cultist and Chosen","floor":22,"turns":6},{"damage":12,"enemies":"Book of Stabbing","floor":24,"turns":3},{"damage":12,"enemies":"Snake Plant","floor":25,"turns":3},{"damage":26,"enemies":"Gremlin Leader","floor":28,"turns":5},{"damage":13,"enemies":"Book of Stabbing","floor":31,"turns":3},{"damage":110,"enemies":"Champ","floor":33,"turns":8}],"event_choices":[{"event_name":"Golden Wing","player_choice":"Card Removal","floor":2,"damage_taken":0},{"event_name":"Living Wall","player_choice":"Grow","floor":5,"damage_taken":0},{"event_name":"The Library","player_choice":"Heal","floor":19,"damage_taken":0},{"event_name":"Accursed Blacksmith","player_choice":"Rummage","floor":20,"damage_taken":0}],"boss_relics":[{"not_picked":["Sozu","Runic Cube"],"picked":"Cursed Key"}],"potions_floor_spawned":[1,13,14,16,22,25,28,31],"seed_played":"-3815036043178213258","killed_by":"Champ","ascension_level":7,"is_trial":false}