{"gold_per_floor":[364,364,378,161,180,212,212,237,237,237,267,342,342,149,149,220,220,192,117,131,75,75,75,107,107],"floor_reached":25,"playtime":705,"items_purged":["Strike_R","Strike_R"],"score":430,"play_id":"124f2b34-73f7-4e87-a98e-113e12ff7078","local_time":"20190305135633","is_ascension_mode":true,"campfire_choices":[{"data":"True Grit","floor":7,"key":"SMITH"},{"data":"Evolve","floor":10,"key":"SMITH"},{"floor":15,"key":"REST"},{"data":"Double Tap","floor":23,"key":"SMITH"}],"neow_cost":"TEN_PERCENT_HP_LOSS","seed_source_timestamp":44229680787400,"circlet_count":0,"master_deck":["AscendersBane","Strike_R","Strike_R","Defend_R+1","Defend_R","Defend_R+1","Bash+1","True Grit+1","Evolve+1","Battle Trance","Combust","Double Tap+1","Armaments+1"],"relics":["Burning Blood","Regal Pillow","Anchor","War Paint","Tiny Chest","Busted Crown","Juzu Bracelet"],"potions_floor_usage":[6,16,24],"damage_taken":[{"damage":14,"enemies":"Cultist","floor":1,"turns":6},{"damage":2,"enemies":"Small Slimes","floor":3,"turns":6},{"damage":14,"enemies":"2 Louse","floor":5,"turns":4},{"damage":35,"enemies":"Gremlin Nob","floor":6,"turns":4},{"damage":34,"enemies":"Slime Boss","floor":16,"turns":9},{"damage":13,"enemies":"2 Thieves","floor":18,"turns":4},{"damage":5,"enemies":"Chosen","floor":20,"turns":5},{"damage":27,"enemies":"Gremlin Leader","floor":24,"turns":7},{"damage":0,"enemies":"Snake Plant","floor":25,"turns":1}],"seed_played":"-7107754497021345056","potions_obtained":[{"floor":3,"key":"LiquidBronze"},{"floor":16,"key":"EssenceOfSteel"}],"is_trial":false,"path_per_floor":["M","?","M","$","M","E","R","T","T","R","?","?","?","$","R","B",null,"M","?","M","$","?","R","E","M"],"character_chosen":"IRONCLAD","items_purchased":["Evolve","PowerPotion","PowerPotion","Combust","PowerPotion"],"campfire_rested":1,"item_purchase_floors":[4,4,14,14,21],"current_hp_per_floor":[60,60,64,64,56,27,27,27,27,27,27,16,9,9,44,16,55,48,48,49,49,49,49,28,28],"gold":107,"neow_bonus":"TWO_FIFTY_GOLD","is_prod":false,"is_daily":false,"chose_seed":false,"campfire_upgraded":3,"win_rate":0,"timestamp":1551761793,"path_taken":["M","?","M","$","?","E","R","?","T","R","?","?","?","$","R","BOSS","M","?","M","$","?","R","E","M"],"build_version":"2019-01-23","purchased_purges":2,"victory":false,"max_hp_per_floor":[68,68,68,68,68,68,68,68,68,68,68,68,68,68,68,68,68,68,68,68,68,68,68,68,68],"card_choices":[{"not_picked":["Havoc","Twin Strike"],"picked":"True Grit","floor":1},{"not_picked":["Havoc","Armaments","Iron Wave"],"picked":"SKIP","floor":3},{"not_picked":["Twin Strike","Clash","Hemokinesis"],"picked":"SKIP","floor":5},{"not_picked":["Anger","Metallicize"],"picked":"Battle Trance","floor":6},{"not_picked":["Juggernaut","Bludgeon"],"picked":"Double Tap","floor":16},{"not_picked":["Clothesline"],"picked":"SKIP","floor":18},{"not_picked":[],"picked":"Armaments+1","floor":20},{"not_picked":["Clash"],"picked":"SKIP","floor":24}],"player_experience":2021009,"relics_obtained":[{"floor":6,"key":"Regal Pillow"},{"floor":8,"key":"Anchor"},{"floor":9,"key":"War Paint"},{"floor":24,"key":"Juzu Bracelet"}],"event_choices":[{"damage_healed":0,"gold_gain":0,"player_choice":"Upgraded","damage_taken":0,"max_hp_gain":0,"max_hp_loss":0,"event_name":"Upgrade Shrine","floor":2,"gold_loss":0,"cards_upgraded":["Bash"]},{"damage_healed":0,"gold_gain":0,"player_choice":"Box","damage_taken":0,"relics_obtained":["Tiny Chest"],"max_hp_gain":0,"max_hp_loss":0,"event_name":"Big Fish","floor":11,"gold_loss":0,"cards_obtained":["Regret"]},{"damage_healed":0,"gold_gain":75,"player_choice":"Gather Gold","damage_taken":11,"max_hp_gain":0,"max_hp_loss":0,"event_name":"World of Goop","floor":12,"gold_loss":0},{"cards_removed":["Regret"],"damage_healed":0,"gold_gain":0,"player_choice":"Card Removal","damage_taken":7,"max_hp_gain":0,"max_hp_loss":0,"event_name":"Golden Wing","floor":13,"gold_loss":0},{"cards_removed":["Strike_R"],"damage_healed":0,"gold_gain":0,"player_choice":"Gave Gold","damage_taken":0,"max_hp_gain":0,"max_hp_loss":0,"event_name":"Beggar","floor":19,"gold_loss":75},{"cards_removed":["Defend_R"],"damage_healed":0,"gold_gain":0,"player_choice":"Elegance","damage_taken":0,"max_hp_gain":0,"max_hp_loss":0,"event_name":"Back to Basics","floor":22,"gold_loss":0}],"is_beta":false,"boss_relics":[{"not_picked":["White Beast Statue","Black Star"],"picked":"Busted Crown"}],"items_purged_floors":[4,14],"is_endless":false,"potions_floor_spawned":[3,16,20],"killed_by":"Snake Plant","ascension_level":20}