{"gold_per_floor":[117,128,146,26,43,43,76,76,76,76,76,101,119,134,134,229,229,248,148,181,196,26,37,56,56,103,103,6,21,21,35,35,35],"floor_reached":33,"playtime":2335,"items_purged":["Regret","Defend_R","Strike_R"],"score":249,"play_id":"8e3d5dd4-ac6a-4ac4-846b-bf96d877a0eb","local_time":"20180815103406","is_ascension_mode":false,"campfire_choices":[{"data":"Defend_R","floor":6.0,"key":"PURGE"},{"floor":11.0,"key":"REST"},{"floor":15.0,"key":"REST"},{"floor":27.0,"key":"REST"},{"floor":32,"key":"REST"}],"neow_cost":"CURSE","seed_source_timestamp":2040400144107140,"circlet_count":0,"master_deck":["Strike_R","Strike_R","Strike_R","Defend_R","Defend_R","Bash","Anger","Fire Breathing","Clash","Anger","Dramatic Entrance","Rage"],"special_seed":0,"relics":["Burning Blood","Peace Pipe","Ornamental Fan","Matryoshka","Odd Mushroom","Orrery","Red Mask","Bag of Marbles","Anchor"],"potions_floor_usage":[29],"damage_taken":[{"damage":8.0,"enemies":"Cultist","floor":1.0,"turns":4.0},{"damage":4.0,"enemies":"2 Louse","floor":2.0,"turns":3.0},{"damage":5.0,"enemies":"Small Slimes","floor":3.0,"turns":3.0},{"damage":6.0,"enemies":"Blue Slaver","floor":5.0,"turns":4.0},{"damage":30.0,"enemies":"3 Sentries","floor":7.0,"turns":8.0},{"damage":19.0,"floor":12.0,"turns":4.0},{"damage":6.0,"enemies":"Lots of Slimes","floor":13.0,"turns":5.0},{"damage":14.0,"enemies":"3 Louse","floor":14.0,"turns":4.0},{"damage":77.0,"enemies":"The Guardian","floor":16.0,"turns":9.0},{"damage":27.0,"enemies":"Shell Parasite","floor":18.0,"turns":7.0},{"damage":45.0,"floor":20.0,"turns":5.0},{"damage":0.0,"enemies":"3 Byrds","floor":21.0,"turns":4.0},{"damage":24.0,"enemies":"3 Cultists","floor":23.0,"turns":6.0},{"damage":8.0,"enemies":"Cultist and Chosen","floor":24.0,"turns":6.0},{"damage":10,"enemies":"Centurion and Healer","floor":29,"turns":4},{"damage":0,"enemies":"Chosen and Byrds","floor":31,"turns":4},{"damage":85,"enemies":"Automaton","floor":33,"turns":8}],"seed_played":"-7344023482309369280","potions_obtained":[{"floor":3.0,"key":"Swift Potion"},{"floor":5.0,"key":"Explosive Potion"},{"floor":7.0,"key":"FairyPotion"},{"floor":14.0,"key":"AttackPotion"},{"floor":16.0,"key":"Swift Potion"},{"floor":18.0,"key":"Dexterity Potion"},{"floor":20.0,"key":"FairyPotion"},{"floor":24.0,"key":"Swift Potion"}],"is_trial":false,"path_per_floor":["M","M","M","$","M","R","E","?","T","$","R","?","M","M","R","B",null,"M","$","?","M","$","M","M","?","T","R","$","M","?","M","R"],"character_chosen":"IRONCLAD","items_purchased":["Anger","Anger","Dramatic Entrance"],"campfire_rested":4,"item_purchase_floors":[4,22,28],"current_hp_per_floor":[78,80,80,80,80,80,56,56,56,56,80,67,67,59,80,9,80,59,59,20,26,26,8,14,6,6,30,30,26,26,32,56,0],"gold":35,"neow_bonus":"ONE_RARE_RELIC","is_prod":false,"is_daily":false,"chose_seed":false,"campfire_upgraded":0,"win_rate":0,"timestamp":1534318446,"path_taken":["M","?","?","$","M","R","E","?","T","$","R","?","M","M","R","BOSS","M","?","?","M","$","M","M","?","T","R","$","?","?","M","R","BOSS"],"build_version":"2018-08-09","purchased_purges":3,"victory":false,"max_hp_per_floor":[80,80,80,80,80,80,80,80,80,80,80,80,80,80,80,80,80,80,80,80,80,80,80,80,80,80,80,80,80,80,80,80,80],"card_choices":[{"not_picked":["Infernal Blade","Headbutt","Perfected Strike"],"picked":"SKIP","floor":1.0},{"not_picked":["Sword Boomerang","Thunderclap","Sever Soul"],"picked":"SKIP","floor":2.0},{"not_picked":["Cleave","Dropkick","Wild Strike"],"picked":"SKIP","floor":3.0},{"not_picked":["Shockwave","Heavy Blade","Whirlwind"],"picked":"SKIP","floor":5.0},{"not_picked":["Sword Boomerang","Wild Strike","Twin Strike"],"picked":"SKIP","floor":7.0},{"not_picked":["Twin Strike","Shrug It Off"],"picked":"Fire Breathing","floor":13.0},{"not_picked":["Blood for Blood","Perfected Strike","Thunderclap"],"picked":"SKIP","floor":14.0},{"not_picked":["Searing Blow","Headbutt"],"picked":"Clash","floor":17.0},{"not_picked":["Heavy Blade+1","Brutality","Twin Strike"],"picked":"SKIP","floor":18.0},{"not_picked":["Thunderclap","Clothesline","Cleave+1"],"picked":"SKIP","floor":21.0},{"not_picked":["Feel No Pain","Entrench","Body Slam"],"picked":"SKIP","floor":23.0},{"not_picked":["Headbutt+1","True Grit","Power Through"],"picked":"SKIP","floor":24.0},{"not_picked":["Headbutt","Metallicize","Pommel Strike+1"],"picked":"SKIP","floor":29},{"not_picked":["Limit Break","Wild Strike"],"picked":"Rage","floor":31}],"player_experience":648622,"relics_obtained":[{"floor":7.0,"key":"Ornamental Fan"},{"floor":9.0,"key":"Matryoshka"},{"floor":12.0,"key":"Odd Mushroom"},{"floor":20.0,"key":"Red Mask"},{"floor":26.0,"key":"Bag of Marbles"},{"floor":26.0,"key":"Anchor"}],"event_choices":[{"event_name":"Bonfire Elementals","player_choice":"BASIC","floor":8.0,"damage_taken":0.0},{"event_name":"Mushrooms","player_choice":"Fought Mushrooms","floor":12.0,"damage_taken":0.0},{"event_name":"Masked Bandits","player_choice":"Fought Bandits","floor":20.0,"damage_taken":0.0},{"event_name":"Wheel of Change","player_choice":"Damage","floor":25.0,"damage_taken":0.0},{"event_name":"Vampires","player_choice":"Ignored","floor":30,"damage_taken":0}],"is_beta":false,"boss_relics":[{"not_picked":["Runic Cube","Cursed Key"],"picked":"Orrery"}],"items_purged_floors":[4,19,22],"is_endless":false,"potions_floor_spawned":[3,5,7,14,16,18,20,24],"killed_by":"Automaton","ascension_level":0}