{"gold_per_floor":[13,31,46,59,77,77,91,91,91,110,185,216,24,24,24,24],"floor_reached":16,"playtime":1099,"items_purged":[],"score":130,"play_id":"3d1fb5ef-331e-446c-9b71-6b280c3af1fe","local_time":"20180923145629","is_ascension_mode":true,"campfire_choices":[{"floor":6,"key":"REST"},{"data":"Neutralize","floor":8,"key":"SMITH"},{"floor":15,"key":"REST"}],"neow_cost":"NO_GOLD","seed_source_timestamp":0,"circlet_count":0,"master_deck":["Defend_G","Defend_G","Defend_G","Defend_G","Strike_G","Strike_G","Strike_G","Strike_G","Survivor","Neutralize+1","Masterful Stab","Endless Agony","Distraction","Dodge and Roll","Skewer","Calculated Gamble","Leg Sweep","Finisher","Corpse Explosion"],"special_seed":0,"relics":["Ring of the Snake","Ornamental Fan","Regal Pillow","HandDrill","Golden Idol"],"potions_floor_usage":[4,12,16],"damage_taken":[{"damage":0.0,"enemies":"2 Louse","floor":1.0,"turns":2.0},{"damage":1.0,"enemies":"Cultist","floor":2.0,"turns":4.0},{"damage":3.0,"enemies":"Jaw Worm","floor":3.0,"turns":4.0},{"damage":14,"enemies":"Large Slime","floor":4,"turns":9},{"damage":7,"enemies":"3 Louse","floor":5,"turns":3},{"damage":4,"enemies":"Looter","floor":7,"turns":3},{"damage":0,"enemies":"Exordium Thugs","floor":10,"turns":3},{"damage":26,"enemies":"3 Sentries","floor":12,"turns":12},{"damage":61,"enemies":"Hexaghost","floor":16,"turns":16}],"seed_played":"5261389086196989156","potions_obtained":[{"floor":1.0,"key":"Block Potion"},{"floor":5,"key":"Weak Potion"},{"floor":7,"key":"Regen Potion"}],"is_trial":false,"path_per_floor":["M","M","M","M","M","R","M","R","T","M","?","E","$","?","R"],"character_chosen":"THE_SILENT","items_purchased":["HandDrill"],"campfire_rested":2,"item_purchase_floors":[13],"current_hp_per_floor":[70,69,66,52,45,66,62,62,62,62,51,40,40,23,59,0],"gold":24,"neow_bonus":"TRANSFORM_TWO_CARDS","is_prod":false,"is_daily":false,"chose_seed":false,"campfire_upgraded":1,"win_rate":0,"timestamp":1537728989,"path_taken":["M","M","M","M","M","R","M","R","T","M","?","E","$","?","R","BOSS"],"build_version":"2018-09-20","purchased_purges":0,"victory":false,"max_hp_per_floor":[70,70,70,70,70,70,70,70,70,70,70,70,70,70,70,70],"card_choices":[{"not_picked":["Deadly Poison","Bane"],"picked":"Distraction","floor":1.0},{"not_picked":["Caltrops","Flechettes"],"picked":"Dodge and Roll","floor":2.0},{"not_picked":["Expertise","Dodge and Roll"],"picked":"Skewer","floor":3},{"not_picked":["Deadly Poison","Slice","Flying Knee"],"picked":"SKIP","floor":4},{"not_picked":["Blade Dance","Unload"],"picked":"Calculated Gamble","floor":5},{"not_picked":["Prepared","Poisoned Stab"],"picked":"Leg Sweep","floor":7},{"not_picked":["Distraction","Calculated Gamble"],"picked":"Finisher","floor":10},{"not_picked":["Poisoned Stab","PiercingWail"],"picked":"Corpse Explosion","floor":12}],"player_experience":141198,"relics_obtained":[{"floor":9,"key":"Ornamental Fan"},{"floor":12,"key":"Regal Pillow"}],"event_choices":[{"event_name":"World of Goop","player_choice":"Gather Gold","floor":11,"damage_taken":0},{"event_name":"Golden Idol","player_choice":"Take Damage","floor":14,"damage_taken":0}],"is_beta":false,"boss_relics":[],"items_purged_floors":[],"is_endless":false,"potions_floor_spawned":[1,5,7],"killed_by":"Hexaghost","ascension_level":5}