{"gold_per_floor":[119,119,80,91,111,138,157,192,215,215,240,258,283,283,303,303,380,380,390,315,315,50,50,85,85,117,165,165,195,209,238,257,13,13,91,91,110,160,60,78,78,111,128,128,128,128,154,171,171,197,215,215,215,215,215,215,65,90,90],"floor_reached":60,"playtime":1744,"items_purged":["Dark Embrace","Pain"],"score":3876,"play_id":"261e2ce4-3045-4600-bd69-ad80b33a8d4e","local_time":"20190415022146","is_ascension_mode":true,"campfire_choices":[{"data":"Entrench","floor":16.0,"key":"SMITH"},{"data":"Barricade","floor":25.0,"key":"SMITH"},{"data":"Body Slam","floor":34.0,"key":"SMITH"},{"data":"Evolve","floor":44.0,"key":"SMITH"},{"floor":49.0,"key":"RECALL"},{"data":"Writhe","floor":52.0,"key":"PURGE"},{"data":"Clumsy","floor":56.0,"key":"PURGE"}],"neow_cost":"NONE","seed_source_timestamp":0,"circlet_count":0,"master_deck":["Ghostly Armor+1","Sentinel","Second Wind","Entrench+1","Body Slam+1","Whirlwind","Barricade+1","Evolve+1","Battle Trance+1","Offering"],"special_seed":0,"relics":["Burning Blood","Peace Pipe","Oddly Smooth Stone","Lantern","Art of War","PreservedInsect","Kunai","Busted Crown","Singing Bowl","Pen Nib","Prayer Wheel","Bronze Scales","Dodecahedron","Pantograph","War Paint","Calling Bell","Anchor","Mummified Hand","Ginger","Omamori","Dream Catcher","Bottled Tornado","Happy Flower"],"potions_floor_usage":[59,59],"damage_taken":[{"damage":0.0,"enemies":"Jaw Worm","floor":1.0,"turns":1.0},{"damage":0.0,"enemies":"Cultist","floor":4.0,"turns":3.0},{"damage":6.0,"enemies":"2 Louse","floor":5.0,"turns":2.0},{"damage":0.0,"enemies":"Gremlin Nob","floor":6.0,"turns":3.0},{"damage":0.0,"enemies":"Lots of Slimes","floor":7.0,"turns":2.0},{"damage":0.0,"enemies":"3 Sentries","floor":8.0,"turns":4.0},{"damage":0.0,"enemies":"Lagavulin","floor":11.0,"turns":5.0},{"damage":0.0,"enemies":"2 Fungi Beasts","floor":12.0,"turns":1.0},{"damage":0.0,"enemies":"Gremlin Nob","floor":13.0,"turns":4.0},{"damage":12.0,"enemies":"Exordium Wildlife","floor":15.0,"turns":3.0},{"damage":0.0,"enemies":"Slime Boss","floor":17.0,"turns":5.0},{"damage":0.0,"enemies":"Spheric Guardian","floor":19.0,"turns":4.0},{"damage":0.0,"enemies":"Slavers","floor":24.0,"turns":5.0},{"damage":0.0,"enemies":"Gremlin Leader","floor":26.0,"turns":4.0},{"damage":12.0,"enemies":"Slavers","floor":29.0,"turns":5.0},{"damage":0.0,"enemies":"2 Thieves","floor":30.0,"turns":3.0},{"damage":11.0,"enemies":"Gremlin Leader","floor":31.0,"turns":3.0},{"damage":0.0,"enemies":"Centurion and Healer","floor":32.0,"turns":4.0},{"damage":0.0,"enemies":"Automaton","floor":35.0,"turns":3.0},{"damage":3.0,"enemies":"3 Shapes","floor":37.0,"turns":3.0},{"damage":6.0,"enemies":"2 Orb Walkers","floor":38.0,"turns":3.0},{"damage":0.0,"enemies":"3 Darklings","floor":40.0,"turns":3.0},{"damage":0.0,"enemies":"Giant Head","floor":42.0,"turns":3.0},{"damage":0.0,"enemies":"Sphere and 2 Shapes","floor":43.0,"turns":3.0},{"damage":0.0,"enemies":"Nemesis","floor":47.0,"turns":3.0},{"damage":0.0,"enemies":"Writhing Mass","floor":48.0,"turns":2.0},{"damage":23.0,"enemies":"Reptomancer","floor":50.0,"turns":5.0},{"damage":0.0,"enemies":"Spire Growth","floor":51.0,"turns":3.0},{"damage":16.0,"enemies":"Time Eater","floor":53.0,"turns":5.0},{"damage":0.0,"enemies":"Awakened One","floor":54.0,"turns":5.0},{"damage":9.0,"enemies":"Shield and Spear","floor":58.0,"turns":4.0},{"damage":6,"enemies":"The Heart","floor":59,"turns":5}],"seed_played":"7693332571846188748","potions_obtained":[{"floor":1.0,"key":"Fruit Juice"},{"floor":2.0,"key":"EssenceOfSteel"},{"floor":2.0,"key":"SpeedPotion"},{"floor":6.0,"key":"LiquidBronze"},{"floor":12.0,"key":"PowerPotion"},{"floor":17.0,"key":"LiquidBronze"},{"floor":19.0,"key":"Block Potion"},{"floor":24.0,"key":"AttackPotion"},{"floor":31.0,"key":"Block Potion"},{"floor":40.0,"key":"Ancient Potion"}],"is_trial":false,"path_per_floor":["M","?","$","M","M","E","M","E","T","T","E","M","E","?","M","R","B",null,"M","?","?","$","?","E","R","E","T","T","E","M","E","M","$","R","B",null,"M","?","$","M","?","E","M","R","T","T","E","M","R","E","M","R","B","B",null,"R","$","E","B",null],"character_chosen":"IRONCLAD","items_purchased":["Whirlwind","Singing Bowl","War Paint","Offering"],"campfire_rested":0,"item_purchase_floors":[3,22,33,57],"current_hp_per_floor":[79,79,79,80,80,80,80,80,80,80,80,80,80,80,74,74,80,80,80,80,80,80,80,82,82,84,84,84,80,90,87,96,96,96,98,98,102,104,104,108,108,110,114,114,114,114,116,120,120,105,115,115,116,126,126,126,126,125,128],"gold":90,"neow_bonus":"REMOVE_CARD","is_prod":false,"is_daily":false,"chose_seed":false,"campfire_upgraded":4,"win_rate":0,"timestamp":1555262506,"path_taken":["M","?","?","M","M","E","M","E","T","E","M","E","?","?","R","BOSS","M","?","?","?","?","E","R","E","T","E","M","E","?","$","R","BOSS","M","?","$","M","?","E","M","R","T","E","?","R","E","M","R","BOSS","BOSS","R","$","E","BOSS"],"build_version":"2019-01-23","purchased_purges":2,"victory":true,"max_hp_per_floor":[80,80,80,80,80,80,80,80,80,80,80,80,80,80,80,80,80,80,80,80,80,80,80,82,82,84,84,84,86,90,92,96,96,96,98,98,102,104,104,108,108,110,114,114,114,114,116,120,120,122,126,126,126,126,126,126,126,128,128],"card_choices":[{"not_picked":["Body Slam","Warcry","Perfected Strike"],"picked":"SKIP","floor":1.0},{"not_picked":["Body Slam","Headbutt","Thunderclap"],"picked":"SKIP","floor":4.0},{"not_picked":["Warcry","Iron Wave","Body Slam"],"picked":"SKIP","floor":5.0},{"not_picked":["Clash","Flame Barrier","Hemokinesis"],"picked":"SKIP","floor":6.0},{"not_picked":["Entrench","Pommel Strike"],"picked":"Barricade","floor":7.0},{"not_picked":["Cleave","Second Wind"],"picked":"Evolve","floor":11.0},{"not_picked":["Dropkick","Body Slam","Havoc"],"picked":"SKIP","floor":12.0},{"not_picked":["Uppercut","Rupture","Perfected Strike"],"picked":"SKIP","floor":13.0},{"not_picked":["Havoc","Cleave"],"picked":"Battle Trance","floor":15.0},{"not_picked":["Heavy Blade"],"picked":"SKIP","floor":19.0},{"not_picked":["Intimidate"],"picked":"Singing Bowl","floor":24.0},{"not_picked":["Shrug It Off"],"picked":"Singing Bowl","floor":26.0},{"not_picked":["Heavy Blade"],"picked":"Singing Bowl","floor":29.0},{"not_picked":["Perfected Strike"],"picked":"Singing Bowl","floor":30.0},{"not_picked":["Searing Blow"],"picked":"Singing Bowl","floor":30.0},{"not_picked":["Twin Strike"],"picked":"Singing Bowl","floor":31.0},{"not_picked":["Thunderclap"],"picked":"Singing Bowl","floor":32.0},{"not_picked":["Uppercut"],"picked":"Singing Bowl","floor":32.0},{"not_picked":["Double Tap"],"picked":"Singing Bowl","floor":35.0},{"not_picked":["Burning Pact"],"picked":"Singing Bowl","floor":37.0},{"not_picked":["Searing Blow"],"picked":"Singing Bowl","floor":37.0},{"not_picked":["Corruption+1"],"picked":"Singing Bowl","floor":38.0},{"not_picked":["Anger"],"picked":"Singing Bowl","floor":40.0},{"not_picked":["Entrench+1"],"picked":"Singing Bowl","floor":40.0},{"not_picked":["Sword Boomerang"],"picked":"Singing Bowl","floor":42.0},{"not_picked":["Sentinel"],"picked":"Singing Bowl","floor":43.0},{"not_picked":["Twin Strike"],"picked":"Singing Bowl","floor":43.0},{"not_picked":["Iron Wave"],"picked":"Singing Bowl","floor":47.0},{"not_picked":["Pummel"],"picked":"Singing Bowl","floor":48.0},{"not_picked":["Sever Soul"],"picked":"Singing Bowl","floor":48.0},{"not_picked":["Power Through"],"picked":"Singing Bowl","floor":50.0},{"not_picked":["Thunderclap"],"picked":"Singing Bowl","floor":51.0},{"not_picked":["Armaments"],"picked":"Singing Bowl","floor":51.0},{"not_picked":["Searing Blow+1"],"picked":"Singing Bowl","floor":58.0}],"player_experience":3145129,"relics_obtained":[{"floor":6.0,"key":"Peace Pipe"},{"floor":8.0,"key":"Oddly Smooth Stone"},{"floor":9.0,"key":"Lantern"},{"floor":11.0,"key":"Art of War"},{"floor":13.0,"key":"PreservedInsect"},{"floor":24.0,"key":"Pen Nib"},{"floor":26.0,"key":"Prayer Wheel"},{"floor":27.0,"key":"Bronze Scales"},{"floor":29.0,"key":"Dodecahedron"},{"floor":31.0,"key":"Pantograph"},{"floor":36.0,"key":"Anchor"},{"floor":36.0,"key":"Mummified Hand"},{"floor":38.0,"key":"Ginger"},{"floor":42.0,"key":"Omamori"},{"floor":47.0,"key":"Dream Catcher"},{"floor":50.0,"key":"Bottled Tornado"},{"floor":58.0,"key":"Happy Flower"}],"event_choices":[{"damage_healed":0.0,"max_hp_gain":0.0,"max_hp_loss":0.0,"gold_gain":0.0,"event_name":"Lab","player_choice":"Got Potions","floor":2.0,"gold_loss":0.0,"damage_taken":0.0},{"cards_removed":["Battle Trance"],"damage_healed":0.0,"max_hp_gain":0.0,"max_hp_loss":0.0,"gold_gain":0.0,"event_name":"WeMeetAgain","player_choice":"Gave Card","floor":14.0,"gold_loss":0.0,"damage_taken":0.0,"relics_obtained":["Kunai"]},{"cards_removed":["Immolate"],"damage_healed":0.0,"max_hp_gain":0.0,"max_hp_loss":0.0,"gold_gain":0.0,"event_name":"Beggar","player_choice":"Gave Gold","floor":20.0,"gold_loss":75.0,"damage_taken":0.0},{"damage_healed":0.0,"max_hp_gain":0.0,"max_hp_loss":0.0,"gold_gain":0.0,"event_name":"Vampires","player_choice":"Ignored","floor":21.0,"gold_loss":0.0,"damage_taken":0.0},{"cards_removed":["True Grit"],"damage_healed":0.0,"max_hp_gain":0.0,"max_hp_loss":0.0,"gold_gain":0.0,"event_name":"Purifier","player_choice":"Purged","floor":23.0,"gold_loss":0.0,"damage_taken":0.0},{"damage_healed":0.0,"max_hp_gain":0.0,"max_hp_loss":0.0,"gold_gain":0.0,"event_name":"Mysterious Sphere","player_choice":"Fight","floor":38.0,"gold_loss":0.0,"damage_taken":0.0},{"damage_healed":0.0,"max_hp_gain":0.0,"max_hp_loss":0.0,"gold_gain":0.0,"event_name":"Duplicator","player_choice":"Ignored","floor":41.0,"gold_loss":0.0,"damage_taken":0.0}],"is_beta":false,"boss_relics":[{"not_picked":["Fusion Hammer","Tiny House"],"picked":"Busted Crown"},{"not_picked":["Orrery","Black Blood"],"picked":"Calling Bell"}],"items_purged_floors":[33,39],"is_endless":false,"potions_floor_spawned":[1,6,7,12,17,19,24,31,35,40,42,43,47,50,51],"ascension_level":20}