{"gold_per_floor":[109,74,74,74,149,181,181,181,181,191,191,191,204,204],"floor_reached":14,"playtime":580,"items_purged":[],"score":222,"play_id":"d208b398-8a85-4e78-a1b8-9a2c482c35a8","local_time":"20190408142949","is_ascension_mode":true,"campfire_choices":[{"data":"Zap","floor":8.0,"key":"SMITH"},{"floor":11,"key":"REST"}],"neow_cost":"NONE","seed_source_timestamp":0,"circlet_count":0,"master_deck":["AscendersBane","Strike_B","Strike_B","Strike_B","Defend_B","Defend_B+1","Defend_B","Defend_B","Zap+1","Dualcast+1","Cold Snap","Coolheaded"],"special_seed":0,"relics":["Cracked Core","NeowsBlessing","The Courier"],"potions_floor_usage":[],"damage_taken":[{"damage":0.0,"enemies":"Small Slimes","floor":1.0,"turns":1.0},{"damage":0.0,"enemies":"Lagavulin","floor":6.0,"turns":1.0},{"damage":0.0,"enemies":"2 Louse","floor":10.0,"turns":1.0},{"damage":0,"enemies":"Jaw Worm","floor":13,"turns":4},{"damage":0,"enemies":"Gremlin Gang","floor":14,"turns":1}],"seed_played":"-4020021097032920597","potions_obtained":[{"floor":6.0,"key":"GamblersBrew"},{"floor":10.0,"key":"FearPotion"}],"is_trial":false,"path_per_floor":["M","?","$","?","?","E","$","R","T","M","R","?","M","M"],"character_chosen":"DEFECT","items_purchased":[],"campfire_rested":1,"item_purchase_floors":[],"current_hp_per_floor":[64,71,71,50,39,39,39,39,39,39,60,60,60,60],"gold":204,"neow_bonus":"THREE_ENEMY_KILL","is_prod":false,"is_daily":false,"chose_seed":false,"campfire_upgraded":1,"win_rate":0,"timestamp":1554701389,"path_taken":["M","?","$","?","?","E","$","R","T","M","R","?","M","?"],"build_version":"2019-01-23","purchased_purges":0,"victory":false,"max_hp_per_floor":[71,71,71,71,71,71,71,71,71,71,71,71,71,71],"card_choices":[{"not_picked":["Stack","Sweeping Beam","Barrage"],"picked":"SKIP","floor":1.0},{"not_picked":["Auto Shields","Stack"],"picked":"Cold Snap","floor":6.0},{"not_picked":["Compile Driver","Barrage","Turbo"],"picked":"SKIP","floor":10.0},{"not_picked":["Turbo","Ball Lightning"],"picked":"Coolheaded","floor":13}],"player_experience":2977721,"relics_obtained":[{"floor":6.0,"key":"The Courier"}],"event_choices":[{"damage_healed":17.0,"max_hp_gain":0.0,"max_hp_loss":0.0,"gold_gain":0.0,"event_name":"The Cleric","player_choice":"Healed","floor":2.0,"gold_loss":35.0,"damage_taken":0.0},{"damage_healed":0.0,"max_hp_gain":0.0,"max_hp_loss":0.0,"gold_gain":0.0,"event_name":"Shining Light","player_choice":"Entered Light","floor":4.0,"gold_loss":0.0,"damage_taken":21.0,"cards_upgraded":["Dualcast","Defend_B"]},{"damage_healed":0.0,"max_hp_gain":0.0,"max_hp_loss":0.0,"gold_gain":75.0,"event_name":"World of Goop","player_choice":"Gather Gold","floor":5.0,"gold_loss":0.0,"damage_taken":11.0},{"cards_removed":["Strike_B"],"damage_healed":0,"gold_gain":0,"player_choice":"Forget","damage_taken":0,"max_hp_gain":0,"max_hp_loss":0,"event_name":"Living Wall","floor":12,"gold_loss":0}],"is_beta":false,"boss_relics":[],"items_purged_floors":[],"is_endless":false,"potions_floor_spawned":[6,10],"killed_by":"Gremlin Gang","ascension_level":20}