{"gold_per_floor":[109,109,57,75,75,75,104,123,147,160,176,176,210,135,135,212,212,222,91,61,61,61,61,61,61,112,112],"floor_reached":27,"playtime":520,"items_purged":[],"score":534,"play_id":"b919774e-3dca-4816-bb6e-ea88cf42462e","local_time":"20190405190146","is_ascension_mode":true,"campfire_choices":[{"data":"Streamline","floor":6.0,"key":"SMITH"},{"data":"Defragment","floor":12,"key":"SMITH"},{"data":"Loop","floor":15,"key":"SMITH"},{"floor":23,"key":"REST"},{"data":"Sunder","floor":25,"key":"SMITH"}],"neow_cost":"NONE","seed_source_timestamp":633251901235100,"circlet_count":0,"master_deck":["AscendersBane","Strike_B","Strike_B","Strike_B+1","Defend_B","Defend_B+1","Defend_B","Defend_B+1","Zap","Dualcast","FTL+1","Glacier","Loop+1","Sunder+1","Defragment+1","Reboot","Coolheaded","Self Repair","Turbo"],"special_seed":0,"relics":["Cracked Core","NeowsBlessing","War Paint","Shuriken","Inserter","Dodecahedron","Orichalcum","Whetstone"],"potions_floor_usage":[16,18,27],"damage_taken":[{"damage":0.0,"enemies":"Cultist","floor":1.0,"turns":1.0},{"damage":0.0,"enemies":"Jaw Worm","floor":4.0,"turns":1.0},{"damage":0.0,"enemies":"Gremlin Nob","floor":7.0,"turns":1.0},{"damage":0.0,"enemies":"2 Louse","floor":8.0,"turns":2.0},{"damage":25.0,"enemies":"Exordium Thugs","floor":10.0,"turns":4.0},{"damage":0,"enemies":"Looter","floor":11,"turns":3},{"damage":0,"enemies":"Lagavulin","floor":13,"turns":6},{"damage":30,"enemies":"Slime Boss","floor":16,"turns":6},{"damage":38,"enemies":"3 Byrds","floor":18,"turns":7},{"damage":41,"enemies":"Book of Stabbing","floor":27,"turns":4}],"seed_played":"-2348425080457303079","potions_obtained":[{"floor":2.0,"key":"Fire Potion"},{"floor":2.0,"key":"GamblersBrew"},{"floor":7.0,"key":"FearPotion"},{"floor":10,"key":"AttackPotion"},{"floor":20,"key":"Block Potion"},{"floor":20,"key":"SpeedPotion"}],"is_trial":false,"path_per_floor":["M","?","$","M","$","R","E","M","T","M","M","R","E","?","R","B",null,"M","$","?","$","T","R","?","R","T","E"],"character_chosen":"DEFECT","items_purchased":["Streamline","Self Repair","Turbo"],"campfire_rested":1,"item_purchase_floors":[3,19,19],"current_hp_per_floor":[64,64,64,64,64,64,64,64,64,39,39,39,39,39,39,9,56,18,18,18,18,18,39,39,39,39,0],"gold":112,"neow_bonus":"THREE_ENEMY_KILL","is_prod":false,"is_daily":false,"chose_seed":false,"campfire_upgraded":4,"win_rate":0,"timestamp":1554458506,"path_taken":["M","?","$","M","?","R","E","M","T","M","M","R","E","?","R","BOSS","M","$","?","$","?","R","?","R","T","E"],"build_version":"2019-01-23","purchased_purges":0,"victory":false,"max_hp_per_floor":[71,71,71,71,71,71,71,71,71,71,71,71,71,71,71,71,71,71,71,71,71,71,71,71,71,71,71],"card_choices":[{"not_picked":["Hologram","Force Field"],"picked":"FTL","floor":1.0},{"not_picked":["Double Energy","Blizzard"],"picked":"Glacier","floor":4.0},{"not_picked":["Auto Shields","Hologram"],"picked":"Loop","floor":7.0},{"not_picked":["Beam Cell","Force Field"],"picked":"Sunder","floor":8.0},{"not_picked":["Auto Shields","Stack"],"picked":"Defragment","floor":10},{"not_picked":["Sweeping Beam","Barrage","Static Discharge"],"picked":"SKIP","floor":11},{"not_picked":["BootSequence","Chaos","Leap"],"picked":"SKIP","floor":13},{"not_picked":["Fission","Rainbow"],"picked":"Reboot","floor":16},{"not_picked":["Beam Cell","Sweeping Beam"],"picked":"Coolheaded","floor":18}],"player_experience":2892408,"relics_obtained":[{"floor":7.0,"key":"War Paint"},{"floor":13,"key":"Shuriken"},{"floor":22,"key":"Dodecahedron"},{"floor":26,"key":"Whetstone"}],"event_choices":[{"damage_healed":0.0,"max_hp_gain":0.0,"max_hp_loss":0.0,"gold_gain":0.0,"event_name":"Lab","player_choice":"Got Potions","floor":2.0,"gold_loss":0.0,"damage_taken":0.0},{"cards_removed":["Strike_B"],"damage_healed":0,"gold_gain":0,"player_choice":"Card Removal","damage_taken":0,"max_hp_gain":0,"max_hp_loss":0,"event_name":"The Cleric","floor":14,"gold_loss":75},{"damage_healed":0,"gold_gain":0,"player_choice":"Bought 2 Potions","damage_taken":0,"max_hp_gain":0,"max_hp_loss":0,"event_name":"The Woman in Blue","floor":20,"gold_loss":0},{"cards_removed":["Streamline"],"damage_healed":0,"gold_gain":0,"player_choice":"Gave Card","damage_taken":0,"relics_obtained":["Orichalcum"],"max_hp_gain":0,"max_hp_loss":0,"event_name":"WeMeetAgain","floor":24,"gold_loss":0}],"is_beta":false,"boss_relics":[{"not_picked":["Coffee Dripper","Calling Bell"],"picked":"Inserter"}],"items_purged_floors":[],"is_endless":false,"potions_floor_spawned":[7,8,10,11],"killed_by":"Book of Stabbing","ascension_level":20}