{"gold_per_floor":[111,111,123,141,141,172,172,204,204,44,76,76,29,41,41,117,117,132,144,144,164,164,164,190,190,190,221,15,65,65,78,78,78],"floor_reached":33,"playtime":574,"items_purged":[],"score":652,"play_id":"0fb6a691-ebaa-4821-a306-3177bb8a1b0f","local_time":"20190426204811","is_ascension_mode":true,"campfire_choices":[{"data":"Perfected Strike","floor":12,"key":"SMITH"},{"data":"Perfected Strike","floor":15,"key":"SMITH"},{"data":"Immolate","floor":23,"key":"SMITH"},{"data":"Armaments","floor":25,"key":"SMITH"},{"data":"Perfected Strike","floor":32,"key":"SMITH"}],"neow_cost":"NONE","seed_source_timestamp":377832554137500,"circlet_count":0,"master_deck":["AscendersBane","Strike_R","Strike_R","Strike_R","Strike_R","Strike_R","Defend_R+1","Defend_R","Defend_R","Pommel Strike","Immolate+1","Perfected Strike+1","Perfected Strike+1","Impervious","Pommel Strike","Wild Strike","Pommel Strike","Offering","Dual Wield+1","Perfected Strike+1","Twin Strike","Entrench+1","Brutality","Armaments+1","PanicButton","Twin Strike+1","Twin Strike"],"relics":["Burning Blood","NeowsBlessing","Prayer Wheel","Centennial Puzzle","Bottled Flame","Meat on the Bone","Singing Bowl","Blood Vial","The Courier","Velvet Choker","Ancient Tea Set","War Paint","Sundial","PreservedInsect"],"potions_floor_usage":[6,16,33,33],"damage_taken":[{"damage":0,"enemies":"2 Louse","floor":1,"turns":1},{"damage":0,"enemies":"Cultist","floor":3,"turns":1},{"damage":0,"enemies":"Jaw Worm","floor":4,"turns":1},{"damage":27,"enemies":"Gremlin Nob","floor":6,"turns":4},{"damage":15,"enemies":"3 Sentries","floor":8,"turns":4},{"damage":8,"enemies":"Gremlin Nob","floor":11,"turns":3},{"damage":8,"enemies":"Blue Slaver","floor":14,"turns":2},{"damage":48,"enemies":"Hexaghost","floor":16,"turns":7},{"damage":11,"enemies":"Spheric Guardian","floor":18,"turns":3},{"damage":0,"enemies":"Chosen","floor":19,"turns":2},{"damage":10,"enemies":"Centurion and Healer","floor":21,"turns":3},{"damage":26,"enemies":"Slavers","floor":24,"turns":3},{"damage":6,"enemies":"Gremlin Leader","floor":27,"turns":2},{"damage":24,"enemies":"Snake Plant","floor":31,"turns":2},{"damage":64,"enemies":"Champ","floor":33,"turns":6}],"seed_played":"-4187476480789254417","potions_obtained":[{"floor":4,"key":"Block Potion"},{"floor":8,"key":"Energy Potion"},{"floor":16,"key":"AttackPotion"},{"floor":19,"key":"Energy Potion"}],"is_trial":false,"path_per_floor":["M","?","M","M","?","E","T","E","T","$","E","R","$","M","R","B",null,"M","M","?","M","?","R","E","R","T","E","$","?","?","M","R","B"],"character_chosen":"IRONCLAD","items_purchased":["Blood Vial","Wild Strike","PreservedInsect","PanicButton"],"campfire_rested":0,"item_purchase_floors":[10,13,28,28],"current_hp_per_floor":[74,74,75,75,70,49,49,52,52,52,52,52,52,54,54,26,64,61,71,71,73,49,49,43,43,43,59,59,59,59,55,55,0],"gold":78,"neow_bonus":"THREE_ENEMY_KILL","is_prod":false,"is_daily":false,"chose_seed":false,"campfire_upgraded":5,"win_rate":0,"timestamp":1556279291,"path_taken":["M","?","M","?","?","E","?","E","T","$","E","R","?","M","R","BOSS","M","M","?","M","?","R","E","R","T","E","$","?","?","?","R","BOSS"],"build_version":"2019-01-23","purchased_purges":0,"victory":false,"max_hp_per_floor":[75,75,75,75,75,75,75,75,75,75,75,75,75,77,77,77,77,77,79,79,83,88,88,88,88,88,90,90,90,90,90,90,90],"card_choices":[{"not_picked":["Anger","Searing Blow"],"picked":"True Grit","floor":1},{"not_picked":["Heavy Blade","Armaments"],"picked":"Pommel Strike","floor":3},{"not_picked":["Infernal Blade","Twin Strike","Havoc"],"picked":"SKIP","floor":3},{"not_picked":["Clothesline","True Grit"],"picked":"Immolate","floor":4},{"not_picked":["Iron Wave","Cleave"],"picked":"Perfected Strike","floor":4},{"not_picked":["True Grit","Inflame"],"picked":"Perfected Strike","floor":6},{"not_picked":["Battle Trance","True Grit"],"picked":"Impervious","floor":8},{"not_picked":["Searing Blow","Second Wind"],"picked":"Pommel Strike","floor":11},{"not_picked":["Sword Boomerang","Cleave"],"picked":"Pommel Strike","floor":14},{"not_picked":["Infernal Blade","Body Slam","Warcry"],"picked":"Singing Bowl","floor":14},{"not_picked":["Bludgeon","Exhume"],"picked":"Offering","floor":16},{"not_picked":["Heavy Blade","Flex"],"picked":"Dual Wield","floor":18},{"not_picked":["Rage","Seeing Red"],"picked":"Perfected Strike","floor":18},{"not_picked":["Cleave","Infernal Blade+1","Combust"],"picked":"Singing Bowl","floor":19},{"not_picked":["Body Slam","Heavy Blade"],"picked":"Twin Strike","floor":19},{"not_picked":["Rampage","Searing Blow","Spot Weakness"],"picked":"Singing Bowl","floor":21},{"not_picked":["Cleave","Dropkick","Havoc"],"picked":"Singing Bowl","floor":21},{"not_picked":["Body Slam","Headbutt+1"],"picked":"Armaments","floor":24},{"not_picked":["Clothesline","Heavy Blade","Entrench"],"picked":"Singing Bowl","floor":27},{"not_picked":["Body Slam","Clothesline"],"picked":"Twin Strike+1","floor":31},{"not_picked":["Hemokinesis","Second Wind"],"picked":"Twin Strike","floor":31}],"player_experience":3398946,"relics_obtained":[{"floor":6,"key":"Bottled Flame"},{"floor":7,"key":"Meat on the Bone"},{"floor":8,"key":"Singing Bowl"},{"floor":11,"key":"The Courier"},{"floor":24,"key":"Ancient Tea Set"},{"floor":26,"key":"War Paint"},{"floor":27,"key":"Sundial"}],"event_choices":[{"cards_removed":["True Grit"],"damage_healed":0,"gold_gain":0,"player_choice":"Gave Card","damage_taken":0,"relics_obtained":["Prayer Wheel"],"max_hp_gain":0,"max_hp_loss":0,"event_name":"WeMeetAgain","floor":2,"gold_loss":0},{"damage_healed":0,"gold_gain":0,"player_choice":"Success","damage_taken":5,"relics_obtained":["Centennial Puzzle"],"max_hp_gain":0,"max_hp_loss":0,"event_name":"Scrap Ooze","floor":5,"gold_loss":0},{"damage_healed":0,"gold_gain":0,"cards_transformed":["Defend_R","Bash"],"player_choice":"Became Test Subject","damage_taken":0,"max_hp_gain":0,"max_hp_loss":0,"event_name":"Drug Dealer","floor":20,"gold_loss":0,"cards_obtained":["Entrench","Brutality"]},{"damage_healed":0,"gold_gain":0,"player_choice":"Shed Blood","damage_taken":29,"max_hp_gain":5,"max_hp_loss":0,"event_name":"Forgotten Altar","floor":22,"gold_loss":0},{"damage_healed":0,"gold_gain":50,"player_choice":"Stole From Cult","damage_taken":0,"max_hp_gain":0,"max_hp_loss":0,"event_name":"Nest","floor":29,"gold_loss":0},{"damage_healed":0,"gold_gain":0,"player_choice":"Upgraded","damage_taken":0,"max_hp_gain":0,"max_hp_loss":0,"event_name":"Upgrade Shrine","floor":30,"gold_loss":0,"cards_upgraded":["Dual Wield"]}],"is_beta":false,"boss_relics":[{"not_picked":["Lizard Tail","Fusion Hammer"],"picked":"Velvet Choker"}],"items_purged_floors":[],"is_endless":false,"potions_floor_spawned":[4,8,16,19,21,27,31],"killed_by":"Champ","ascension_level":20}