{"gold_per_floor":[119,119,137,137,207,234,359,409,462,512,532,156,184,198,198,275,275,285,305,355],"floor_reached":20,"playtime":713,"items_purged":["Strike_R"],"score":368,"play_id":"3ba5f187-68ed-4b72-a2a2-a2d367deffe5","local_time":"20190329122645","is_ascension_mode":true,"campfire_choices":[{"data":"True Grit","floor":15,"key":"SMITH"}],"neow_cost":"TEN_PERCENT_HP_LOSS","seed_source_timestamp":4564476047000,"circlet_count":0,"master_deck":["AscendersBane","Strike_R","Strike_R","Strike_R","Defend_R","Defend_R","Defend_R","Defend_R","Bash","Demon Form","True Grit+1","Whirlwind","Demon Form","Battle Trance","Feel No Pain","Offering","Feel No Pain","Burning Pact+1"],"relics":["Burning Blood","SsserpentHead","Centennial Puzzle","Juzu Bracelet","Lantern","Incense Burner","Cursed Key"],"potions_floor_usage":[6,13,16,20],"damage_taken":[{"damage":9,"enemies":"Jaw Worm","floor":1,"turns":5},{"damage":7,"enemies":"Cultist","floor":3,"turns":4},{"damage":0,"enemies":"2 Louse","floor":5,"turns":3},{"damage":37,"enemies":"Lagavulin","floor":6,"turns":8},{"damage":12,"enemies":"Large Slime","floor":11,"turns":5},{"damage":13,"enemies":"3 Sentries","floor":13,"turns":7},{"damage":0,"enemies":"3 Louse","floor":14,"turns":1},{"damage":15,"enemies":"The Guardian","floor":16,"turns":11},{"damage":19,"enemies":"Spheric Guardian","floor":18,"turns":7},{"damage":28,"enemies":"Shell Parasite","floor":19,"turns":6},{"damage":18,"enemies":"Masked Bandits","floor":20,"turns":2}],"seed_played":"1687475182060020962","potions_obtained":[{"floor":1,"key":"Fire Potion"},{"floor":3,"key":"AttackPotion"},{"floor":13,"key":"Dexterity Potion"}],"is_trial":false,"path_per_floor":["M","$","M","?","M","E","?","?","T","?","M","$","E","M","R","B",null,"M","M","?"],"character_chosen":"IRONCLAD","items_purchased":["Lantern","Feel No Pain","PowerPotion"],"campfire_rested":0,"item_purchase_floors":[12,12,12],"current_hp_per_floor":[65,65,64,64,68,37,26,19,19,41,35,35,28,34,34,25,57,44,22,4],"gold":355,"neow_bonus":"THREE_RARE_CARDS","is_prod":false,"is_daily":false,"chose_seed":false,"campfire_upgraded":1,"win_rate":0,"timestamp":1553830005,"path_taken":["M","$","M","?","?","E","?","?","T","?","M","$","E","M","R","BOSS","M","M","?"],"build_version":"2019-01-23","purchased_purges":1,"victory":false,"max_hp_per_floor":[68,68,68,68,68,68,68,68,68,68,68,68,68,68,68,68,68,68,68,68],"card_choices":[{"not_picked":["Offering","Limit Break"],"picked":"Demon Form","floor":0},{"not_picked":["Hemokinesis","Havoc"],"picked":"True Grit","floor":1},{"not_picked":["Pommel Strike","Battle Trance"],"picked":"Whirlwind","floor":3},{"not_picked":["Sentinel","Headbutt","Anger"],"picked":"SKIP","floor":5},{"not_picked":["Combust","Headbutt"],"picked":"Demon Form","floor":6},{"not_picked":["Reckless Charge","Spot Weakness"],"picked":"Battle Trance","floor":11},{"not_picked":["Clash","Burning Pact","Sword Boomerang"],"picked":"SKIP","floor":13},{"not_picked":["Perfected Strike","Whirlwind","Headbutt"],"picked":"SKIP","floor":14},{"not_picked":["Limit Break","Exhume"],"picked":"Offering","floor":16},{"not_picked":["Infernal Blade","Heavy Blade+1"],"picked":"Feel No Pain","floor":18},{"not_picked":["Clash","Cleave","Burning Pact+1"],"picked":"SKIP","floor":19},{"not_picked":["Clash","Cleave"],"picked":"Burning Pact+1","floor":19}],"player_experience":2699270,"relics_obtained":[{"floor":6,"key":"Centennial Puzzle"},{"floor":9,"key":"Juzu Bracelet"},{"floor":13,"key":"Incense Burner"}],"event_choices":[{"damage_healed":0,"gold_gain":0,"player_choice":"Trade","damage_taken":0,"relics_obtained":["SsserpentHead"],"max_hp_gain":0,"max_hp_loss":0,"event_name":"FaceTrader","floor":4,"gold_loss":0},{"damage_healed":0,"gold_gain":75,"player_choice":"Gather Gold","damage_taken":11,"max_hp_gain":0,"max_hp_loss":0,"event_name":"World of Goop","floor":7,"gold_loss":0},{"cards_removed":["Strike_R"],"damage_healed":0,"gold_gain":0,"player_choice":"Card Removal","damage_taken":7,"max_hp_gain":0,"max_hp_loss":0,"event_name":"Golden Wing","floor":8,"gold_loss":0},{"damage_healed":22,"gold_gain":0,"player_choice":"Banana","damage_taken":0,"max_hp_gain":0,"max_hp_loss":0,"event_name":"Big Fish","floor":10,"gold_loss":0},{"damage_healed":0,"gold_gain":0,"player_choice":"Fought Bandits","damage_taken":0,"max_hp_gain":0,"max_hp_loss":0,"event_name":"Masked Bandits","floor":20,"gold_loss":0}],"is_beta":false,"boss_relics":[{"not_picked":["Runic Pyramid","Black Star"],"picked":"Cursed Key"}],"items_purged_floors":[12],"is_endless":false,"potions_floor_spawned":[1,3,13,14],"killed_by":"Masked Bandits","ascension_level":20}