{"gold_per_floor":[119,194,204,273,285,285,15,15,15,15,32,55,55,0,0,74,74,87,87,112,132,132,132,152,179,179,179,189,114,124,136,136,136],"floor_reached":33,"playtime":974,"items_purged":[],"score":520,"play_id":"3281b6ac-2590-4dc5-b612-459b0346cd07","local_time":"20190411213135","is_ascension_mode":true,"campfire_choices":[{"data":"Feed","floor":6,"key":"SMITH"},{"data":"Apotheosis","floor":8,"key":"SMITH"},{"data":"Shrug It Off","floor":13,"key":"SMITH"},{"floor":15,"key":"REST"},{"floor":23,"key":"REST"},{"data":"Corruption","floor":27,"key":"SMITH"},{"floor":32,"key":"REST"}],"neow_cost":"PERCENT_DAMAGE","seed_source_timestamp":415454148482700,"circlet_count":0,"master_deck":["AscendersBane","Strike_R","Defend_R","Defend_R","Defend_R","Defend_R","Bash","Feed","Shrug It Off","Feed+1","Apotheosis+1","Shrug It Off+1","Second Wind","Body Slam","Offering","Carnage+1","Berserk+1","Burning Pact+1","Dropkick","Corruption+1","Shrug It Off","Warcry+1","Infernal Blade"],"relics":["Burning Blood","Mercury Hourglass","Odd Mushroom","Astrolabe","Red Mask","Vajra"],"potions_floor_usage":[16,20,24,33,33],"damage_taken":[{"damage":24,"enemies":"Jaw Worm","floor":1,"turns":4},{"damage":7,"enemies":"Small Slimes","floor":3,"turns":4},{"damage":0,"enemies":"2 Louse","floor":5,"turns":3},{"damage":12,"enemies":"Large Slime","floor":11,"turns":6},{"damage":5,"enemies":"The Mushroom Lair","floor":12,"turns":3},{"damage":63,"enemies":"The Guardian","floor":16,"turns":15},{"damage":28,"enemies":"Shell Parasite","floor":18,"turns":5},{"damage":33,"enemies":"Masked Bandits","floor":20,"turns":3},{"damage":16,"enemies":"Spheric Guardian","floor":21,"turns":5},{"damage":18,"enemies":"Shelled Parasite and Fungi","floor":24,"turns":3},{"damage":31,"enemies":"Cultist and Chosen","floor":28,"turns":7},{"damage":14,"enemies":"Snake Plant","floor":30,"turns":4},{"damage":31,"enemies":"3 Cultists","floor":31,"turns":5},{"damage":44,"enemies":"Collector","floor":33,"turns":4}],"seed_played":"8409815147720033356","potions_obtained":[{"floor":11,"key":"SteroidPotion"},{"floor":21,"key":"AttackPotion"},{"floor":28,"key":"AttackPotion"},{"floor":31,"key":"Poison Potion"}],"is_trial":false,"path_per_floor":["M","?","M","?","M","R","$","R","T","$","M","?","R","$","R","B",null,"M","?","?","M","?","R","M","T","T","R","M","?","M","M","R","B"],"character_chosen":"IRONCLAD","items_purchased":["Apotheosis","Shrug It Off","PowerPotion"],"campfire_rested":3,"item_purchase_floors":[7,7,14],"current_hp_per_floor":[35,24,26,26,35,35,35,35,35,35,37,46,46,46,76,23,84,66,66,43,37,37,71,63,63,63,63,46,46,42,21,61,17],"gold":136,"neow_bonus":"THREE_RARE_CARDS","is_prod":false,"is_daily":false,"chose_seed":false,"campfire_upgraded":4,"win_rate":0,"timestamp":1554985895,"path_taken":["M","?","M","?","M","R","$","R","T","$","M","?","R","?","R","BOSS","M","?","?","M","?","R","M","?","T","R","?","?","M","M","R","BOSS"],"build_version":"2019-01-23","purchased_purges":0,"victory":false,"max_hp_per_floor":[78,78,81,81,84,84,84,84,84,84,92,100,100,100,100,104,104,108,108,112,116,116,116,120,120,120,120,128,128,132,136,136,136],"card_choices":[{"not_picked":["Limit Break","Berserk"],"picked":"Feed","floor":0},{"not_picked":["Heavy Blade","Headbutt"],"picked":"Shrug It Off","floor":1},{"not_picked":["Rupture","Combust","Clothesline"],"picked":"SKIP","floor":3},{"not_picked":["Wild Strike","Feel No Pain"],"picked":"Feed","floor":5},{"not_picked":["Heavy Blade","Armaments"],"picked":"Second Wind","floor":11},{"not_picked":["Headbutt","Dual Wield"],"picked":"Body Slam","floor":12},{"not_picked":["Juggernaut","Brutality"],"picked":"Offering","floor":16},{"not_picked":["Fire Breathing","Shrug It Off"],"picked":"Dropkick","floor":18},{"not_picked":["Corruption","Clash"],"picked":"Shrug It Off","floor":20},{"not_picked":["Clash","Power Through","Sever Soul"],"picked":"SKIP","floor":21},{"not_picked":["Body Slam","Flex","Twin Strike"],"picked":"SKIP","floor":24},{"not_picked":["Cleave","Sever Soul+1","Whirlwind"],"picked":"SKIP","floor":28},{"not_picked":["Havoc","Cleave"],"picked":"Warcry+1","floor":30},{"not_picked":["Combust","Spot Weakness"],"picked":"Infernal Blade","floor":31}],"player_experience":3065367,"relics_obtained":[{"floor":9,"key":"Mercury Hourglass"},{"floor":12,"key":"Odd Mushroom"},{"floor":20,"key":"Red Mask"},{"floor":25,"key":"Vajra"}],"event_choices":[{"damage_healed":0,"gold_gain":75,"player_choice":"Gather Gold","damage_taken":11,"max_hp_gain":0,"max_hp_loss":0,"event_name":"World of Goop","floor":2,"gold_loss":0},{"damage_healed":0,"gold_gain":69,"player_choice":"Gained Gold","damage_taken":0,"max_hp_gain":0,"max_hp_loss":0,"event_name":"Golden Wing","floor":4,"gold_loss":0},{"damage_healed":0,"gold_gain":0,"player_choice":"Fought Mushrooms","damage_taken":0,"max_hp_gain":0,"max_hp_loss":0,"event_name":"Mushrooms","floor":12,"gold_loss":0},{"damage_healed":0,"gold_gain":0,"player_choice":"Read","damage_taken":0,"max_hp_gain":0,"max_hp_loss":0,"event_name":"The Library","floor":19,"gold_loss":0,"cards_obtained":["Corruption"]},{"damage_healed":0,"gold_gain":0,"player_choice":"Fought Bandits","damage_taken":0,"max_hp_gain":0,"max_hp_loss":0,"event_name":"Masked Bandits","floor":20,"gold_loss":0},{"damage_healed":0,"gold_gain":0,"player_choice":"Ignored","damage_taken":0,"max_hp_gain":0,"max_hp_loss":0,"event_name":"Vampires","floor":22,"gold_loss":0},{"cards_removed":["Strike_R"],"damage_healed":0,"gold_gain":0,"player_choice":"Gave Gold","damage_taken":0,"max_hp_gain":0,"max_hp_loss":0,"event_name":"Beggar","floor":29,"gold_loss":75}],"is_beta":false,"boss_relics":[{"not_picked":["Orrery","Black Blood"],"picked":"Astrolabe"}],"items_purged_floors":[],"is_endless":false,"potions_floor_spawned":[11,21,28,31],"killed_by":"Collector","ascension_level":20}