{"gold_per_floor":[361,361,361,371,130,130,141,141,216,216,115,115,440,117,117,196,196,212,412,423,423,710,722,759,771,835,861,156,156,176,176],"floor_reached":31,"playtime":801,"items_purged":["Regret","Strike_B"],"score":523,"play_id":"2c0afab8-2cdf-4241-91dd-d5dd9df1ed46","local_time":"20190322223052","is_ascension_mode":true,"campfire_choices":[{"data":"Zap","floor":6,"key":"SMITH"},{"data":"Bandage Up","floor":12,"key":"SMITH"},{"data":"Dualcast","floor":15,"key":"SMITH"},{"floor":23,"key":"REST"},{"floor":25,"key":"REST"}],"neow_cost":"CURSE","seed_source_timestamp":272807786137700,"circlet_count":0,"master_deck":["AscendersBane","Strike_B","Defend_B+1","Defend_B","Defend_B+1","Zap+1","Dualcast+1","Cold Snap","Coolheaded","Bandage Up+1","Doom and Gloom","Ball Lightning","Biased Cognition","Chaos","Ball Lightning+1","Rainbow","FTL","Glacier","Genetic Algorithm","Gash"],"relics":["Cracked Core","Omamori","Tiny Chest","Old Coin","Pantograph","Fusion Hammer","MawBank","Ancient Tea Set","Question Card","Orichalcum"],"potions_floor_usage":[13,20,20,30,31],"damage_taken":[{"damage":4,"enemies":"2 Louse","floor":1,"turns":3},{"damage":5,"enemies":"Jaw Worm","floor":4,"turns":4},{"damage":0,"enemies":"Cultist","floor":7,"turns":3},{"damage":18,"enemies":"3 Sentries","floor":13,"turns":10},{"damage":36,"enemies":"Slime Boss","floor":16,"turns":6},{"damage":23,"enemies":"2 Thieves","floor":18,"turns":4},{"damage":7,"enemies":"3 Byrds","floor":20,"turns":3},{"damage":44,"enemies":"Gremlin Leader","floor":24,"turns":6},{"damage":6,"enemies":"Centurion and Healer","floor":27,"turns":6},{"damage":22,"enemies":"Cultist and Chosen","floor":30,"turns":8},{"damage":38,"enemies":"Slavers","floor":31,"turns":4}],"seed_played":"5298225119780701452","potions_obtained":[{"floor":1,"key":"FocusPotion"},{"floor":4,"key":"Fire Potion"},{"floor":16,"key":"LiquidBronze"},{"floor":20,"key":"Block Potion"},{"floor":27,"key":"LiquidBronze"}],"is_trial":false,"path_per_floor":["M","?","?","M","$","R","M","?","T","?","$","R","E","$","R","B",null,"M","?","M","T","?","R","E","R","T","M","$","?","M","E"],"character_chosen":"DEFECT","items_purchased":["Omamori","Bandage Up","Pantograph","Ball Lightning","Question Card","Glacier","FocusPotion","Orichalcum"],"campfire_rested":2,"item_purchase_floors":[5,11,14,14,28,28,28,28],"current_hp_per_floor":[60,60,39,34,34,34,34,51,51,44,44,44,32,32,32,27,60,43,43,42,42,42,63,25,46,46,46,46,46,30,0],"gold":176,"neow_bonus":"TWO_FIFTY_GOLD","is_prod":false,"is_daily":false,"chose_seed":false,"campfire_upgraded":3,"win_rate":0,"timestamp":1553261452,"path_taken":["M","?","?","M","$","R","M","?","T","?","$","R","E","$","R","BOSS","M","?","?","?","?","R","E","R","T","?","$","?","M","E"],"build_version":"2019-01-23","purchased_purges":2,"victory":false,"max_hp_per_floor":[71,71,71,71,71,71,71,71,71,71,71,71,71,71,71,71,71,71,71,71,71,71,71,71,71,71,71,71,71,71,71],"card_choices":[{"not_picked":["Beam Cell","Gash"],"picked":"Cold Snap","floor":1},{"not_picked":["Redo","Beam Cell"],"picked":"Coolheaded","floor":4},{"not_picked":["Go for the Eyes","Redo","Storm"],"picked":"SKIP","floor":7},{"not_picked":["Hologram","Double Energy"],"picked":"Doom and Gloom","floor":13},{"not_picked":["Hyperbeam","Reboot"],"picked":"Biased Cognition","floor":16},{"not_picked":["Go for the Eyes","Conserve Battery"],"picked":"Chaos","floor":18},{"not_picked":["Steam","Rebound"],"picked":"Ball Lightning+1","floor":20},{"not_picked":["FTL","Redo"],"picked":"Rainbow","floor":24},{"not_picked":["Leap","Conserve Battery"],"picked":"FTL","floor":27},{"not_picked":["Barrage","Conserve Battery","Redo","Go for the Eyes"],"picked":"SKIP","floor":30}],"player_experience":2483743,"relics_obtained":[{"floor":9,"key":"Tiny Chest"},{"floor":13,"key":"Old Coin"},{"floor":21,"key":"MawBank"},{"floor":24,"key":"Ancient Tea Set"}],"event_choices":[{"damage_healed":0,"gold_gain":0,"player_choice":"Ignored","damage_taken":0,"max_hp_gain":0,"max_hp_loss":0,"event_name":"Liars Game","floor":2,"gold_loss":0},{"damage_healed":0,"gold_gain":0,"player_choice":"Entered Light","damage_taken":21,"max_hp_gain":0,"max_hp_loss":0,"event_name":"Shining Light","floor":3,"gold_loss":0,"cards_upgraded":["Defend_B","Defend_B"]},{"damage_healed":17,"gold_gain":0,"player_choice":"Healed and dodged fight","damage_taken":0,"max_hp_gain":0,"max_hp_loss":0,"event_name":"Mushrooms","floor":8,"gold_loss":0,"cards_obtained":["Parasite"]},{"cards_removed":["Defend_B"],"damage_healed":0,"gold_gain":0,"player_choice":"Card Removal","damage_taken":7,"max_hp_gain":0,"max_hp_loss":0,"event_name":"Golden Wing","floor":10,"gold_loss":0},{"damage_healed":0,"gold_gain":250,"player_choice":"Bet on Owner","damage_taken":0,"max_hp_gain":0,"max_hp_loss":0,"event_name":"The Joust","floor":19,"gold_loss":50},{"damage_healed":0,"gold_gain":275,"player_choice":"Desecrate","damage_taken":0,"max_hp_gain":0,"max_hp_loss":0,"event_name":"Golden Shrine","floor":22,"gold_loss":0,"cards_obtained":["Regret"]},{"damage_healed":0,"gold_gain":0,"cards_transformed":["Strike_B","Strike_B"],"player_choice":"Became Test Subject","damage_taken":0,"max_hp_gain":0,"max_hp_loss":0,"event_name":"Drug Dealer","floor":29,"gold_loss":0,"cards_obtained":["Genetic Algorithm","Gash"]}],"is_beta":false,"boss_relics":[{"not_picked":["Velvet Choker","Philosopher\u0027s Stone"],"picked":"Fusion Hammer"}],"items_purged_floors":[5,28],"is_endless":false,"potions_floor_spawned":[1,4,16,20,27],"killed_by":"Slavers","ascension_level":20}