{"gold_per_floor":[211,35,35,35,55,55,85,85,85,85,149,164,179,206,206,206],"floor_reached":16,"playtime":631,"items_purged":[],"score":220,"play_id":"db2d276e-13f3-4a22-9ade-428bf5cabca3","local_time":"20190221125350","is_ascension_mode":true,"campfire_choices":[{"data":"Sunder","floor":6,"key":"SMITH"},{"floor":8,"key":"REST"},{"data":"Creative AI","floor":15,"key":"SMITH"}],"neow_cost":"NONE","seed_source_timestamp":89992296822600,"circlet_count":0,"master_deck":["AscendersBane","Strike_B","Strike_B","Strike_B","Strike_B","Defend_B","Defend_B","Zap","Dualcast","Reinforced Body","Glacier","Sunder+1","Coolheaded","Heatsinks","Creative AI+1","Gash","White Noise"],"relics":["Cracked Core","Bird Faced Urn","Pear","SsserpentHead","Toxic Egg 2"],"potions_floor_usage":[7,16],"damage_taken":[{"damage":9,"enemies":"Jaw Worm","floor":1,"turns":4},{"damage":0,"enemies":"Small Slimes","floor":5,"turns":2},{"damage":32,"enemies":"Gremlin Nob","floor":7,"turns":5},{"damage":0,"enemies":"Cultist","floor":11,"turns":3},{"damage":2,"enemies":"Gremlin Gang","floor":12,"turns":12},{"damage":17,"enemies":"Lots of Slimes","floor":13,"turns":4},{"damage":31,"enemies":"Lagavulin","floor":14,"turns":7},{"damage":33,"enemies":"Hexaghost","floor":16,"turns":9}],"seed_played":"8079145426307408892","potions_obtained":[{"floor":5,"key":"Weak Potion"},{"floor":7,"key":"Strength Potion"},{"floor":12,"key":"LiquidBronze"}],"is_trial":false,"path_per_floor":["M","$","?","?","M","R","E","R","T","?","M","M","M","E","R","B"],"character_chosen":"DEFECT","items_purchased":["Glacier","Sunder","Coolheaded"],"campfire_rested":1,"item_purchase_floors":[2,2,2],"current_hp_per_floor":[55,55,48,48,48,48,16,37,47,47,49,63,46,33,33,20],"gold":206,"neow_bonus":"HUNDRED_GOLD","is_prod":false,"is_daily":false,"chose_seed":false,"campfire_upgraded":2,"win_rate":0,"timestamp":1550721230,"path_taken":["M","$","?","?","M","R","E","R","T","?","?","M","M","E","R","BOSS"],"build_version":"2019-01-23","purchased_purges":0,"victory":false,"max_hp_per_floor":[71,71,71,71,71,71,71,71,81,81,81,81,81,81,81,81],"card_choices":[{"not_picked":["Hologram","Turbo"],"picked":"Reinforced Body","floor":1},{"not_picked":["Gash","Reprogram"],"picked":"Creative AI","floor":5},{"not_picked":["Leap","Meteor Strike"],"picked":"Gash","floor":7},{"not_picked":["Conserve Battery","Go for the Eyes","Lockon"],"picked":"SKIP","floor":11},{"not_picked":["Conserve Battery","Go for the Eyes","Force Field"],"picked":"SKIP","floor":12},{"not_picked":["Leap","Static Discharge"],"picked":"White Noise","floor":13},{"not_picked":["Skim","Genetic Algorithm","Stack"],"picked":"SKIP","floor":14}],"player_experience":1685717,"relics_obtained":[{"floor":7,"key":"Bird Faced Urn"},{"floor":9,"key":"Pear"},{"floor":14,"key":"Toxic Egg 2"}],"event_choices":[{"cards_removed":["Defend_B"],"damage_healed":0,"gold_gain":0,"player_choice":"Card Removal","damage_taken":7,"max_hp_gain":0,"max_hp_loss":0,"event_name":"Golden Wing","floor":3,"gold_loss":0},{"damage_healed":0,"gold_gain":0,"cards_transformed":["Defend_B"],"player_choice":"Change","damage_taken":0,"max_hp_gain":0,"max_hp_loss":0,"event_name":"Living Wall","floor":4,"gold_loss":0,"cards_obtained":["Heatsinks"]},{"damage_healed":0,"gold_gain":0,"player_choice":"Trade","damage_taken":0,"relics_obtained":["SsserpentHead"],"max_hp_gain":0,"max_hp_loss":0,"event_name":"FaceTrader","floor":10,"gold_loss":0}],"is_beta":false,"boss_relics":[],"items_purged_floors":[],"is_endless":false,"potions_floor_spawned":[5,7,12,14],"killed_by":"Hexaghost","ascension_level":20}