{"path_per_floor":["M","M","?","M","M","$","M","R","T","R","?","E","M","M","R","B",null,"M","?","?","?","M","E","R","E","T","?","M","R","M","M","R","B",null,"M","M","?","?","$","R","M","R","T","R","M","M","E","M","R","B"],"character_chosen":"DEFECT","items_purchased":["Barrage","Bottled Lightning","Impulse"],"gold_per_floor":[10,26,26,40,54,9,29,29,29,29,29,63,79,92,92,195,195,205,120,120,120,140,170,170,196,196,229,245,245,262,279,279,375,375,388,406,406,406,6,6,23,23,75,75,86,96,130,142,142,142],"floor_reached":51,"campfire_rested":0,"playtime":4250,"current_hp_per_floor":[65,71,71,75,75,75,75,75,75,75,72,68,74,75,75,50,69,68,68,68,68,74,63,63,54,54,50,34,34,40,47,47,49,69,58,58,58,53,53,53,60,60,60,60,67,74,75,75,75,60],"items_purged":["Steam"],"gold":142,"score":905,"play_id":"6fbd80bd-6f75-4dc7-8390-8552228611eb","local_time":"20180515003733","is_prod":false,"is_daily":false,"chose_seed":false,"is_ascension_mode":true,"campfire_upgraded":10,"timestamp":1526315853,"path_taken":["M","M","?","M","?","?","M","R","T","R","?","E","M","M","R","BOSS","M","?","?","?","M","E","R","E","T","?","M","R","M","?","R","BOSS","M","M","?","?","$","R","M","R","T","R","M","M","E","M","R","BOSS"],"build_version":"2018-05-12v2","seed_source_timestamp":285535567334598,"purchased_purges":1,"victory":true,"master_deck":["Zap+1","Dualcast+1","Self Repair","BootSequence","Glacier","Barrage+1","Redo+1","Defragment+1","FTL","Nova+1","Storm+1","Tempest+1","Chill","White Noise+1","Seek+1","Double Energy+1","Fusion+1","Sweeping Beam+1","Cold Snap","Chill+1","Ball Lightning","Hologram+1","Axe Kick","Barrage+1","Dark Shackles+1","Finesse+1","Impulse+1","White Noise+1","Coolheaded+1","Darkness+1"],"max_hp_per_floor":[75,75,75,75,75,75,75,75,75,75,75,75,75,75,75,75,75,75,75,75,75,75,75,75,75,75,75,75,75,75,75,75,75,75,75,75,75,75,75,75,75,75,75,75,75,75,75,75,75,75],"relics":["Cracked Core","Dead Branch","Centennial Puzzle","Torii","Pantograph","Inserter","Gremlin Horn","Kunai","Thread and Needle","Toxic Egg 2","Red Mask","Pandora\u0027s Box","Bottled Lightning","Orichalcum","Ornamental Fan"],"card_choices":[{"not_picked":["Ball Lightning","Streamline"],"picked":"Self Repair","floor":1},{"not_picked":["Hologram","Ball Lightning"],"picked":"BootSequence","floor":2},{"not_picked":["Gash","Beam Cell","Hologram"],"picked":"SKIP","floor":4},{"not_picked":["Blizzard","Rebound"],"picked":"Glacier","floor":5},{"not_picked":["Darkness","Gash"],"picked":"Redo","floor":7},{"not_picked":["Steam","Darkness"],"picked":"Defragment","floor":12},{"not_picked":["Skim","Sweeping Beam","Reprogram"],"picked":"SKIP","floor":13},{"not_picked":["Heatsinks","Scrape"],"picked":"FTL","floor":14},{"not_picked":["Biased Cognition","Amplify"],"picked":"Nova","floor":16},{"not_picked":["Coolheaded","Doom and Gloom"],"picked":"Storm+1","floor":18},{"not_picked":["Darkness","Ball Lightning"],"picked":"Tempest","floor":22},{"not_picked":["Steam Power","Rebound"],"picked":"Chill","floor":23},{"not_picked":["Hologram","Reinforced Body+1"],"picked":"White Noise","floor":25},{"not_picked":["Coolheaded+1","Redo+1"],"picked":"Seek+1","floor":28},{"not_picked":["Conserve Battery+1","Cold Snap+1","Axe Kick"],"picked":"SKIP","floor":30},{"not_picked":["Beam Cell+1","Skim+1"],"picked":"Double Energy+1","floor":31},{"not_picked":["Electrodynamics","Reboot+1"],"picked":"Fusion+1","floor":33},{"not_picked":["Hologram+1","Go for the Eyes+1"],"picked":"Barrage","floor":35},{"not_picked":["Ball Lightning+1","Hologram+1","Cold Snap+1"],"picked":"SKIP","floor":36},{"not_picked":["Mind Blast","Trip"],"picked":"Dark Shackles","floor":38},{"not_picked":["Blind","Madness"],"picked":"Finesse","floor":38},{"not_picked":["Steam Power+1","Streamline","Rebound+1"],"picked":"SKIP","floor":41},{"not_picked":["Auto Shields+1","Genetic Algorithm+1"],"picked":"White Noise+1","floor":45},{"not_picked":["Turbo+1","Skim+1"],"picked":"Coolheaded+1","floor":46},{"not_picked":["Beam Cell","Fission+1","Hologram+1"],"picked":"SKIP","floor":47},{"not_picked":["Hologram+1","Steam+1"],"picked":"Darkness+1","floor":48}],"player_experience":378854,"potions_floor_usage":[16,23,23,27,28,33,33,33,47,50,50,50],"damage_taken":[{"damage":3,"enemies":"Jaw Worm","floor":1,"turns":4},{"damage":1,"enemies":"Cultist","floor":2,"turns":4},{"damage":0,"enemies":"2 Louse","floor":4,"turns":3},{"damage":0,"enemies":"2 Fungi Beasts","floor":5,"turns":5},{"damage":1,"enemies":"3 Louse","floor":7,"turns":3},{"damage":11,"enemies":"3 Sentries","floor":12,"turns":8},{"damage":1,"enemies":"Looter","floor":13,"turns":3},{"damage":0,"enemies":"Red Slaver","floor":14,"turns":4},{"damage":32,"enemies":"Hexaghost","floor":16,"turns":15},{"damage":8,"enemies":"3 Byrds","floor":18,"turns":5},{"damage":1,"enemies":"Shell Parasite","floor":22,"turns":5},{"damage":18,"enemies":"Gremlin Leader","floor":23,"turns":6},{"damage":16,"enemies":"Book of Stabbing","floor":25,"turns":6},{"damage":11,"enemies":"Masked Bandits","floor":27,"turns":4},{"damage":16,"enemies":"Snake Plant","floor":28,"turns":3},{"damage":1,"enemies":"Centurion and Healer","floor":30,"turns":4},{"damage":0,"enemies":"Cultist and Chosen","floor":31,"turns":4},{"damage":30,"enemies":"Collector","floor":33,"turns":7},{"damage":18,"enemies":"3 Darklings","floor":35,"turns":3},{"damage":0,"enemies":"Flame Bruiser 1 Orb","floor":36,"turns":3},{"damage":0,"enemies":"3 Darklings","floor":41,"turns":4},{"damage":0,"enemies":"Flame Bruiser 2 Orb","floor":45,"turns":3},{"damage":0,"enemies":"Spire Growth","floor":46,"turns":4},{"damage":0,"enemies":"Nemesis","floor":47,"turns":5},{"damage":0,"enemies":"4 Shapes","floor":48,"turns":2},{"damage":15,"enemies":"Donu and Deca","floor":50,"turns":5}],"event_choices":[{"event_name":"Bonfire Elementals","player_choice":"BASIC","floor":3,"damage_taken":0},{"event_name":"Scrap Ooze","player_choice":"success","floor":11,"damage_taken":3},{"event_name":"Addict","player_choice":"Obtained Relic","floor":19,"damage_taken":0},{"event_name":"Vampires","player_choice":"Ignored","floor":20,"damage_taken":0},{"event_name":"The Mausoleum","player_choice":"No","floor":21,"damage_taken":0},{"event_name":"Masked Bandits","player_choice":"Fought over 196 gold","floor":27,"damage_taken":0},{"event_name":"The Lab","player_choice":"Got Potions","floor":37,"damage_taken":0},{"event_name":"SensoryStone","player_choice":"Memory 2","floor":38,"damage_taken":0}],"boss_relics":[{"not_picked":["Tiny House","Sozu"],"picked":"Inserter"},{"not_picked":["Philosopher\u0027s Stone","Orrery"],"picked":"Pandora\u0027s Box"}],"potions_floor_spawned":[2,4,12,14,25,27,31,33,35,46,48],"seed_played":"-3414281907409109723","ascension_level":6,"is_trial":false}