{"gold_per_floor":[112,130,130,205,205,205,225,225,225,225,251,265,278,298,298,298],"floor_reached":16,"playtime":626,"items_purged":[],"score":194,"play_id":"4c06ff0a-c21d-4db7-92bd-8c3d08604e8e","local_time":"20190405192154","is_ascension_mode":true,"campfire_choices":[{"floor":6,"key":"REST"},{"floor":8,"key":"REST"},{"data":"Zap","floor":10,"key":"SMITH"},{"data":"Dualcast","floor":15,"key":"SMITH"}],"neow_cost":"NONE","seed_source_timestamp":1915984029610670,"circlet_count":0,"master_deck":["AscendersBane","Strike_B","Strike_B","Strike_B","Strike_B","Defend_B","Defend_B","Defend_B","Defend_B","Zap+1","Dualcast+1","Cold Snap","Steam","Rebound","Chaos","Compile Driver","Sunder","Fusion"],"relics":["Cracked Core","GremlinMask","Letter Opener","Bottled Lightning"],"potions_floor_usage":[0,11],"damage_taken":[{"damage":8,"enemies":"2 Louse","floor":1,"turns":3},{"damage":13,"enemies":"Small Slimes","floor":2,"turns":4},{"damage":0,"enemies":"Cultist","floor":7,"turns":4},{"damage":32,"enemies":"Gremlin Nob","floor":11,"turns":4},{"damage":1,"enemies":"2 Fungi Beasts","floor":12,"turns":3},{"damage":8,"enemies":"Exordium Wildlife","floor":13,"turns":4},{"damage":39,"enemies":"Exordium Thugs","floor":14,"turns":4},{"damage":5,"enemies":"The Guardian","floor":16,"turns":3}],"seed_played":"-4099372366570178285","potions_obtained":[{"floor":0,"key":"Fruit Juice"},{"floor":0,"key":"FairyPotion"},{"floor":0,"key":"Poison Potion"},{"floor":11,"key":"PowerPotion"},{"floor":14,"key":"Swift Potion"}],"is_trial":false,"path_per_floor":["M","M","?","?","?","R","M","R","T","R","E","M","M","M","R","B"],"character_chosen":"DEFECT","items_purchased":[],"campfire_rested":2,"item_purchase_floors":[],"current_hp_per_floor":[61,48,48,37,37,59,59,76,76,76,44,43,35,3,3,0],"gold":298,"neow_bonus":"THREE_SMALL_POTIONS","is_prod":false,"is_daily":false,"chose_seed":false,"campfire_upgraded":2,"win_rate":0,"timestamp":1554481314,"path_taken":["M","M","?","?","?","R","M","R","T","R","E","M","?","M","R","BOSS"],"build_version":"2019-01-23","purchased_purges":0,"victory":false,"max_hp_per_floor":[76,76,76,76,76,76,76,76,76,76,76,76,76,76,76,76],"card_choices":[{"not_picked":["Blizzard","Lockon"],"picked":"Cold Snap","floor":1},{"not_picked":["Hologram","Consume"],"picked":"Steam","floor":2},{"not_picked":["Leap","Recycle"],"picked":"Rebound","floor":7},{"not_picked":["Sweeping Beam","Genetic Algorithm"],"picked":"Chaos","floor":11},{"not_picked":["Double Energy","Reinforced Body"],"picked":"Compile Driver","floor":12},{"not_picked":["Leap","Rebound"],"picked":"Sunder","floor":13},{"not_picked":["Go for the Eyes","Stack"],"picked":"Fusion","floor":14}],"player_experience":1171771,"relics_obtained":[{"floor":9,"key":"Letter Opener"},{"floor":11,"key":"Bottled Lightning"}],"event_choices":[{"damage_healed":0,"gold_gain":0,"player_choice":"Fled","damage_taken":0,"max_hp_gain":0,"max_hp_loss":0,"event_name":"Scrap Ooze","floor":3,"gold_loss":0},{"damage_healed":0,"gold_gain":75,"player_choice":"Gather Gold","damage_taken":11,"max_hp_gain":0,"max_hp_loss":0,"event_name":"World of Goop","floor":4,"gold_loss":0},{"damage_healed":0,"gold_gain":0,"player_choice":"Trade","damage_taken":0,"relics_obtained":["GremlinMask"],"max_hp_gain":0,"max_hp_loss":0,"event_name":"FaceTrader","floor":5,"gold_loss":0}],"is_beta":false,"boss_relics":[],"items_purged_floors":[],"is_endless":false,"potions_floor_spawned":[11,12,14],"killed_by":"The Guardian","ascension_level":18}