{"gold_per_floor":[113,113,188,208,219,219,248,248,248,248,248,280,280,291,291,291],"floor_reached":16,"playtime":558,"items_purged":[],"score":108,"play_id":"3ecc1cf9-4518-4f85-9836-6c9e21588d3b","local_time":"20181216182122","is_ascension_mode":false,"campfire_choices":[{"data":"Feel No Pain","floor":6,"key":"SMITH"},{"data":"Corruption","floor":8,"key":"SMITH"},{"floor":10,"key":"RECALL"},{"floor":15,"key":"REST"}],"neow_cost":"NONE","seed_source_timestamp":19637453421057,"circlet_count":0,"master_deck":["Strike_R","Strike_R","Strike_R","Strike_R","Strike_R","Defend_R","Defend_R","Defend_R","Defend_R","Bash","Havoc+1","Feel No Pain+1","Corruption+1","Flex","Clash","Armaments"],"relics":["Burning Blood","Matryoshka","Blue Candle","Bottled Lightning","Turnip"],"potions_floor_usage":[7,7,12],"damage_taken":[{"damage":1,"enemies":"Cultist","floor":1,"turns":3},{"damage":6,"enemies":"Jaw Worm","floor":4,"turns":3},{"damage":9,"enemies":"Small Slimes","floor":5,"turns":3},{"damage":9,"enemies":"Lagavulin","floor":7,"turns":6},{"damage":43,"enemies":"Gremlin Nob","floor":12,"turns":7},{"damage":7,"enemies":"Blue Slaver","floor":14,"turns":3},{"damage":68,"enemies":"Hexaghost","floor":16,"turns":9}],"seed_played":"-7287301202430385684","potions_obtained":[{"floor":1,"key":"Swift Potion"},{"floor":4,"key":"Fire Potion"},{"floor":7,"key":"BloodPotion"}],"is_trial":false,"path_per_floor":["M","?","?","M","M","R","E","R","T","R","$","E","$","M","R","B"],"character_chosen":"IRONCLAD","items_purchased":[],"campfire_rested":1,"item_purchase_floors":[],"current_hp_per_floor":[88,88,77,77,74,74,71,71,71,71,71,42,42,41,67,0],"gold":291,"neow_bonus":"TEN_PERCENT_HP_BONUS","is_prod":false,"is_daily":false,"chose_seed":false,"campfire_upgraded":2,"win_rate":0,"timestamp":1544977282,"path_taken":["M","?","?","M","M","R","E","R","T","R","$","E","$","M","R","BOSS"],"build_version":"2018-12-13","purchased_purges":0,"victory":false,"max_hp_per_floor":[88,88,88,88,88,88,88,88,88,88,88,88,88,88,88,88],"card_choices":[{"not_picked":["Battle Trance","Anger"],"picked":"Havoc","floor":1},{"not_picked":["Flame Barrier","Dropkick"],"picked":"Feel No Pain","floor":4},{"not_picked":["Warcry","Bloodletting"],"picked":"Corruption","floor":5},{"not_picked":["Sword Boomerang","Clothesline"],"picked":"Flex","floor":7},{"not_picked":["Uppercut","Wild Strike"],"picked":"Clash","floor":12},{"not_picked":["Uppercut","Twin Strike"],"picked":"Armaments","floor":14}],"player_experience":837299,"relics_obtained":[{"floor":7,"key":"Matryoshka"},{"floor":9,"key":"Blue Candle"},{"floor":9,"key":"Bottled Lightning"},{"floor":12,"key":"Turnip"}],"event_choices":[{"damage_healed":0,"gold_gain":0,"player_choice":"Grow","damage_taken":0,"max_hp_gain":0,"max_hp_loss":0,"event_name":"Living Wall","floor":2,"gold_loss":0,"cards_upgraded":["Havoc"]},{"damage_healed":0,"gold_gain":75,"player_choice":"Gather Gold","damage_taken":11,"max_hp_gain":0,"max_hp_loss":0,"event_name":"World of Goop","floor":3,"gold_loss":0}],"is_beta":false,"boss_relics":[],"items_purged_floors":[],"is_endless":false,"potions_floor_spawned":[1,4,7],"killed_by":"Hexaghost","ascension_level":0}