{"gold_per_floor":[118,118,131,144,219,219,249,249,301,311,321,321,333,663,663,740,740,755,773,785,485,485,485,512,525,574,88,88,106,106,106,106,185,185,202,202,202,202,77,77,95,95,95,106,106,120,120,155,155,155],"floor_reached":50,"playtime":1285,"items_purged":["Strike_R","Strike_R","Strike_R"],"score":1025,"play_id":"f90b2b43-551b-434c-89a6-ca7b9c1079af","local_time":"20190414122011","is_ascension_mode":true,"campfire_choices":[{"data":"Whirlwind","floor":6,"key":"SMITH"},{"data":"Bash","floor":8,"key":"SMITH"},{"data":"Inflame","floor":15,"key":"SMITH"},{"data":"Barricade","floor":23,"key":"SMITH"},{"floor":28,"key":"REST"},{"data":"Limit Break","floor":30,"key":"SMITH"},{"floor":32,"key":"REST"},{"data":"Limit Break","floor":40,"key":"SMITH"},{"data":"Entrench","floor":42,"key":"SMITH"},{"data":"Dual Wield","floor":45,"key":"SMITH"},{"floor":49,"key":"RECALL"}],"neow_cost":"NONE","seed_source_timestamp":0,"circlet_count":0,"master_deck":["AscendersBane","Strike_R","Strike_R","Defend_R","Defend_R","Defend_R","Bash+1","Pommel Strike","Entrench+1","Whirlwind+1","Inflame+1","Battle Trance","Reaper","Barricade+1","Evolve","Dual Wield+1","Shrug It Off","Limit Break+1","Shrug It Off","Limit Break+1","Headbutt","Enlightenment","Whirlwind"],"relics":["Burning Blood","NeowsBlessing","Omamori","Vajra","StoneCalendar","Old Coin","Runic Dome","Happy Flower","PreservedInsect","Oddly Smooth Stone","Bronze Scales","Chemical X","Lizard Tail","Dodecahedron"],"potions_floor_usage":[7,7,14,16,25,33,48,50],"damage_taken":[{"damage":0,"enemies":"Cultist","floor":1,"turns":1},{"damage":0,"enemies":"Small Slimes","floor":3,"turns":1},{"damage":0,"enemies":"2 Louse","floor":4,"turns":1},{"damage":50,"enemies":"Lagavulin","floor":7,"turns":7},{"damage":9,"enemies":"Blue Slaver","floor":10,"turns":4},{"damage":7,"enemies":"2 Fungi Beasts","floor":11,"turns":3},{"damage":7,"enemies":"Looter","floor":13,"turns":3},{"damage":8,"enemies":"Gremlin Nob","floor":14,"turns":3},{"damage":18,"enemies":"Slime Boss","floor":16,"turns":7},{"damage":6,"enemies":"Spheric Guardian","floor":18,"turns":3},{"damage":18,"enemies":"3 Byrds","floor":19,"turns":3},{"damage":13,"enemies":"3 Cultists","floor":20,"turns":4},{"damage":56,"enemies":"Slavers","floor":24,"turns":3},{"damage":21,"enemies":"Snake Plant","floor":25,"turns":3},{"damage":10,"enemies":"Sentry and Sphere","floor":29,"turns":4},{"damage":40,"enemies":"Automaton","floor":33,"turns":12},{"damage":100,"enemies":"3 Darklings","floor":35,"turns":6},{"damage":8,"enemies":"3 Shapes","floor":41,"turns":7},{"damage":61,"enemies":"Spire Growth","floor":44,"turns":5},{"damage":50,"enemies":"Transient","floor":46,"turns":6},{"damage":83,"enemies":"Giant Head","floor":48,"turns":6},{"damage":93,"enemies":"Awakened One","floor":50,"turns":5}],"seed_played":"6800482690996399836","potions_obtained":[{"floor":1,"key":"AttackPotion"},{"floor":3,"key":"Regen Potion"},{"floor":13,"key":"Strength Potion"},{"floor":14,"key":"SteroidPotion"},{"floor":16,"key":"Weak Potion"},{"floor":24,"key":"SpeedPotion"},{"floor":25,"key":"Weak Potion"},{"floor":33,"key":"FearPotion"},{"floor":44,"key":"Regen Potion"}],"is_trial":false,"path_per_floor":["M","?","M","M","?","R","E","R","T","M","M","?","M","E","R","B",null,"M","M","M","$","?","R","E","M","T","$","R","M","R","?","R","B",null,"M","?","?","?","$","R","M","R","T","M","R","M","?","E","R","B"],"character_chosen":"IRONCLAD","items_purchased":["Shrug It Off","Happy Flower","Chemical X","Limit Break"],"campfire_rested":2,"item_purchase_floors":[21,21,27,27],"current_hp_per_floor":[74,74,75,75,64,64,35,35,35,32,31,31,30,28,28,32,64,64,63,68,68,68,68,25,18,18,18,40,36,36,15,39,59,75,46,36,36,36,36,36,76,76,76,76,76,32,32,50,50,0],"gold":155,"neow_bonus":"THREE_ENEMY_KILL","is_prod":false,"is_daily":false,"chose_seed":true,"campfire_upgraded":8,"win_rate":0,"timestamp":1555212011,"path_taken":["M","?","?","M","?","R","E","R","T","M","M","?","?","E","R","BOSS","M","M","?","$","?","R","E","M","T","$","R","M","R","?","R","BOSS","M","?","?","?","$","R","M","R","T","M","R","M","?","E","R","BOSS"],"build_version":"2019-01-23","purchased_purges":3,"victory":false,"max_hp_per_floor":[75,75,75,75,75,75,75,75,75,75,75,75,75,75,75,75,75,75,75,75,75,75,75,75,75,75,75,75,75,75,80,80,80,80,80,80,76,76,76,76,76,76,76,76,76,76,76,76,76,76],"card_choices":[{"not_picked":["Dropkick","Thunderclap","Iron Wave"],"picked":"SKIP","floor":1},{"not_picked":["Rampage","Dropkick"],"picked":"Whirlwind","floor":3},{"not_picked":["Thunderclap","Hemokinesis","Perfected Strike"],"picked":"SKIP","floor":4},{"not_picked":["Twin Strike","Entrench"],"picked":"Inflame","floor":7},{"not_picked":["Headbutt","Reckless Charge","Armaments"],"picked":"SKIP","floor":10},{"not_picked":["Havoc","Blood for Blood","Perfected Strike"],"picked":"SKIP","floor":11},{"not_picked":["Wild Strike","Rupture"],"picked":"Battle Trance","floor":13},{"not_picked":["Thunderclap","Shrug It Off"],"picked":"Reaper","floor":14},{"not_picked":["Exhume","Berserk"],"picked":"Barricade","floor":16},{"not_picked":["Uppercut","Cleave"],"picked":"Evolve","floor":18},{"not_picked":["Sword Boomerang","Clash"],"picked":"Dual Wield","floor":19},{"not_picked":["Heavy Blade","Clash","Blood for Blood"],"picked":"SKIP","floor":20},{"not_picked":["Flex","Thunderclap","Immolate"],"picked":"SKIP","floor":24},{"not_picked":["Thunderclap","Rupture","Pommel Strike"],"picked":"SKIP","floor":25},{"not_picked":["Headbutt","Bludgeon"],"picked":"Shrug It Off","floor":29},{"not_picked":["Fiend Fire","Juggernaut"],"picked":"Limit Break","floor":33},{"not_picked":["Hemokinesis+1","Shrug It Off"],"picked":"Headbutt","floor":35},{"not_picked":["Deep Breath","Sadistic Nature"],"picked":"Enlightenment","floor":36},{"not_picked":["Armaments","Wild Strike","Evolve"],"picked":"SKIP","floor":41},{"not_picked":["Armaments","Intimidate","Cleave"],"picked":"SKIP","floor":44},{"not_picked":["Flex","Clash+1"],"picked":"Whirlwind","floor":46},{"not_picked":["Armaments","Flex+1","Metallicize"],"picked":"SKIP","floor":48}],"player_experience":3117569,"relics_obtained":[{"floor":7,"key":"Omamori"},{"floor":9,"key":"Vajra"},{"floor":12,"key":"StoneCalendar"},{"floor":14,"key":"Old Coin"},{"floor":24,"key":"Oddly Smooth Stone"},{"floor":26,"key":"Bronze Scales"},{"floor":48,"key":"Dodecahedron"}],"event_choices":[{"damage_healed":0,"gold_gain":0,"player_choice":"2 cards matched","damage_taken":0,"max_hp_gain":0,"max_hp_loss":0,"event_name":"Match and Keep!","floor":2,"gold_loss":0,"cards_obtained":["Pommel Strike","Entrench"]},{"damage_healed":0,"gold_gain":75,"player_choice":"Gather Gold","damage_taken":11,"max_hp_gain":0,"max_hp_loss":0,"event_name":"World of Goop","floor":5,"gold_loss":0},{"damage_healed":0,"gold_gain":0,"player_choice":"Relic","damage_taken":0,"max_hp_gain":0,"max_hp_loss":0,"event_name":"Wheel of Change","floor":12,"gold_loss":0},{"damage_healed":0,"gold_gain":0,"player_choice":"Opened","damage_taken":0,"relics_obtained":["PreservedInsect"],"max_hp_gain":0,"max_hp_loss":0,"event_name":"The Mausoleum","floor":22,"gold_loss":0,"cards_obtained":["Writhe"]},{"damage_healed":0,"gold_gain":0,"player_choice":"Shed Blood","damage_taken":26,"max_hp_gain":5,"max_hp_loss":0,"event_name":"Forgotten Altar","floor":31,"gold_loss":0},{"damage_healed":0,"gold_gain":0,"player_choice":"Memory 3","damage_taken":10,"max_hp_gain":0,"max_hp_loss":0,"event_name":"SensoryStone","floor":36,"gold_loss":0},{"damage_healed":0,"gold_gain":0,"player_choice":"Max HP","damage_taken":0,"max_hp_gain":0,"max_hp_loss":4,"event_name":"Winding Halls","floor":37,"gold_loss":0},{"cards_removed":["Defend_R"],"damage_healed":0,"gold_gain":0,"player_choice":"Removed Skill","damage_taken":0,"max_hp_gain":0,"max_hp_loss":0,"event_name":"Falling","floor":38,"gold_loss":0},{"damage_healed":0,"gold_gain":0,"player_choice":"Ignored","damage_taken":0,"max_hp_gain":0,"max_hp_loss":0,"event_name":"Tomb of Lord Red Mask","floor":47,"gold_loss":0}],"is_beta":false,"boss_relics":[{"not_picked":["Busted Crown","Velvet Choker"],"picked":"Runic Dome"},{"not_picked":["Runic Cube","White Beast Statue"],"picked":"Lizard Tail"}],"items_purged_floors":[21,27,39],"is_endless":false,"potions_floor_spawned":[1,3,13,14,16,24,25,33,41,44],"killed_by":"Awakened One","ascension_level":20}