{"gold_per_floor":[115,265,340,13,24,50,108,142,167,167,183,183,183,183,183,183],"floor_reached":16,"playtime":500,"items_purged":["Doubt"],"score":262,"play_id":"45f086dc-9ce6-4cad-9b69-318f636c6faa","local_time":"20190409190246","is_ascension_mode":true,"campfire_choices":[{"floor":10,"key":"REST"},{"data":"Loop","floor":13,"key":"SMITH"},{"data":"Sunder","floor":15,"key":"SMITH"}],"neow_cost":"NONE","seed_source_timestamp":234196943823100,"circlet_count":0,"master_deck":["AscendersBane","Strike_B","Strike_B","Strike_B","Strike_B","Defend_B","Defend_B","Defend_B","Defend_B","Zap","Dualcast","Sunder+1","Loop+1","Rainbow","Chill","Cold Snap"],"relics":["Cracked Core","NeowsBlessing","ClockworkSouvenir","Oddly Smooth Stone","Blue Candle","Strawberry","Vajra","Golden Idol"],"potions_floor_usage":[8],"damage_taken":[{"damage":0,"enemies":"Cultist","floor":1,"turns":1},{"damage":0,"enemies":"2 Louse","floor":5,"turns":1},{"damage":0,"enemies":"Lagavulin","floor":6,"turns":1},{"damage":38,"enemies":"Gremlin Nob","floor":7,"turns":5},{"damage":23,"enemies":"3 Sentries","floor":8,"turns":9},{"damage":12,"enemies":"Jaw Worm","floor":11,"turns":2},{"damage":18,"enemies":"Hexaghost","floor":16,"turns":8}],"seed_played":"-4365140975565474510","potions_obtained":[{"floor":1,"key":"Strength Potion"},{"floor":5,"key":"FairyPotion"}],"is_trial":false,"path_per_floor":["M","?","?","$","M","E","?","E","T","R","M","?","R","?","R","B"],"character_chosen":"DEFECT","items_purchased":["ClockworkSouvenir","Sunder"],"campfire_rested":1,"item_purchase_floors":[4,4],"current_hp_per_floor":[64,64,53,53,53,53,15,8,8,31,19,19,19,19,19,1],"gold":183,"neow_bonus":"THREE_ENEMY_KILL","is_prod":false,"is_daily":false,"chose_seed":false,"campfire_upgraded":2,"win_rate":0,"timestamp":1554804166,"path_taken":["M","?","?","?","M","E","?","E","T","R","?","?","R","?","R","BOSS"],"build_version":"2019-01-23","purchased_purges":1,"victory":false,"max_hp_per_floor":[71,71,71,71,71,71,71,78,78,78,78,71,71,71,71,71],"card_choices":[{"not_picked":["Blizzard","Stack","Force Field"],"picked":"SKIP","floor":1},{"not_picked":["Stack","Compile Driver"],"picked":"Loop","floor":5},{"not_picked":["Redo","Steam"],"picked":"Rainbow","floor":6},{"not_picked":["Turbo","Leap"],"picked":"Chill","floor":7},{"not_picked":["Doom and Gloom","Fusion","Rebound"],"picked":"SKIP","floor":8},{"not_picked":["White Noise","Ball Lightning"],"picked":"Cold Snap","floor":11}],"player_experience":3011788,"relics_obtained":[{"floor":6,"key":"Oddly Smooth Stone"},{"floor":7,"key":"Blue Candle"},{"floor":8,"key":"Strawberry"},{"floor":9,"key":"Vajra"}],"event_choices":[{"damage_healed":0,"gold_gain":150,"player_choice":"AGREE","damage_taken":0,"max_hp_gain":0,"max_hp_loss":0,"event_name":"Liars Game","floor":2,"gold_loss":0,"cards_obtained":["Doubt"]},{"damage_healed":0,"gold_gain":75,"player_choice":"Gather Gold","damage_taken":11,"max_hp_gain":0,"max_hp_loss":0,"event_name":"World of Goop","floor":3,"gold_loss":0},{"damage_healed":0,"gold_gain":0,"player_choice":"Searched \u00271\u0027 times","damage_taken":0,"max_hp_gain":0,"max_hp_loss":0,"event_name":"Dead Adventurer","floor":7,"gold_loss":0},{"damage_healed":0,"gold_gain":0,"player_choice":"Lose Max HP","damage_taken":0,"relics_obtained":["Golden Idol"],"max_hp_gain":0,"max_hp_loss":7,"event_name":"Golden Idol","floor":12,"gold_loss":0},{"damage_healed":0,"gold_gain":0,"player_choice":"Ignored","damage_taken":0,"max_hp_gain":0,"max_hp_loss":0,"event_name":"Shining Light","floor":14,"gold_loss":0}],"is_beta":false,"boss_relics":[],"items_purged_floors":[4],"is_endless":false,"potions_floor_spawned":[1,5],"killed_by":"Hexaghost","ascension_level":20}