{"gold_per_floor":[113,132,150,150,150,178,178,205,205,15,15,42,57,87,87,166,166,180,200,200,200,21,21,21,21,48,82,117,7,7,18,18,94,94],"floor_reached":34,"playtime":1067,"items_purged":[],"score":768,"play_id":"e51bcfad-924d-447d-b33f-fd8b5a7274f2","local_time":"20190327203414","is_ascension_mode":true,"campfire_choices":[{"floor":7,"key":"REST"},{"data":"Capacitor","floor":15,"key":"SMITH"},{"floor":23,"key":"REST"},{"floor":30,"key":"REST"},{"floor":32,"key":"REST"}],"neow_cost":"NONE","seed_source_timestamp":64462463224700,"circlet_count":0,"master_deck":["AscendersBane","Zap","Dualcast","Capacitor+1","Cold Snap","Cold Snap","Double Energy","BootSequence","Conserve Battery","Coolheaded","Ball Lightning","Cold Snap","Electrodynamics","Chill","Barrage","Turbo","Coolheaded","Hologram","Chaos+1","Biased Cognition","Biased Cognition","Glacier+1","Capacitor","Turbo+1","Capacitor","Amplify+1","Redo+1","Reboot+1","Creative AI","Sweeping Beam","Darkness+1","Machine Learning"],"relics":["Cracked Core","NeowsBlessing","Juzu Bracelet","FossilizedHelix","Shuriken","Omamori","Odd Mushroom","Letter Opener","Orrery","Vajra","Red Mask","Toxic Egg 2","Pandora\u0027s Box"],"potions_floor_usage":[8,16,16,27],"damage_taken":[{"damage":0,"enemies":"Cultist","floor":1,"turns":1},{"damage":0,"enemies":"Jaw Worm","floor":2,"turns":1},{"damage":0,"enemies":"Small Slimes","floor":3,"turns":1},{"damage":42,"enemies":"Gremlin Nob","floor":6,"turns":5},{"damage":10,"enemies":"3 Sentries","floor":8,"turns":13},{"damage":0,"enemies":"The Mushroom Lair","floor":12,"turns":6},{"damage":7,"enemies":"Blue Slaver","floor":13,"turns":5},{"damage":3,"enemies":"Lagavulin","floor":14,"turns":7},{"damage":6,"enemies":"Hexaghost","floor":16,"turns":11},{"damage":0,"enemies":"2 Thieves","floor":18,"turns":3},{"damage":2,"enemies":"Chosen","floor":19,"turns":6},{"damage":28,"enemies":"Masked Bandits","floor":27,"turns":3},{"damage":22,"enemies":"Gremlin Leader","floor":28,"turns":7},{"damage":0,"enemies":"Centurion and Healer","floor":31,"turns":7},{"damage":7,"enemies":"Champ","floor":33,"turns":17}],"seed_played":"2302547007573138771","potions_obtained":[{"floor":3,"key":"Swift Potion"},{"floor":6,"key":"Ancient Potion"},{"floor":8,"key":"Poison Potion"},{"floor":14,"key":"Weak Potion"},{"floor":19,"key":"FearPotion"},{"floor":28,"key":"Block Potion"},{"floor":31,"key":"SkillPotion"}],"is_trial":false,"path_per_floor":["M","M","M","$","?","E","R","E","T","$","?","?","M","E","R","B",null,"M","M","?","?","$","R","?","?","T","?","E","$","R","M","R","B",null],"character_chosen":"DEFECT","items_purchased":["Omamori","Coolheaded","Biased Cognition","Capacitor","Turbo+1"],"campfire_rested":4,"item_purchase_floors":[10,10,22,29,29],"current_hp_per_floor":[64,64,64,64,64,22,43,33,33,33,33,33,26,23,23,17,58,58,56,56,36,36,58,58,58,58,30,8,8,30,30,52,45,68],"gold":94,"neow_bonus":"THREE_ENEMY_KILL","is_prod":false,"is_daily":false,"chose_seed":false,"campfire_upgraded":1,"win_rate":0,"timestamp":1553686454,"path_taken":["M","M","?","$","?","E","R","E","T","?","?","?","M","E","R","BOSS","M","M","?","?","$","R","?","?","T","?","E","$","R","M","R","BOSS"],"build_version":"2019-01-23","purchased_purges":0,"victory":false,"max_hp_per_floor":[71,71,71,71,71,71,71,71,71,71,71,71,71,71,71,71,71,71,71,71,76,76,76,76,76,76,76,76,76,76,76,76,76,76],"card_choices":[{"not_picked":["Gash","Steam"],"picked":"Capacitor","floor":1},{"not_picked":["Darkness","Steam"],"picked":"Cold Snap","floor":2},{"not_picked":["Genetic Algorithm","Rebound"],"picked":"Cold Snap","floor":3},{"not_picked":["Melter","Leap"],"picked":"BootSequence","floor":6},{"not_picked":["Meteor Strike","Gash"],"picked":"Conserve Battery","floor":8},{"not_picked":["Sweeping Beam","Conserve Battery"],"picked":"Ball Lightning","floor":12},{"not_picked":["Streamline","Lockon"],"picked":"Cold Snap","floor":13},{"not_picked":["Hologram","Multi-Cast","Sweeping Beam"],"picked":"SKIP","floor":14},{"not_picked":["Reboot","Machine Learning"],"picked":"Electrodynamics","floor":16},{"not_picked":["Melter","Lockon"],"picked":"Chill","floor":17},{"not_picked":["Beam Cell","Hologram"],"picked":"Barrage","floor":17},{"not_picked":["Cold Snap","Fusion"],"picked":"Turbo","floor":17},{"not_picked":["Beam Cell","Melter"],"picked":"Coolheaded","floor":17},{"not_picked":["Rebound","Heatsinks"],"picked":"Hologram","floor":17},{"not_picked":["Turbo","Go for the Eyes","Streamline"],"picked":"SKIP","floor":18},{"not_picked":["Cold Snap","Gash"],"picked":"Chaos+1","floor":19},{"not_picked":["Beam Cell","Reprogram"],"picked":"Glacier","floor":28},{"not_picked":["Rebound","Turbo+1"],"picked":"Capacitor","floor":31},{"not_picked":["Thunder Strike","All For One"],"picked":"Amplify+1","floor":33}],"player_experience":2645289,"relics_obtained":[{"floor":6,"key":"Juzu Bracelet"},{"floor":8,"key":"FossilizedHelix"},{"floor":9,"key":"Shuriken"},{"floor":12,"key":"Odd Mushroom"},{"floor":14,"key":"Letter Opener"},{"floor":26,"key":"Vajra"},{"floor":27,"key":"Red Mask"},{"floor":28,"key":"Toxic Egg 2"}],"event_choices":[{"damage_healed":0,"gold_gain":0,"cards_transformed":["Strike_B"],"player_choice":"Change","damage_taken":0,"max_hp_gain":0,"max_hp_loss":0,"event_name":"Living Wall","floor":5,"gold_loss":0,"cards_obtained":["Double Energy"]},{"damage_healed":0,"gold_gain":0,"player_choice":"Leave","damage_taken":0,"max_hp_gain":0,"max_hp_loss":0,"event_name":"The Cleric","floor":11,"gold_loss":0},{"damage_healed":0,"gold_gain":0,"player_choice":"Fought Mushrooms","damage_taken":0,"max_hp_gain":0,"max_hp_loss":0,"event_name":"Mushrooms","floor":12,"gold_loss":0},{"cards_removed":["Strike_B"],"damage_healed":0,"gold_gain":0,"player_choice":"Purged","damage_taken":0,"max_hp_gain":0,"max_hp_loss":0,"event_name":"Purifier","floor":20,"gold_loss":0},{"damage_healed":0,"gold_gain":0,"player_choice":"Shed Blood","damage_taken":25,"max_hp_gain":5,"max_hp_loss":0,"event_name":"Forgotten Altar","floor":21,"gold_loss":0},{"damage_healed":0,"gold_gain":0,"player_choice":"Ignored","damage_taken":0,"max_hp_gain":0,"max_hp_loss":0,"event_name":"Vampires","floor":24,"gold_loss":0},{"damage_healed":0,"gold_gain":0,"player_choice":"Copied","damage_taken":0,"max_hp_gain":0,"max_hp_loss":0,"event_name":"Duplicator","floor":25,"gold_loss":0,"cards_obtained":["Biased Cognition"]},{"damage_healed":0,"gold_gain":0,"player_choice":"Fought Bandits","damage_taken":0,"max_hp_gain":0,"max_hp_loss":0,"event_name":"Masked Bandits","floor":27,"gold_loss":0}],"is_beta":false,"boss_relics":[{"not_picked":["White Beast Statue","Coffee Dripper"],"picked":"Orrery"},{"not_picked":["Eternal Feather","Philosopher\u0027s Stone"],"picked":"Pandora\u0027s Box"}],"items_purged_floors":[],"is_endless":false,"potions_floor_spawned":[3,6,8,14,19,28,31],"ascension_level":20}