{"gold_per_floor":[212,212,212,38,53,81,99,24,24,24,59,126,126],"floor_reached":13,"playtime":291,"items_purged":["Strike_B"],"score":182,"play_id":"a478a0f1-af99-47d4-93ed-6451d04661e3","local_time":"20190319220058","is_ascension_mode":true,"campfire_choices":[{"data":"Darkness","floor":10,"key":"SMITH"}],"neow_cost":"NONE","seed_source_timestamp":12312153632100,"circlet_count":0,"master_deck":["AscendersBane","Strike_B","Strike_B","Strike_B","Defend_B+1","Defend_B","Defend_B+1","Defend_B+1","Zap","Dualcast+1","Melter","Darkness+1","Recycle","Lockon"],"special_seed":0,"relics":["Cracked Core","Bottled Lightning","War Paint"],"potions_floor_usage":[11],"damage_taken":[{"damage":4.0,"enemies":"Jaw Worm","floor":1.0,"turns":4.0},{"damage":4.0,"enemies":"Small Slimes","floor":5.0,"turns":3.0},{"damage":19.0,"enemies":"Lagavulin","floor":6.0,"turns":8.0},{"damage":0.0,"enemies":"2 Louse","floor":7.0,"turns":2.0},{"damage":44,"enemies":"3 Sentries","floor":11,"turns":7},{"damage":0,"enemies":"Gremlin Gang","floor":13,"turns":1}],"seed_played":"-5059069081543055241","potions_obtained":[{"floor":1.0,"key":"Energy Potion"},{"floor":7.0,"key":"Regen Potion"}],"is_trial":false,"path_per_floor":["M","?","?","$","M","E","M","$","T","R","E","?","M"],"character_chosen":"DEFECT","items_purchased":["Darkness","Fire Potion","Recycle"],"campfire_rested":0,"item_purchase_floors":[4,4,4],"current_hp_per_floor":[60,39,62,62,58,39,39,39,39,39,10,10,10],"gold":126,"neow_bonus":"HUNDRED_GOLD","is_prod":false,"is_daily":false,"chose_seed":false,"campfire_upgraded":1,"win_rate":0,"timestamp":1553000458,"path_taken":["M","?","?","$","?","E","M","$","T","R","E","?","M"],"build_version":"2019-01-23","purchased_purges":1,"victory":false,"max_hp_per_floor":[71,71,71,71,71,71,71,71,71,71,71,71,71],"card_choices":[{"not_picked":["Conserve Battery","Redo"],"picked":"Melter","floor":1.0},{"not_picked":["Hello World","Auto Shields","Steam Power"],"picked":"SKIP","floor":5.0},{"not_picked":["Rebound","Meteor Strike","Force Field"],"picked":"SKIP","floor":6.0},{"not_picked":["Rebound","Meteor Strike","Force Field"],"picked":"SKIP","floor":6.0},{"not_picked":["Turbo","Rebound","Sweeping Beam"],"picked":"SKIP","floor":7.0},{"not_picked":["Static Discharge","Hologram"],"picked":"Lockon","floor":11}],"player_experience":2387705,"relics_obtained":[{"floor":6.0,"key":"Bottled Lightning"},{"floor":11,"key":"War Paint"}],"event_choices":[{"damage_healed":0.0,"max_hp_gain":0.0,"max_hp_loss":0.0,"gold_gain":0.0,"event_name":"Shining Light","player_choice":"Entered Light","floor":2.0,"gold_loss":0.0,"damage_taken":21.0,"cards_upgraded":["Defend_B","Defend_B"]},{"damage_healed":23.0,"max_hp_gain":0.0,"max_hp_loss":0.0,"gold_gain":0.0,"event_name":"Big Fish","player_choice":"Banana","floor":3.0,"gold_loss":0.0,"damage_taken":0.0},{"damage_healed":0,"gold_gain":67,"player_choice":"Gained Gold","damage_taken":0,"max_hp_gain":0,"max_hp_loss":0,"event_name":"Golden Wing","floor":12,"gold_loss":0}],"is_beta":false,"boss_relics":[],"items_purged_floors":[8],"is_endless":false,"potions_floor_spawned":[1,7],"killed_by":"Gremlin Gang","ascension_level":20}