{"gold_per_floor":[117,130,145,42,42,81,106,106,133,169,2,21,42,65,65,65],"floor_reached":16,"playtime":336,"items_purged":["Strike_R"],"score":228,"play_id":"240de537-1531-46e2-a278-53482eccc8ae","local_time":"20190314141123","is_ascension_mode":true,"campfire_choices":[{"data":"Immolate","floor":8,"key":"SMITH"},{"data":"Bash","floor":15,"key":"SMITH"}],"neow_cost":"NONE","seed_source_timestamp":14773383338700,"circlet_count":0,"master_deck":["AscendersBane","Strike_R","Strike_R","Strike_R","Strike_R","Defend_R","Defend_R","Defend_R","Defend_R","Bash+1","Battle Trance","Second Wind","Flex","Immolate+1","Power Through"],"relics":["Burning Blood","NeowsBlessing","Golden Idol","Anchor","Vajra","Lantern","Red Skull"],"potions_floor_usage":[6,10,16,16],"damage_taken":[{"damage":0,"enemies":"Cultist","floor":1,"turns":1},{"damage":0,"enemies":"2 Louse","floor":2,"turns":1},{"damage":0,"enemies":"Jaw Worm","floor":3,"turns":1},{"damage":47,"enemies":"Lagavulin","floor":6,"turns":7},{"damage":0,"enemies":"2 Fungi Beasts","floor":7,"turns":2},{"damage":11,"enemies":"Gremlin Nob","floor":10,"turns":3},{"damage":0,"enemies":"Red Slaver","floor":12,"turns":2},{"damage":0,"enemies":"Exordium Thugs","floor":13,"turns":2},{"damage":0,"enemies":"2 Fungi Beasts","floor":14,"turns":2},{"damage":20,"enemies":"Hexaghost","floor":16,"turns":8}],"seed_played":"-3518492225206494485","potions_obtained":[{"floor":1,"key":"Weak Potion"},{"floor":2,"key":"SkillPotion"},{"floor":7,"key":"Energy Potion"},{"floor":12,"key":"SkillPotion"},{"floor":13,"key":"LiquidBronze"}],"is_trial":false,"path_per_floor":["M","M","M","$","?","E","M","R","T","E","$","M","M","M","R","B"],"character_chosen":"IRONCLAD","items_purchased":["Flex","Red Skull"],"campfire_rested":0,"item_purchase_floors":[4,11],"current_hp_per_floor":[74,75,75,75,49,8,14,14,14,9,9,15,21,27,27,7],"gold":65,"neow_bonus":"THREE_ENEMY_KILL","is_prod":false,"is_daily":false,"chose_seed":false,"campfire_upgraded":2,"win_rate":0,"timestamp":1552540283,"path_taken":["M","?","M","$","?","E","M","R","T","E","$","M","M","M","R","BOSS"],"build_version":"2019-01-23","purchased_purges":1,"victory":false,"max_hp_per_floor":[75,75,75,75,75,75,75,75,75,75,75,75,75,75,75,75],"card_choices":[{"not_picked":["Wild Strike","Body Slam"],"picked":"Battle Trance","floor":1},{"not_picked":["Searing Blow","Warcry","Headbutt"],"picked":"SKIP","floor":2},{"not_picked":["Clash","Cleave"],"picked":"Second Wind","floor":3},{"not_picked":["Spot Weakness","True Grit"],"picked":"Immolate","floor":6},{"not_picked":["Iron Wave","Twin Strike","Perfected Strike"],"picked":"SKIP","floor":7},{"not_picked":["Pummel","Cleave","Juggernaut"],"picked":"SKIP","floor":10},{"not_picked":["Thunderclap","Sever Soul","Headbutt"],"picked":"SKIP","floor":12},{"not_picked":["Armaments","Clash","Reckless Charge"],"picked":"SKIP","floor":13},{"not_picked":["Sentinel","Pommel Strike"],"picked":"Power Through","floor":14}],"player_experience":2264899,"relics_obtained":[{"floor":6,"key":"Anchor"},{"floor":9,"key":"Vajra"},{"floor":10,"key":"Lantern"}],"event_choices":[{"damage_healed":0,"gold_gain":0,"player_choice":"Take Damage","damage_taken":26,"relics_obtained":["Golden Idol"],"max_hp_gain":0,"max_hp_loss":0,"event_name":"Golden Idol","floor":5,"gold_loss":0}],"is_beta":false,"boss_relics":[],"items_purged_floors":[4],"is_endless":false,"potions_floor_spawned":[1,2,7,12,13],"killed_by":"Hexaghost","ascension_level":20}