{"gold_per_floor":[118,194,194,119,139,169,169,2,29,59,69,69,89,124,124,203,203,213,85,45,45,59,59,77,77,77,102,102,102],"floor_reached":29,"playtime":858,"items_purged":["Strike_R"],"score":608,"play_id":"8822c2c2-6508-4280-aaed-c267ef983ca7","local_time":"20190309151134","is_ascension_mode":true,"campfire_choices":[{"data":"Bash","floor":12,"key":"SMITH"},{"data":"Entrench","floor":15,"key":"SMITH"},{"data":"Immolate","floor":25,"key":"SMITH"},{"data":"Entrench","floor":28,"key":"SMITH"}],"neow_cost":"NONE","seed_source_timestamp":17388149253900,"circlet_count":0,"master_deck":["AscendersBane","Strike_R","Strike_R","Strike_R","Strike_R","Defend_R","Defend_R","Defend_R","Defend_R","Bash+1","Flame Barrier","Impervious","Offering","Entrench+1","Evolve","Cleave","Immolate+1","Thunderclap","Entrench+1","Body Slam"],"relics":["Burning Blood","NeowsBlessing","Mercury Hourglass","Art of War","Pear","Pantograph","Oddly Smooth Stone","Paper Frog","Potion Belt","Black Star","Turnip","Bronze Scales","Regal Pillow"],"potions_floor_usage":[10,10,14,16,23,27,27,27,29],"damage_taken":[{"damage":0,"enemies":"Cultist","floor":1,"turns":1},{"damage":0,"enemies":"Small Slimes","floor":5,"turns":1},{"damage":0,"enemies":"3 Sentries","floor":6,"turns":1},{"damage":40,"enemies":"Lagavulin","floor":10,"turns":7},{"damage":0,"enemies":"2 Louse","floor":11,"turns":3},{"damage":11,"enemies":"Looter","floor":13,"turns":2},{"damage":16,"enemies":"3 Sentries","floor":14,"turns":5},{"damage":28,"enemies":"Slime Boss","floor":16,"turns":11},{"damage":26,"enemies":"Spheric Guardian","floor":18,"turns":6},{"damage":0,"enemies":"3 Byrds","floor":22,"turns":5},{"damage":0,"enemies":"Book of Stabbing","floor":23,"turns":1},{"damage":6,"enemies":"Cultist and Chosen","floor":24,"turns":6},{"damage":46,"enemies":"Slavers","floor":27,"turns":6},{"damage":33,"enemies":"Book of Stabbing","floor":29,"turns":5}],"seed_played":"-7826668496398717817","potions_obtained":[{"floor":1,"key":"BloodPotion"},{"floor":6,"key":"FearPotion"},{"floor":13,"key":"Block Potion"},{"floor":14,"key":"Fruit Juice"},{"floor":18,"key":"FearPotion"},{"floor":20,"key":"SmokeBomb"},{"floor":20,"key":"Energy Potion"},{"floor":24,"key":"EssenceOfSteel"},{"floor":27,"key":"SteroidPotion"}],"is_trial":false,"path_per_floor":["M","T","?","?","M","E","T","$","T","E","M","R","M","E","R","B",null,"M","$","?","$","M","E","M","R","T","E","R","E"],"character_chosen":"IRONCLAD","items_purchased":["Offering","Energy Potion"],"campfire_rested":0,"item_purchase_floors":[8,19],"current_hp_per_floor":[74,74,74,74,75,85,85,85,85,59,65,65,60,55,55,58,82,62,62,62,62,68,74,74,74,74,34,34,1],"gold":102,"neow_bonus":"THREE_ENEMY_KILL","is_prod":false,"is_daily":false,"chose_seed":false,"campfire_upgraded":4,"win_rate":0,"timestamp":1552111894,"path_taken":["M","?","?","?","M","E","?","?","T","E","M","R","M","E","R","BOSS","M","$","?","?","M","E","?","R","T","E","R","E"],"build_version":"2019-01-23","purchased_purges":1,"victory":false,"max_hp_per_floor":[75,75,75,75,75,85,85,85,85,85,85,85,85,90,90,90,90,90,90,90,90,90,90,90,90,90,90,90,90],"card_choices":[{"not_picked":["Combust","Sword Boomerang"],"picked":"Flame Barrier","floor":1},{"not_picked":["Wild Strike","Metallicize","Perfected Strike"],"picked":"SKIP","floor":5},{"not_picked":["True Grit","Wild Strike"],"picked":"Impervious","floor":6},{"not_picked":["Iron Wave","Searing Blow"],"picked":"Entrench","floor":10},{"not_picked":["Perfected Strike","Headbutt"],"picked":"Evolve","floor":11},{"not_picked":["Metallicize","True Grit"],"picked":"Cleave","floor":13},{"not_picked":["Havoc","Sever Soul","Bloodletting"],"picked":"SKIP","floor":14},{"not_picked":["Impervious","Dark Embrace"],"picked":"Immolate","floor":16},{"not_picked":["Armaments","Havoc"],"picked":"Thunderclap","floor":18},{"not_picked":["Evolve","Perfected Strike","Heavy Blade"],"picked":"SKIP","floor":22},{"not_picked":["Heavy Blade","Sword Boomerang"],"picked":"Entrench","floor":24},{"not_picked":["Brutality","Flex"],"picked":"Body Slam","floor":27}],"player_experience":2090925,"relics_obtained":[{"floor":2,"key":"Mercury Hourglass"},{"floor":6,"key":"Pear"},{"floor":7,"key":"Pantograph"},{"floor":9,"key":"Oddly Smooth Stone"},{"floor":10,"key":"Paper Frog"},{"floor":14,"key":"Potion Belt"},{"floor":26,"key":"Turnip"},{"floor":27,"key":"Bronze Scales"},{"floor":27,"key":"Regal Pillow"}],"event_choices":[{"damage_healed":0,"gold_gain":0,"player_choice":"Box","damage_taken":0,"relics_obtained":["Art of War"],"max_hp_gain":0,"max_hp_loss":0,"event_name":"Big Fish","floor":3,"gold_loss":0,"cards_obtained":["Regret"]},{"cards_removed":["Regret"],"damage_healed":0,"gold_gain":0,"player_choice":"Card Removal","damage_taken":0,"max_hp_gain":0,"max_hp_loss":0,"event_name":"The Cleric","floor":4,"gold_loss":75},{"damage_healed":0,"gold_gain":0,"player_choice":"Bought 3 Potions","damage_taken":0,"max_hp_gain":0,"max_hp_loss":0,"event_name":"The Woman in Blue","floor":20,"gold_loss":0}],"is_beta":false,"boss_relics":[{"not_picked":["Busted Crown","Velvet Choker"],"picked":"Black Star"}],"items_purged_floors":[19],"is_endless":false,"potions_floor_spawned":[1,6,13,14,18,24,27],"killed_by":"Book of Stabbing","ascension_level":20}