{"gold_per_floor":[110,110,110,130,130,161,161,193,267,267,280,280,292,309,336,336,434,434,451,401,419,435,435,435,463,463,463,475,514,526,556,568,580,592,699,711,735,847,859,888,912,924,951,963],"floor_reached":44,"playtime":3300,"items_purged":[],"score":701,"play_id":"7c6fa8b8-04c1-43c5-9745-235dfbbfb372","local_time":"20190327221110","is_ascension_mode":true,"campfire_choices":[{"data":"Shockwave","floor":7,"key":"SMITH"},{"data":"Double Tap","floor":12,"key":"SMITH"},{"data":"Metallicize","floor":16,"key":"SMITH"},{"data":"Feed","floor":24,"key":"SMITH"},{"data":"Inflame","floor":30,"key":"SMITH"},{"data":"Metallicize","floor":32,"key":"SMITH"},{"floor":34,"key":"REST"},{"data":"Searing Blow","floor":42,"key":"SMITH"}],"neow_cost":"NONE","seed_source_timestamp":68044493763900,"circlet_count":0,"master_deck":["Cleave","Double Tap+1","Iron Wave","Metallicize+1","Iron Wave","Metallicize+1","Shockwave+1","Inflame+1","Ghostly Armor","Offering","Battle Trance","Perfected Strike","Warcry","Perfected Strike","Pummel","Thunderclap","Corruption","Offering","Wild Strike+1","Burning Pact","Feed+1","Flex","Writhe","Twin Strike","Clash","Corruption+1","Berserk","Searing Blow+1","Battle Trance","Blood for Blood","Bash","Intimidate+1","Anger","Anger"],"relics":["Snecko Eye","Dream Catcher","Pen Nib","Kunai","Matryoshka","Black Star","Art of War","Pocketwatch","Shuriken","MawBank","Mango","Red Mask","Runic Pyramid","Ice Cream"],"potions_floor_usage":[22,22,33,41,41,41],"damage_taken":[{"damage":4,"enemies":"Jaw Worm","floor":1,"turns":3},{"damage":0,"enemies":"Small Slimes","floor":4,"turns":2},{"damage":6,"enemies":"Gremlin Nob","floor":6,"turns":3},{"damage":6,"enemies":"3 Sentries","floor":8,"turns":3},{"damage":0,"enemies":"Cultist","floor":11,"turns":3},{"damage":7,"enemies":"Looter","floor":13,"turns":3},{"damage":6,"enemies":"Red Slaver","floor":14,"turns":3},{"damage":12,"enemies":"Lagavulin","floor":15,"turns":5},{"damage":12,"enemies":"Hexaghost","floor":17,"turns":6},{"damage":12,"enemies":"Shell Parasite","floor":19,"turns":2},{"damage":0,"enemies":"3 Byrds","floor":21,"turns":5},{"damage":12,"enemies":"Shelled Parasite and Fungi","floor":22,"turns":3},{"damage":20,"enemies":"Gremlin Leader","floor":25,"turns":3},{"damage":12,"enemies":"Masked Bandits","floor":29,"turns":2},{"damage":0,"enemies":"Centurion and Healer","floor":31,"turns":3},{"damage":0,"enemies":"Book of Stabbing","floor":33,"turns":1},{"damage":12,"enemies":"Automaton","floor":35,"turns":6},{"damage":21,"enemies":"3 Darklings","floor":37,"turns":4},{"damage":0,"enemies":"Mind Bloom Boss Battle","floor":38,"turns":3},{"damage":18,"enemies":"Orb Walker","floor":40,"turns":4},{"damage":12,"enemies":"Transient","floor":41,"turns":5},{"damage":37,"enemies":"3 Darklings","floor":43,"turns":4},{"damage":47,"enemies":"4 Shapes","floor":44,"turns":6}],"seed_played":"-3532397270368491101","potions_obtained":[{"floor":11,"key":"AttackPotion"},{"floor":14,"key":"Ancient Potion"},{"floor":15,"key":"Block Potion"},{"floor":25,"key":"SmokeBomb"},{"floor":35,"key":"Regen Potion"},{"floor":40,"key":"Swift Potion"},{"floor":41,"key":"Energy Potion"}],"is_trial":false,"path_per_floor":["M","?","$","M","?","E","R","E","T","T","M","R","M","M","E","R","B",null,"M","?","M","M","?","R","E","?","T","T","?","R","M","R","E","R","B",null,"M","?","?","M","M","R","M","M"],"character_chosen":"IRONCLAD","items_purchased":[],"campfire_rested":1,"item_purchase_floors":[],"current_hp_per_floor":[76,76,76,76,76,70,70,64,64,64,64,64,57,51,39,39,27,80,68,68,68,56,56,56,40,40,54,54,42,42,46,46,46,76,68,106,89,89,89,75,78,78,45,0],"gold":963,"neow_bonus":"BOSS_RELIC","is_prod":false,"is_daily":false,"chose_seed":false,"campfire_upgraded":7,"win_rate":0,"timestamp":1553692270,"path_taken":["M","?","$","M","?","E","R","E","T","M","R","M","?","E","R","BOSS","M","?","M","?","?","R","E","?","T","?","R","?","R","E","R","BOSS","M","?","?","M","M","R","M","?"],"build_version":"2019-01-23","purchased_purges":0,"victory":false,"max_hp_per_floor":[80,80,80,80,80,80,80,80,80,80,80,80,80,80,80,80,80,80,80,80,80,80,80,80,84,84,98,98,98,98,102,102,102,102,106,106,110,110,110,114,114,114,118,118],"card_choices":[{"not_picked":["Heavy Blade","Inflame"],"picked":"Battle Trance","floor":1},{"not_picked":["Cleave","Uppercut"],"picked":"Clash","floor":4},{"not_picked":["Impervious","Cleave"],"picked":"Perfected Strike","floor":6},{"not_picked":["Carnage","Searing Blow"],"picked":"Warcry","floor":8},{"not_picked":["Rupture","Heavy Blade"],"picked":"Perfected Strike","floor":11},{"not_picked":["Shrug It Off","Battle Trance"],"picked":"Pummel","floor":13},{"not_picked":["Second Wind","Headbutt"],"picked":"Thunderclap","floor":14},{"not_picked":["Uppercut","Rampage"],"picked":"Corruption","floor":15},{"not_picked":["Feed","Immolate"],"picked":"Offering","floor":17},{"not_picked":["Heavy Blade","Blood for Blood+1"],"picked":"Wild Strike+1","floor":19},{"not_picked":["Power Through","Rampage"],"picked":"Anger","floor":21},{"not_picked":["True Grit","Rampage"],"picked":"Bloodletting","floor":22},{"not_picked":["Cleave+1","Searing Blow"],"picked":"Flex","floor":25},{"not_picked":["Infernal Blade","Blood for Blood"],"picked":"Twin Strike","floor":29},{"not_picked":["Searing Blow","Ghostly Armor"],"picked":"Clash","floor":31},{"not_picked":["Sentinel+1","Twin Strike"],"picked":"Corruption+1","floor":34},{"not_picked":["Fiend Fire","Brutality"],"picked":"Berserk","floor":35},{"not_picked":["Burning Pact","Havoc"],"picked":"Searing Blow","floor":37},{"not_picked":["Wild Strike","Clothesline"],"picked":"Battle Trance","floor":38},{"not_picked":["Headbutt+1","True Grit"],"picked":"Intimidate+1","floor":40},{"not_picked":["True Grit+1","Clash+1"],"picked":"Anger","floor":41},{"not_picked":["Armaments+1","Sword Boomerang"],"picked":"Anger","floor":43}],"player_experience":2648513,"relics_obtained":[{"floor":6,"key":"Dream Catcher"},{"floor":8,"key":"Pen Nib"},{"floor":9,"key":"Kunai"},{"floor":15,"key":"Matryoshka"},{"floor":25,"key":"Art of War"},{"floor":25,"key":"Pocketwatch"},{"floor":27,"key":"MawBank"},{"floor":27,"key":"Mango"},{"floor":29,"key":"Red Mask"},{"floor":38,"key":"Ice Cream"}],"event_choices":[{"damage_healed":0,"gold_gain":0,"player_choice":"Leave","damage_taken":0,"max_hp_gain":0,"max_hp_loss":0,"event_name":"The Cleric","floor":2,"gold_loss":0},{"cards_removed":["Clash"],"damage_healed":0,"gold_gain":0,"player_choice":"Card Removal","damage_taken":0,"max_hp_gain":0,"max_hp_loss":0,"event_name":"Wheel of Change","floor":5,"gold_loss":0},{"damage_healed":0,"gold_gain":0,"player_choice":"Bet on Murderer","damage_taken":0,"max_hp_gain":0,"max_hp_loss":0,"event_name":"The Joust","floor":20,"gold_loss":50},{"damage_healed":0,"gold_gain":0,"cards_transformed":["Bloodletting","Anger"],"player_choice":"Became Test Subject","damage_taken":0,"max_hp_gain":0,"max_hp_loss":0,"event_name":"Drug Dealer","floor":23,"gold_loss":0,"cards_obtained":["Burning Pact","Feed"]},{"damage_healed":0,"gold_gain":0,"player_choice":"Opened","damage_taken":0,"relics_obtained":["Shuriken"],"max_hp_gain":0,"max_hp_loss":0,"event_name":"The Mausoleum","floor":26,"gold_loss":0,"cards_obtained":["Writhe"]},{"damage_healed":0,"gold_gain":0,"player_choice":"Fought Bandits","damage_taken":0,"max_hp_gain":0,"max_hp_loss":0,"event_name":"Masked Bandits","floor":29,"gold_loss":0},{"damage_healed":0,"gold_gain":0,"player_choice":"Fight","damage_taken":0,"max_hp_gain":0,"max_hp_loss":0,"event_name":"MindBloom","floor":38,"gold_loss":0},{"damage_healed":0,"gold_gain":0,"player_choice":"2 cards matched","damage_taken":0,"max_hp_gain":0,"max_hp_loss":0,"event_name":"Match and Keep!","floor":39,"gold_loss":0,"cards_obtained":["Blood for Blood","Bash"]}],"is_beta":false,"boss_relics":[{"not_picked":["Runic Cube","Empty Cage"],"picked":"Black Star"},{"not_picked":["White Beast Statue","Velvet Choker"],"picked":"Runic Pyramid"}],"items_purged_floors":[],"is_endless":false,"potions_floor_spawned":[11,14,15,17,25,35,40,41],"killed_by":"4 Shapes","ascension_level":3}