{"path_per_floor":["M","M","$","?","?","R","?","M","T","E","$","?","M","M","R","B",null,"M","?","?","$","?","E","R","E","T","R","M","M","?","?","R"],"character_chosen":"IRONCLAD","items_purchased":["Vajra","Dropkick"],"gold_per_floor":[118,136,61,11,86,86,86,102,129,161,8,36,56,69,69,170,170,190,90,90,22,22,55,55,83,83,83,95,113,113,113,113],"floor_reached":33,"campfire_rested":3,"playtime":4033,"current_hp_per_floor":[71,75,75,75,64,64,64,70,70,65,65,61,67,64,84,15,67,69,69,69,69,60,37,55,60,60,60,66,60,60,44,64],"items_purged":["Strike_R"],"gold":113,"score":391,"play_id":"4d0ec400-b55e-48b5-828d-58c2c7713d0f","local_time":"20180310194539","is_prod":false,"is_daily":false,"is_ascension_mode":true,"campfire_upgraded":2,"timestamp":1520703939,"path_taken":["M","M","$","?","?","R","?","?","T","E","?","?","M","M","R","BOSS","M","?","?","$","?","E","R","E","T","R","M","?","?","?","R","BOSS"],"build_version":"2018-03-09","purchased_purges":1,"victory":false,"master_deck":["Defend_R","Defend_R","Defend_R","Bash","Armaments+1","Twin Strike","Armaments+1","Inflame","Reaper","J.A.X.","Dropkick+1","Bite","Bite","Bite","Bite","Bite"],"max_hp_per_floor":[80,80,80,80,80,80,80,80,80,80,80,82,82,84,84,84,84,86,86,86,86,60,62,62,64,64,64,66,68,68,68,68],"relics":["Burning Blood","Bag of Marbles","Bronze Scales","Singing Bowl","Vajra","Odd Mushroom","Velvet Choker","Ancient Tea Set","Toolbox","Du-Vu Doll","Enchiridion"],"card_choices":[{"not_picked":["Rage","Twin Strike"],"picked":"Armaments"},{"not_picked":["Havoc","Body Slam"],"picked":"Twin Strike"},{"not_picked":["Sever Soul","Flame Barrier"],"picked":"Armaments"},{"not_picked":["Corruption","Rupture"],"picked":"Inflame"},{"not_picked":["Offering","Limit Break"],"picked":"Reaper"}],"player_experience":266747,"potions_floor_usage":[10,10,18,25],"damage_taken":[{"damage":7,"enemies":"Jaw Worm","floor":1,"turns":3},{"damage":2,"enemies":"2 Louse","floor":2,"turns":4},{"damage":0,"enemies":"Small Slimes","floor":8,"turns":3},{"damage":23,"enemies":"Lagavulin","floor":10,"turns":5},{"damage":12,"enemies":"The Mushroom Lair","floor":12,"turns":5},{"damage":0,"enemies":"3 Louse","floor":13,"turns":3},{"damage":11,"enemies":"Large Slime","floor":14,"turns":6},{"damage":75,"enemies":"Hexaghost","floor":16,"turns":11},{"damage":15,"enemies":"3 Byrds","floor":18,"turns":3},{"damage":62,"enemies":"Gremlin Leader","floor":23,"turns":6},{"damage":31,"enemies":"Book of Stabbing","floor":25,"turns":3},{"damage":26,"enemies":"2 Thieves","floor":28,"turns":3},{"damage":38,"enemies":"Sentry and Sphere","floor":29,"turns":5},{"damage":112,"enemies":"Automaton","floor":33,"turns":8}],"event_choices":[{"event_name":"The Cleric","player_choice":"Card Removal","floor":4,"damage_taken":0},{"event_name":"World of Goop","player_choice":"Gather Gold","floor":5,"damage_taken":0},{"event_name":"Dead Adventurer","player_choice":"Searched \u00271\u0027 times","floor":7,"damage_taken":0},{"event_name":"Mushrooms","player_choice":"Fought Mushrooms","floor":12,"damage_taken":0},{"event_name":"Drug Dealer","player_choice":"Got JAXXED","floor":19,"damage_taken":0},{"event_name":"Beggar","player_choice":"Ignored","floor":20,"damage_taken":0},{"event_name":"Vampires","player_choice":"Became a vampire","floor":22,"damage_taken":0},{"event_name":"Upgrade Shrine","player_choice":"Upgraded","floor":30,"damage_taken":0},{"event_name":"Cursed Tome","player_choice":"Obtained Book","floor":31,"damage_taken":0}],"boss_relics":[{"not_picked":["Astrolabe","Cursed Key"],"picked":"Velvet Choker"}],"potions_floor_spawned":[1,8,16,23],"seed_played":"8714743232866785962","killed_by":"Automaton","ascension_level":6,"is_trial":false}