{"gold_per_floor":[109,109,109,122,137,137,168,168,192,35,50,76,76,89,89,162,162,176,176,101,151,151,151],"floor_reached":23,"playtime":417,"items_purged":["Regret"],"score":394,"play_id":"4970e909-7bc4-4cef-a3bc-8a64464f5240","local_time":"20190422205201","is_ascension_mode":true,"campfire_choices":[{"data":"Uppercut","floor":6.0,"key":"SMITH"},{"data":"Bash","floor":8.0,"key":"SMITH"},{"data":"Berserk","floor":15.0,"key":"SMITH"}],"neow_cost":"NONE","seed_source_timestamp":32591938053900,"circlet_count":0,"master_deck":["AscendersBane","Strike_R","Strike_R","Strike_R","Strike_R","Defend_R","Defend_R","Defend_R","Defend_R","Bash+1","Berserk+1","Uppercut+1","Pommel Strike","True Grit","Evolve","Immolate","Writhe","Decay"],"special_seed":0,"relics":["Burning Blood","NeowsBlessing","Strawberry","Orichalcum","Vajra","Question Card","Self Forming Clay","Calling Bell","PreservedInsect","Ornamental Fan","Unceasing Top","Nloth\u0027s Gift"],"potions_floor_usage":[23],"damage_taken":[{"damage":0.0,"enemies":"2 Louse","floor":1.0,"turns":1.0},{"damage":0.0,"enemies":"Jaw Worm","floor":4.0,"turns":1.0},{"damage":0.0,"enemies":"Cultist","floor":5.0,"turns":1.0},{"damage":12.0,"enemies":"Lagavulin","floor":7.0,"turns":7.0},{"damage":32.0,"enemies":"Red Slaver","floor":11.0,"turns":5.0},{"damage":22.0,"enemies":"Gremlin Nob","floor":12.0,"turns":4.0},{"damage":7.0,"enemies":"Exordium Wildlife","floor":14.0,"turns":3.0},{"damage":30.0,"enemies":"The Guardian","floor":16.0,"turns":11.0},{"damage":37,"enemies":"Shell Parasite","floor":18,"turns":5},{"damage":14,"enemies":"Slavers","floor":23,"turns":1}],"seed_played":"3100202130173779198","potions_obtained":[{"floor":1.0,"key":"Dexterity Potion"},{"floor":5.0,"key":"Explosive Potion"},{"floor":16.0,"key":"GamblersBrew"}],"is_trial":false,"path_per_floor":["M","?","?","M","M","R","E","R","T","$","M","E","?","M","R","B",null,"M","?","$","?","?","E"],"character_chosen":"IRONCLAD","items_purchased":["Vajra"],"campfire_rested":0,"item_purchase_floors":[10],"current_hp_per_floor":[74,74,70,76,82,82,76,76,76,76,50,34,34,33,33,9,64,33,9,9,9,9,0],"gold":151,"neow_bonus":"THREE_ENEMY_KILL","is_prod":false,"is_daily":false,"chose_seed":false,"campfire_upgraded":3,"win_rate":0,"timestamp":1555933921,"path_taken":["M","?","?","M","M","R","E","R","T","?","M","E","?","?","R","BOSS","M","?","$","?","?","E"],"build_version":"2019-01-23","purchased_purges":1,"victory":false,"max_hp_per_floor":[75,75,82,82,82,82,82,82,82,82,82,82,82,82,82,82,82,82,87,87,87,87,87],"card_choices":[{"not_picked":["Corruption","Searing Blow","Havoc"],"picked":"SKIP","floor":1.0},{"not_picked":["Metallicize","Wild Strike"],"picked":"Uppercut","floor":4.0},{"not_picked":["Body Slam","Twin Strike"],"picked":"Pommel Strike","floor":5.0},{"not_picked":["Anger","Pommel Strike","Metallicize"],"picked":"SKIP","floor":7.0},{"not_picked":["Flame Barrier","Havoc"],"picked":"True Grit","floor":11.0},{"not_picked":["Perfected Strike","Corruption","Reckless Charge"],"picked":"SKIP","floor":12.0},{"not_picked":["Wild Strike","Heavy Blade","Havoc"],"picked":"Evolve","floor":14.0},{"not_picked":["Exhume","Bludgeon","Barricade"],"picked":"Immolate","floor":16.0},{"not_picked":["Clash","Armaments","Cleave","Havoc"],"picked":"SKIP","floor":18}],"player_experience":3307244,"relics_obtained":[{"floor":7.0,"key":"Art of War"},{"floor":9.0,"key":"Orichalcum"},{"floor":12.0,"key":"Question Card"},{"floor":17,"key":"PreservedInsect"},{"floor":17,"key":"Ornamental Fan"},{"floor":17,"key":"Unceasing Top"}],"event_choices":[{"damage_healed":0.0,"max_hp_gain":0.0,"max_hp_loss":0.0,"gold_gain":0.0,"cards_transformed":["Strike_R"],"event_name":"Living Wall","player_choice":"Change","floor":2.0,"gold_loss":0.0,"damage_taken":0.0,"cards_obtained":["Berserk"]},{"damage_healed":0.0,"max_hp_gain":0.0,"max_hp_loss":0.0,"gold_gain":0.0,"event_name":"Scrap Ooze","player_choice":"Success","floor":3.0,"gold_loss":0.0,"damage_taken":11.0,"relics_obtained":["Strawberry"]},{"damage_healed":0.0,"max_hp_gain":0.0,"max_hp_loss":0.0,"gold_gain":0.0,"event_name":"WeMeetAgain","player_choice":"Gave Potion","floor":13.0,"gold_loss":0.0,"damage_taken":0.0,"relics_obtained":["Self Forming Clay"]},{"damage_healed":0,"gold_gain":0,"player_choice":"Shed Blood","damage_taken":29,"max_hp_gain":5,"max_hp_loss":0,"event_name":"Forgotten Altar","floor":19,"gold_loss":0},{"damage_healed":0,"gold_gain":50,"player_choice":"Stole From Cult","damage_taken":0,"max_hp_gain":0,"max_hp_loss":0,"event_name":"Nest","floor":21,"gold_loss":0},{"damage_healed":0,"gold_gain":0,"player_choice":"Traded Relic","damage_taken":0,"relics_obtained":["Nloth\u0027s Gift"],"max_hp_gain":0,"max_hp_loss":0,"event_name":"N\u0027loth","floor":22,"relics_lost":["Art of War"],"gold_loss":0}],"is_beta":false,"boss_relics":[{"not_picked":["Fusion Hammer","Runic Pyramid"],"picked":"Calling Bell"}],"items_purged_floors":[20],"is_endless":false,"potions_floor_spawned":[1,5,7,16],"killed_by":"Slavers","ascension_level":20}