{"gold_per_floor":[362,362,437,24,24,24,62,62,140,184,204,277,312,348,348,348],"floor_reached":16,"playtime":432,"items_purged":["Strike_R"],"score":248,"play_id":"521f74a8-daa6-489b-9956-37c8fde7857e","local_time":"20190409115228","is_ascension_mode":true,"campfire_choices":[{"data":"Whirlwind","floor":6,"key":"SMITH"},{"floor":8,"key":"REST"},{"data":"Bash","floor":15,"key":"SMITH"}],"neow_cost":"TEN_PERCENT_HP_LOSS","seed_source_timestamp":208443760161900,"circlet_count":0,"master_deck":["AscendersBane","Strike_R","Strike_R+1","Strike_R","Strike_R+1","Defend_R","Defend_R","Defend_R","Defend_R","Bash+1","Whirlwind+1","Feel No Pain","True Grit","Seeing Red","Fiend Fire"],"relics":["Burning Blood","Orichalcum","Golden Idol","Frozen Egg 2","Bottled Tornado","Meat on the Bone","Tiny Chest","Odd Mushroom","Strawberry"],"potions_floor_usage":[12,12,16],"damage_taken":[{"damage":9,"enemies":"2 Louse","floor":1,"turns":5},{"damage":20,"enemies":"Gremlin Nob","floor":7,"turns":4},{"damage":8,"enemies":"3 Sentries","floor":10,"turns":4},{"damage":3,"enemies":"Jaw Worm","floor":11,"turns":3},{"damage":31,"enemies":"Gremlin Nob","floor":12,"turns":5},{"damage":0,"enemies":"The Mushroom Lair","floor":13,"turns":2},{"damage":5,"enemies":"3 Sentries","floor":14,"turns":4},{"damage":53,"enemies":"Hexaghost","floor":16,"turns":9}],"seed_played":"-8352973898525648831","potions_obtained":[{"floor":7,"key":"Block Potion"},{"floor":10,"key":"Swift Potion"},{"floor":12,"key":"Block Potion"}],"is_trial":false,"path_per_floor":["M","?","?","$","?","R","E","R","T","E","M","E","?","E","R","B"],"character_chosen":"IRONCLAD","items_purchased":["Orichalcum","Whirlwind","Feel No Pain"],"campfire_rested":1,"item_purchase_floors":[4,4,4],"current_hp_per_floor":[65,45,34,34,34,34,20,38,38,36,39,26,44,52,52,0],"gold":348,"neow_bonus":"TWO_FIFTY_GOLD","is_prod":false,"is_daily":false,"chose_seed":false,"campfire_upgraded":2,"win_rate":0,"timestamp":1554778348,"path_taken":["M","?","?","$","?","R","E","R","T","E","?","E","?","E","R","BOSS"],"build_version":"2019-01-23","purchased_purges":1,"victory":false,"max_hp_per_floor":[68,68,68,68,62,62,62,62,62,62,62,62,62,69,69,69],"card_choices":[{"not_picked":["Heavy Blade","Clash","Anger"],"picked":"SKIP","floor":1},{"not_picked":["Anger","Wild Strike"],"picked":"True Grit","floor":7},{"not_picked":["Flex","Bloodletting"],"picked":"Seeing Red","floor":10},{"not_picked":["Iron Wave","Perfected Strike","Whirlwind"],"picked":"SKIP","floor":11},{"not_picked":["Twin Strike","Combust+1","Armaments"],"picked":"SKIP","floor":12},{"not_picked":["Dropkick","Bloodletting"],"picked":"Fiend Fire","floor":13},{"not_picked":["Uppercut","Body Slam","Headbutt"],"picked":"SKIP","floor":14}],"player_experience":2999126,"relics_obtained":[{"floor":7,"key":"Frozen Egg 2"},{"floor":9,"key":"Bottled Tornado"},{"floor":10,"key":"Meat on the Bone"},{"floor":12,"key":"Tiny Chest"},{"floor":13,"key":"Odd Mushroom"},{"floor":14,"key":"Strawberry"}],"event_choices":[{"damage_healed":0,"gold_gain":0,"player_choice":"Entered Light","damage_taken":20,"max_hp_gain":0,"max_hp_loss":0,"event_name":"Shining Light","floor":2,"gold_loss":0,"cards_upgraded":["Strike_R","Strike_R"]},{"damage_healed":0,"gold_gain":75,"player_choice":"Gather Gold","damage_taken":11,"max_hp_gain":0,"max_hp_loss":0,"event_name":"World of Goop","floor":3,"gold_loss":0},{"damage_healed":0,"gold_gain":0,"player_choice":"Lose Max HP","damage_taken":0,"relics_obtained":["Golden Idol"],"max_hp_gain":0,"max_hp_loss":6,"event_name":"Golden Idol","floor":5,"gold_loss":0},{"damage_healed":0,"gold_gain":0,"player_choice":"Fought Mushrooms","damage_taken":0,"max_hp_gain":0,"max_hp_loss":0,"event_name":"Mushrooms","floor":13,"gold_loss":0}],"is_beta":false,"boss_relics":[],"items_purged_floors":[4],"is_endless":false,"potions_floor_spawned":[7,10,12],"killed_by":"Hexaghost","ascension_level":20}