{"gold_per_floor":[219,235,235,249,249,249,269,283,309,319,267,267,267,282,282,387,387,400,313,588,464,484,484,496,506,506,506,539,557,569,569],"floor_reached":31,"playtime":1173,"items_purged":["Regret"],"score":251,"play_id":"df4cb8a0-ce02-41f1-8679-85b3bbbf1020","local_time":"20190302125101","is_ascension_mode":false,"campfire_choices":[{"data":"Anger","floor":6.0,"key":"SMITH"},{"data":"Dual Wield","floor":12.0,"key":"SMITH"},{"data":"Uppercut","floor":15.0,"key":"SMITH"},{"data":"Blood for Blood","floor":23,"key":"SMITH"}],"neow_cost":"NONE","seed_source_timestamp":945720484838382,"circlet_count":0,"master_deck":["Strike_R","Strike_R","Strike_R","Strike_R","Strike_R","Defend_R","Defend_R","Defend_R","Defend_R","Bash","Pommel Strike","Offering","Anger+1","Dual Wield+1","Blood for Blood+1","Anger","Uppercut+1","Demon Form","Blood for Blood+1","Rupture","Clash","Clash+1","Anger","Clash","Sword Boomerang+1","Thunderclap"],"special_seed":0,"relics":["Burning Blood"],"potions_floor_usage":[18,18,22,24,28,28,29],"damage_taken":[{"damage":0.0,"enemies":"2 Louse","floor":1.0,"turns":3.0},{"damage":0.0,"enemies":"Small Slimes","floor":2.0,"turns":3.0},{"damage":6.0,"enemies":"Cultist","floor":4.0,"turns":3.0},{"damage":6.0,"enemies":"Looter","floor":7.0,"turns":3.0},{"damage":0.0,"enemies":"Gremlin Gang","floor":8.0,"turns":2.0},{"damage":9.0,"enemies":"Large Slime","floor":10.0,"turns":4.0},{"damage":6.0,"enemies":"Exordium Wildlife","floor":14.0,"turns":3.0},{"damage":57.0,"enemies":"The Guardian","floor":16.0,"turns":7.0},{"damage":6,"enemies":"Spheric Guardian","floor":18,"turns":2},{"damage":6,"enemies":"Chosen","floor":22,"turns":3},{"damage":6,"enemies":"Snecko","floor":24,"turns":2},{"damage":35,"enemies":"Centurion and Healer","floor":25,"turns":5},{"damage":17,"enemies":"Book of Stabbing","floor":28,"turns":4},{"damage":15,"enemies":"Sentry and Sphere","floor":29,"turns":3},{"damage":22,"enemies":"Chosen and Byrds","floor":30,"turns":6},{"damage":26,"enemies":"Centurion and Healer","floor":31,"turns":2}],"seed_played":"2524221273006158437","potions_obtained":[{"floor":4.0,"key":"Explosive Potion"},{"floor":7.0,"key":"PowerPotion"},{"floor":8.0,"key":"Swift Potion"},{"floor":10.0,"key":"Fire Potion"},{"floor":18,"key":"SpeedPotion"},{"floor":22,"key":"EssenceOfSteel"},{"floor":28,"key":"SteroidPotion"}],"is_trial":false,"path_per_floor":["M","M","?","M","?","R","M","M","T","M","$","R","?","M","R","B",null,"M","$","?","$","M","R","M","M","T","?","E","M","M","M"],"character_chosen":"IRONCLAD","items_purchased":["AttackPotion","Fire Potion","Rupture","PowerPotion"],"campfire_rested":0,"item_purchase_floors":[11,19,19,21],"current_hp_per_floor":[80,80,80,80,80,80,80,80,80,77,77,77,82,82,82,31,85,85,85,85,85,85,85,85,56,56,56,45,36,20,0],"gold":569,"neow_bonus":"HUNDRED_GOLD","is_prod":false,"is_daily":false,"chose_seed":false,"campfire_upgraded":4,"win_rate":0,"timestamp":1551523861,"path_taken":["M","M","?","M","?","R","M","M","T","?","$","R","?","M","R","BOSS","M","$","?","$","M","R","M","?","T","?","E","M","M","M"],"build_version":"2019-01-23","purchased_purges":1,"victory":false,"max_hp_per_floor":[80,80,80,80,80,80,80,80,80,80,80,80,85,85,85,85,85,85,85,85,85,85,85,85,85,85,85,85,85,85,85],"card_choices":[{"not_picked":["Sword Boomerang","Body Slam"],"picked":"Pommel Strike","floor":1.0},{"not_picked":["Warcry","Bloodletting"],"picked":"Offering","floor":2.0},{"not_picked":["Hemokinesis","Thunderclap"],"picked":"Anger","floor":4.0},{"not_picked":["Headbutt","Shockwave"],"picked":"Dual Wield","floor":7.0},{"not_picked":["Intimidate","Ghostly Armor"],"picked":"Blood for Blood","floor":8.0},{"not_picked":["Sentinel","Pommel Strike"],"picked":"Anger","floor":10.0},{"not_picked":["Reckless Charge","Thunderclap"],"picked":"Uppercut","floor":14.0},{"not_picked":["Juggernaut","Reaper"],"picked":"Demon Form","floor":16.0},{"not_picked":["Rage","Dropkick"],"picked":"Blood for Blood+1","floor":18},{"not_picked":["Anger","Perfected Strike"],"picked":"Clash","floor":22},{"not_picked":["Dual Wield+1","Shrug It Off"],"picked":"Clash+1","floor":24},{"not_picked":["Iron Wave","Sword Boomerang"],"picked":"Anger","floor":25},{"not_picked":["Iron Wave","Impervious"],"picked":"Clash","floor":28},{"not_picked":["Pummel","Whirlwind"],"picked":"Sword Boomerang+1","floor":29},{"not_picked":["Body Slam+1","Feel No Pain+1"],"picked":"Thunderclap","floor":30}],"player_experience":1015254,"relics_obtained":[],"event_choices":[{"damage_healed":0.0,"max_hp_gain":0.0,"max_hp_loss":0.0,"gold_gain":0.0,"event_name":"Shining Light","player_choice":"Ignored","floor":3.0,"gold_loss":0.0,"damage_taken":0.0},{"damage_healed":0.0,"max_hp_gain":0.0,"max_hp_loss":0.0,"gold_gain":0.0,"event_name":"Purifier","player_choice":"Ignored","floor":5.0,"gold_loss":0.0,"damage_taken":0.0},{"damage_healed":0.0,"max_hp_gain":5.0,"max_hp_loss":0.0,"gold_gain":0.0,"event_name":"Big Fish","player_choice":"Donut","floor":13.0,"gold_loss":0.0,"damage_taken":0.0},{"damage_healed":0,"gold_gain":275,"player_choice":"Desecrate","damage_taken":0,"max_hp_gain":0,"max_hp_loss":0,"event_name":"Golden Shrine","floor":20,"gold_loss":0,"cards_obtained":["Regret"]}],"is_beta":false,"boss_relics":[{"not_picked":["Empty Cage","Orrery","Snecko Eye"]}],"items_purged_floors":[21],"is_endless":false,"potions_floor_spawned":[4,7,8,10,14,18,22,28],"killed_by":"Centurion and Healer","ascension_level":0}