{"path_per_floor":["M","?","M","?","T","R","?","?","T","?","R","$","E","M","R","B",null,"M","M","$","M","M"],"character_chosen":"DEFECT","items_purchased":["Loop","Capacitor"],"gold_per_floor":[117,117,136,136,163,163,184,184,184,134,134,19,50,67,67,172,172,182,193,15,32,48,48],"floor_reached":23,"campfire_rested":2,"playtime":1289,"item_purchase_floors":[12,20],"current_hp_per_floor":[73,61,60,65,65,65,52,52,52,52,76,76,59,59,80,76,80,62,60,60,23,14,0],"items_purged":["Defend_B","Decay"],"gold":48,"score":217,"play_id":"215dba7a-05dd-476b-a921-2991edeb50b4","local_time":"20180602171705","is_prod":false,"is_daily":false,"chose_seed":false,"is_ascension_mode":true,"campfire_upgraded":1,"win_rate":0,"timestamp":1527949025,"campfire_choices":[{"data":"Dualcast","floor":6,"key":"SMITH"},{"floor":11,"key":"REST"},{"floor":15,"key":"REST"}],"path_taken":["M","?","M","?","?","R","?","?","T","?","R","$","E","M","R","BOSS","M","M","$","M","M","E"],"build_version":"2018-05-31","seed_source_timestamp":1018400491865757,"purchased_purges":2,"victory":false,"master_deck":["Strike_B","Strike_B","Strike_B","Defend_B+1","Defend_B","Defend_B+1","Zap+1","Dualcast+1","Storm","Cold Snap","Storm","Loop","Ball Lightning","Core Surge","Barrage+1","Self Repair","Capacitor","Gash+1"],"max_hp_per_floor":[75,75,75,80,80,80,80,80,80,80,80,80,80,80,80,80,80,80,80,80,80,80,80],"relics":["Cracked Core","Juzu Bracelet","Omamori","Odd Mushroom","War Paint","Shuriken","Calling Bell","Ancient Tea Set","Kunai","Sundial"],"card_choices":[{"not_picked":["Redo","Blizzard"],"picked":"Storm","floor":1},{"not_picked":["Compile Driver","Streamline"],"picked":"Cold Snap","floor":3},{"not_picked":["Leap","Chill"],"picked":"Storm","floor":7},{"not_picked":["Scrape","Steam","Turbo"],"picked":"SKIP","floor":13},{"not_picked":["Meteor Strike","Recycle"],"picked":"Ball Lightning","floor":14},{"not_picked":["Multi-Cast","Thunder Strike"],"picked":"Core Surge","floor":16},{"not_picked":["Recycle","Leap"],"picked":"Barrage+1","floor":18},{"not_picked":["Leap","Defragment+1"],"picked":"Self Repair","floor":19},{"not_picked":["Leap","Conserve Battery"],"picked":"Gash+1","floor":21},{"not_picked":["Go for the Eyes","FTL","Sweeping Beam"],"picked":"SKIP","floor":22}],"player_experience":462450,"potions_floor_usage":[7,16,18,22],"damage_taken":[{"damage":2,"enemies":"Jaw Worm","floor":1,"turns":3},{"damage":1,"enemies":"2 Louse","floor":3,"turns":2},{"damage":13,"enemies":"The Mushroom Lair","floor":7,"turns":4},{"damage":17,"enemies":"3 Sentries","floor":13,"turns":6},{"damage":0,"enemies":"Cultist","floor":14,"turns":3},{"damage":4,"enemies":"Slime Boss","floor":16,"turns":8},{"damage":18,"enemies":"3 Byrds","floor":18,"turns":4},{"damage":2,"enemies":"Chosen","floor":19,"turns":4},{"damage":44,"enemies":"3 Cultists","floor":21,"turns":5},{"damage":16,"enemies":"Snake Plant","floor":22,"turns":4},{"damage":20,"enemies":"Slavers","floor":23,"turns":1}],"relics_obtained":[{"floor":5,"key":"Omamori"},{"floor":7,"key":"Odd Mushroom"},{"floor":9,"key":"War Paint"},{"floor":13,"key":"Shuriken"},{"floor":17,"key":"Ancient Tea Set"},{"floor":17,"key":"Kunai"},{"floor":17,"key":"Sundial"}],"event_choices":[{"event_name":"Scrap Ooze","player_choice":"success","floor":2,"damage_taken":12},{"event_name":"Big Fish","player_choice":"Donut","floor":4,"damage_taken":0},{"event_name":"Mushrooms","player_choice":"Fought Mushrooms","floor":7,"damage_taken":0},{"event_name":"Golden Wing","player_choice":"Ignored","floor":8,"damage_taken":0},{"event_name":"The Cleric","player_choice":"Card Removal","floor":10,"damage_taken":0}],"boss_relics":[{"not_picked":["Orrery","Runic Dome"],"picked":"Calling Bell"}],"items_purged_floors":[12,20],"potions_floor_spawned":[3,7,14,18,21],"seed_played":"-2398484309221154991","killed_by":"Slavers","ascension_level":3,"potions_obtained":[{"floor":3,"key":"Dexterity Potion"},{"floor":7,"key":"Poison Potion"},{"floor":14,"key":"Explosive Potion"},{"floor":18,"key":"Strength Potion"},{"floor":21,"key":"Energy Potion"}],"is_trial":false}