{"gold_per_floor":[116,116,116,116,131,131,146,146,221,396,154,229,30,87,87,185,185,197,197,212,212,212,212,238,265,300,312,337,349,361,384,396,511,523,555,567,579,117,135,170,170,195,195,124,47,47,62,62,62,62,62,62,10,43,43],"floor_reached":55,"playtime":2931,"items_purged":["Doubt"],"score":764,"play_id":"ed5df2ce-4391-4602-8490-da89be2b00dc","local_time":"20190105171114","is_ascension_mode":false,"campfire_choices":[{"data":"Storm","floor":6.0,"key":"SMITH"},{"floor":8.0,"key":"RECALL"},{"floor":15.0,"key":"REST"},{"floor":23.0,"key":"REST"},{"floor":27.0,"key":"REST"},{"floor":30.0,"key":"REST"},{"floor":32.0,"key":"REST"},{"floor":41.0,"key":"REST"},{"floor":46.0,"key":"REST"},{"data":"Jack Of All Trades","floor":49.0,"key":"SMITH"},{"data":"Defragment","floor":52.0,"key":"SMITH"}],"neow_cost":"NONE","seed_source_timestamp":1208554754548059,"circlet_count":0,"master_deck":["Strike_B","Strike_B","Strike_B","Strike_B","Defend_B","Defend_B","Defend_B","Defend_B","Zap","Dualcast","Storm+1","Chaos","Cold Snap","Hello World","Chill","Defragment","Force Field","Defragment+1","Electrodynamics","Hologram+1","Ball Lightning","Force Field","Cold Snap","Chill","Redo","Buffer","Storm+1","Jack Of All Trades+1","Flash of Steel","Dark Shackles","Rainbow","Storm","Ball Lightning","Redo","Self Repair+1","Loop","Self Repair","Stack","Loop"],"special_seed":0,"relics":["Cracked Core","Ancient Tea Set","Anchor","Dodecahedron","Tiny Chest","Black Star","MawBank","Ginger","Pen Nib","Enchiridion","White Beast Statue","Toolbox","Lantern","Bird Faced Urn","Shuriken","Bottled Lightning","Bronze Scales","Question Card","Bag of Marbles","Boot"],"potions_floor_usage":[55,55,55],"damage_taken":[{"damage":0.0,"enemies":"2 Louse","floor":1.0,"turns":2.0},{"damage":1.0,"enemies":"Jaw Worm","floor":5.0,"turns":2.0},{"damage":2.0,"enemies":"Small Slimes","floor":7.0,"turns":3.0},{"damage":6.0,"enemies":"Gremlin Nob","floor":14.0,"turns":4.0},{"damage":15.0,"enemies":"The Guardian","floor":16.0,"turns":7.0},{"damage":3.0,"enemies":"Spheric Guardian","floor":18.0,"turns":3.0},{"damage":6.0,"enemies":"Shell Parasite","floor":20.0,"turns":6.0},{"damage":0.0,"enemies":"Sentry and Sphere","floor":21.0,"turns":1.0},{"damage":43.0,"enemies":"Book of Stabbing","floor":24.0,"turns":5.0},{"damage":3.0,"enemies":"Snecko","floor":25.0,"turns":5.0},{"damage":3.0,"enemies":"Snake Plant","floor":28.0,"turns":4.0},{"damage":0.0,"enemies":"3 Cultists","floor":31.0,"turns":4.0},{"damage":4.0,"enemies":"Automaton","floor":33.0,"turns":6.0},{"damage":0.0,"enemies":"3 Shapes","floor":35.0,"turns":3.0},{"damage":0.0,"enemies":"Orb Walker","floor":39.0,"turns":3.0},{"damage":0.0,"enemies":"Reptomancer","floor":40.0,"turns":6.0},{"damage":34.0,"enemies":"Nemesis","floor":42.0,"turns":5.0},{"damage":0.0,"enemies":"Writhing Mass","floor":47.0,"turns":3.0},{"damage":61.0,"enemies":"Donu and Deca","floor":50.0,"turns":8.0},{"damage":35.0,"enemies":"Shield and Spear","floor":54.0,"turns":3.0},{"damage":87,"enemies":"The Heart","floor":55,"turns":6}],"seed_played":"-1189361600223424658","potions_obtained":[{"floor":7.0,"key":"SmokeBomb"},{"floor":16.0,"key":"Swift Potion"},{"floor":18.0,"key":"Strength Potion"},{"floor":20.0,"key":"PowerPotion"},{"floor":28.0,"key":"Block Potion"},{"floor":31.0,"key":"AttackPotion"},{"floor":35.0,"key":"SpeedPotion"},{"floor":39.0,"key":"EntropicBrew"},{"floor":40.0,"key":"PowerPotion"},{"floor":42.0,"key":"FocusPotion"},{"floor":54.0,"key":"Energy Potion"}],"is_trial":false,"path_per_floor":["M","?","?","?","M","R","M","R","T","?","$","?","$","E","R","B",null,"M","?","M","M","T","R","E","M","T","R","M","?","R","M","R","B",null,"M","?","?","$","M","E","R","E","T","$","$","R","M","T","R","B",null,"R","$","E","B"],"character_chosen":"DEFECT","items_purchased":["Hello World","PowerPotion","Chill","Defragment","Force Field","SkillPotion","Toolbox","Rainbow","Storm","Ball Lightning","SkillPotion","Loop","Self Repair","Swift Potion"],"campfire_rested":7,"item_purchase_floors":[11,11,11,13,13,13,38,38,38,38,38,44,45,53],"current_hp_per_floor":[75,75,75,72,71,71,69,69,69,69,69,58,58,52,74,59,75,72,58,52,52,52,76,33,30,30,54,51,35,59,59,80,76,80,80,80,70,70,70,70,80,52,52,52,52,76,80,80,80,39,80,80,80,68,0],"gold":43,"neow_bonus":"RANDOM_COMMON_RELIC","is_prod":false,"is_daily":false,"chose_seed":false,"campfire_upgraded":3,"win_rate":0,"timestamp":1546701074,"path_taken":["M","?","?","?","M","R","M","R","T","?","$","?","$","E","R","BOSS","M","?","M","M","?","R","E","M","T","R","M","?","R","M","R","BOSS","M","?","?","$","M","E","R","E","T","?","$","R","M","?","R","BOSS","R","$","E","BOSS"],"build_version":"2019-01-03v4","purchased_purges":1,"victory":false,"max_hp_per_floor":[75,75,75,75,75,75,75,75,75,75,75,75,75,75,75,75,75,75,80,80,80,80,80,80,80,80,80,80,80,80,80,80,80,80,80,80,80,80,80,80,80,80,80,80,80,80,80,80,80,80,80,80,80,80,80],"card_choices":[{"not_picked":["Coolheaded","Glacier"],"picked":"Storm","floor":1.0},{"not_picked":["Compile Driver","Barrage"],"picked":"Chaos","floor":5.0},{"not_picked":["Skim","Double Energy"],"picked":"Cold Snap","floor":7.0},{"not_picked":["Reprogram","Sweeping Beam"],"picked":"Defragment","floor":14.0},{"not_picked":["Machine Learning","Multi-Cast"],"picked":"Electrodynamics","floor":16.0},{"not_picked":["Compile Driver+1","Reinforced Body"],"picked":"Hologram+1","floor":18.0},{"not_picked":["Stack","Sweeping Beam+1"],"picked":"Ball Lightning","floor":20.0},{"not_picked":["Reboot","Stack"],"picked":"Force Field","floor":24.0},{"not_picked":["Steam","Beam Cell"],"picked":"Cold Snap","floor":25.0},{"not_picked":["Coolheaded","Skim"],"picked":"Chill","floor":28.0},{"not_picked":["Go for the Eyes","Hologram"],"picked":"Redo","floor":31.0},{"not_picked":["Reboot","Fission"],"picked":"Buffer","floor":33.0},{"not_picked":["Lockon+1","Genetic Algorithm"],"picked":"Storm+1","floor":35.0},{"not_picked":["Panacea","PanicButton"],"picked":"Jack Of All Trades","floor":37.0},{"not_picked":["Panacea","Secret Technique"],"picked":"Flash of Steel","floor":37.0},{"not_picked":["Trip","Mayhem"],"picked":"Dark Shackles","floor":37.0},{"not_picked":["Stack+1","Recycle+1"],"picked":"Redo","floor":39.0},{"not_picked":["Rip and Tear+1","Fusion","Gash"],"picked":"SKIP","floor":40.0},{"not_picked":["Rainbow","Rebound+1"],"picked":"Self Repair+1","floor":42.0},{"not_picked":["Beam Cell","Aggregate"],"picked":"Stack","floor":47.0},{"not_picked":["Amplify","Genetic Algorithm","Doom and Gloom+1"],"picked":"Loop","floor":54.0}],"player_experience":890911,"relics_obtained":[{"floor":9.0,"key":"Dodecahedron"},{"floor":14.0,"key":"Tiny Chest"},{"floor":24.0,"key":"MawBank"},{"floor":24.0,"key":"Ginger"},{"floor":26.0,"key":"Pen Nib"},{"floor":29.0,"key":"Enchiridion"},{"floor":40.0,"key":"Lantern"},{"floor":40.0,"key":"Bird Faced Urn"},{"floor":42.0,"key":"Shuriken"},{"floor":42.0,"key":"Bottled Lightning"},{"floor":43.0,"key":"Bronze Scales"},{"floor":48.0,"key":"Question Card"},{"floor":54.0,"key":"Bag of Marbles"},{"floor":54.0,"key":"Boot"}],"event_choices":[{"damage_healed":0.0,"max_hp_gain":0.0,"max_hp_loss":0.0,"gold_gain":0.0,"event_name":"Golden Wing","player_choice":"Ignored","floor":2.0,"gold_loss":0.0,"damage_taken":0.0},{"damage_healed":0.0,"max_hp_gain":0.0,"max_hp_loss":0.0,"gold_gain":0.0,"event_name":"The Cleric","player_choice":"Leave","floor":3.0,"gold_loss":0.0,"damage_taken":0.0},{"damage_healed":0.0,"max_hp_gain":0.0,"max_hp_loss":0.0,"gold_gain":0.0,"event_name":"Scrap Ooze","player_choice":"Success","floor":4.0,"gold_loss":0.0,"damage_taken":3.0,"relics_obtained":["Anchor"]},{"damage_healed":0.0,"max_hp_gain":0.0,"max_hp_loss":0.0,"gold_gain":175.0,"event_name":"Liars Game","player_choice":"AGREE","floor":10.0,"gold_loss":0.0,"damage_taken":0.0,"cards_obtained":["Doubt"]},{"damage_healed":0.0,"max_hp_gain":0.0,"max_hp_loss":0.0,"gold_gain":75.0,"event_name":"World of Goop","player_choice":"Gather Gold","floor":12.0,"gold_loss":0.0,"damage_taken":11.0},{"damage_healed":0.0,"max_hp_gain":5.0,"max_hp_loss":0.0,"gold_gain":0.0,"event_name":"Forgotten Altar","player_choice":"Shed Blood","floor":19.0,"gold_loss":0.0,"damage_taken":19.0},{"damage_healed":0.0,"max_hp_gain":0.0,"max_hp_loss":0.0,"gold_gain":0.0,"event_name":"Cursed Tome","player_choice":"Obtained Book","floor":29.0,"gold_loss":0.0,"damage_taken":16.0},{"damage_healed":0.0,"max_hp_gain":0.0,"max_hp_loss":0.0,"gold_gain":0.0,"event_name":"Tomb of Lord Red Mask","player_choice":"Ignored","floor":36.0,"gold_loss":0.0,"damage_taken":0.0},{"damage_healed":0.0,"max_hp_gain":0.0,"max_hp_loss":0.0,"gold_gain":0.0,"event_name":"SensoryStone","player_choice":"Memory 3","floor":37.0,"gold_loss":0.0,"damage_taken":10.0}],"is_beta":false,"boss_relics":[{"not_picked":["Cursed Key","Inserter"],"picked":"Black Star"},{"not_picked":["Velvet Choker","Fusion Hammer"],"picked":"White Beast Statue"}],"items_purged_floors":[11],"is_endless":false,"potions_floor_spawned":[7,16,18,20,28,31,35,39,40,42,47,54],"killed_by":"The Heart","ascension_level":0}