{"path_per_floor":["M","?","M","?","M","E","R","E","T","R","M","M","$","?","R","B",null,"M","$","?","M","M","R","T","R","T","M","R","E","?","M","R","B",null,"M","?","?","?","?","E","M","M","T","E","$","R","$","E","R","B"],"character_chosen":"IRONCLAD","items_purchased":["Apotheosis","Frozen Egg 2","Inflame","True Grit","Toolbox"],"gold_per_floor":[114,214,228,178,188,517,517,550,577,577,589,606,30,30,30,125,125,144,44,44,54,73,73,122,122,122,138,138,163,163,182,182,280,280,294,343,343,343,343,377,390,404,404,435,20,20,20,48,48,48],"floor_reached":51,"campfire_rested":0,"playtime":4025,"current_hp_per_floor":[76,76,76,76,76,67,67,67,67,67,63,69,69,69,69,17,80,77,77,77,79,80,80,80,80,80,66,66,37,37,33,33,22,80,78,72,72,62,62,50,59,64,64,68,68,68,68,66,66,30],"items_purged":["Strike_R","Strike_R","Defend_R"],"gold":48,"score":636,"play_id":"9e2b63bc-a497-44dd-add8-c6cc2af774c5","is_prod":false,"is_daily":false,"is_ascension_mode":false,"campfire_upgraded":9,"path_taken":["M","?","M","?","?","E","R","E","T","R","M","?","$","?","R","BOSS","M","?","?","M","?","R","?","R","T","?","R","E","?","M","R","BOSS","M","?","?","?","?","E","M","M","T","E","$","R","?","E","R","BOSS"],"build_version":"2018-02-08-BETA1","purchased_purges":4,"victory":true,"master_deck":["Strike_R+1","Defend_R","Defend_R","Bash+1","Cleave","Searing Blow+8","Headbutt","Second Wind","Rampage","Apotheosis+1","Inflame+1","Offering+1","Feel No Pain+1","Shrug It Off+1","Barricade+1","Feel No Pain+1","Warcry+1","Shockwave","Madness","Madness","Second Wind+1","True Grit+1","Disarm","Power Through+1","True Grit"],"max_hp_per_floor":[80,80,80,80,80,80,80,80,80,80,80,80,80,80,80,80,80,80,80,80,80,80,80,80,80,80,80,80,80,80,80,80,80,80,80,80,80,80,80,80,80,80,80,80,80,80,80,80,80,80],"relics":["Burning Blood","Sundial","Old Coin","Bag of Preparation","Whetstone","Frozen Egg 2","Velvet Choker","Bag of Marbles","Calipers","Du-Vu Doll","Pen Nib","Astrolabe","Magic Flower","Lantern","Red Skull","Champion Belt","Toolbox","Dream Catcher"],"card_choices":[{"not_picked":["Intimidate","Shrug It Off"],"picked":"Cleave"},{"not_picked":["Intimidate","Brutality"],"picked":"Searing Blow"},{"not_picked":["Thunderclap","Heavy Blade"],"picked":"Headbutt"},{"not_picked":["Bloodletting","Perfected Strike"],"picked":"Second Wind"},{"not_picked":["Cleave","Dual Wield"],"picked":"Rampage"},{"not_picked":["Juggernaut","Brutality"],"picked":"Offering"},{"not_picked":["Uppercut","Blood for Blood"],"picked":"Shrug It Off"},{"not_picked":["Juggernaut","Limit Break"],"picked":"Barricade"},{"not_picked":["Headbutt","Cleave"],"picked":"Shockwave"},{"not_picked":["Heavy Blade","Cleave"],"picked":"Second Wind"},{"not_picked":["Perfected Strike","Flex"],"picked":"True Grit"},{"not_picked":["Demon Form","Body Slam"],"picked":"Disarm"},{"not_picked":["Warcry","Disarm"],"picked":"Power Through"}],"player_experience":26513,"potions_floor_usage":[40,42,44,50],"damage_taken":[{"damage":10.0,"enemies":"Jaw Worm","floor":1.0,"turns":6.0},{"damage":6.0,"enemies":"Blue Slaver","floor":3.0,"turns":4.0},{"damage":6.0,"enemies":"Cultist","floor":5.0,"turns":3.0},{"damage":15.0,"enemies":"3 Sentries","floor":6.0,"turns":6.0},{"damage":6.0,"enemies":"Gremlin Nob","floor":8.0,"turns":3.0},{"damage":10.0,"enemies":"Looter","floor":11.0,"turns":2.0},{"damage":0.0,"enemies":"3 Louse","floor":12.0,"turns":3.0},{"damage":58.0,"enemies":"Hexaghost","floor":16.0,"turns":8.0},{"damage":9.0,"enemies":"Shell Parasite","floor":18.0,"turns":3.0},{"damage":4.0,"enemies":"3 Byrds","floor":21.0,"turns":4.0},{"damage":4.0,"enemies":"3 Cultists","floor":22.0,"turns":3.0},{"damage":20.0,"enemies":"Snake Plant","floor":27.0,"turns":2.0},{"damage":35.0,"enemies":"Gremlin Leader","floor":29.0,"turns":4.0},{"damage":10.0,"enemies":"Centurion and Healer","floor":31.0,"turns":4.0},{"damage":17.0,"enemies":"Champ","floor":33.0,"turns":6.0},{"damage":8,"enemies":"3 Shapes","floor":35,"turns":5},{"damage":12,"enemies":"Mysterious Sphere","floor":36,"turns":4},{"damage":21,"enemies":"Nemesis","floor":40,"turns":4},{"damage":0,"enemies":"Flame Bruiser 1 Orb","floor":41,"turns":2},{"damage":4,"enemies":"4 Shapes","floor":42,"turns":10},{"damage":5,"enemies":"Giant Head","floor":44,"turns":8},{"damage":11,"enemies":"Nemesis","floor":48,"turns":7},{"damage":45,"enemies":"Awakened One","floor":50,"turns":12}],"event_choices":[{"event_name":"Golden Shrine","player_choice":"Pray","floor":2.0,"damage_taken":0.0},{"event_name":"The Cleric","player_choice":"Card Removal","floor":4.0,"damage_taken":0.0},{"event_name":"Upgrade Shrine","player_choice":"Upgraded","floor":14.0,"damage_taken":0.0},{"event_name":"The Library","player_choice":"Read","floor":20.0,"damage_taken":0.0},{"event_name":"The Mausoleum","player_choice":"Yes","floor":30.0,"damage_taken":0.0},{"event_name":"Mysterious Sphere","player_choice":"Fight","floor":36,"damage_taken":0},{"event_name":"The Woman in Blue","player_choice":"Bought 0 Potions","floor":37,"damage_taken":0},{"event_name":"Winding Halls","player_choice":"Embrace Madness","floor":38,"damage_taken":0}],"boss_relics":[{"not_picked":["White Beast Statue","Black Blood"],"picked":"Astrolabe"}],"potions_floor_spawned":[3,5,12,16,29,33,36,40],"seed_played":"3696015271197731306","ascension_level":0,"is_trial":false}