{"gold_per_floor":[12,12,23,33,45,76,76,95,95,95,108,108,139,151,151,248,298,309,309,38,52,72,106,106,121,144,144,159,159,172,200,200,200],"floor_reached":33,"playtime":1850,"items_purged":["Strike_B"],"score":452,"play_id":"a32e7835-6b9b-4b7e-8d10-e1b6c5fd9077","local_time":"20180730234452","is_ascension_mode":true,"campfire_choices":[{"floor":12,"key":"REST"},{"data":"Sunder","floor":15,"key":"SMITH"},{"data":"Dualcast","floor":24,"key":"SMITH"},{"floor":27,"key":"REST"},{"data":"Buffer","floor":32,"key":"SMITH"}],"neow_cost":"NO_GOLD","seed_source_timestamp":1317223941233893,"circlet_count":0,"master_deck":["Strike_B","Strike_B","Defend_B+1","Defend_B","Defend_B","Zap+1","Dualcast+1","AscendersBane","Leap","Ball Lightning","Beam Cell+1","Cold Snap","Compile Driver","Sunder+1","Capacitor","Ball Lightning","Electrodynamics","Echo Form","Coolheaded+1","Conserve Battery+1","Reboot+1","White Noise+1","Go for the Eyes+1","Buffer+1"],"relics":["Cracked Core","Orichalcum","Gremlin Horn","Toxic Egg 2","Happy Flower","Tiny House","Ice Cream","Anchor","Pantograph","Dodecahedron"],"potions_floor_usage":[6,6,6,8,13,14,23,23,31],"damage_taken":[{"damage":8,"enemies":"2 Louse","floor":1,"turns":3},{"damage":0,"enemies":"Cultist","floor":3,"turns":3},{"damage":7,"enemies":"Jaw Worm","floor":4,"turns":3},{"damage":6,"enemies":"Large Slime","floor":5,"turns":5},{"damage":10,"enemies":"3 Sentries","floor":6,"turns":5},{"damage":7,"enemies":"3 Louse","floor":8,"turns":3},{"damage":8,"enemies":"Blue Slaver","floor":11,"turns":3},{"damage":8,"enemies":"Gremlin Nob","floor":13,"turns":3},{"damage":0,"enemies":"Exordium Wildlife","floor":14,"turns":2},{"damage":15,"enemies":"Hexaghost","floor":16,"turns":8},{"damage":5,"enemies":"Shell Parasite","floor":18,"turns":3},{"damage":3,"enemies":"Spheric Guardian","floor":21,"turns":3},{"damage":10,"enemies":"3 Cultists","floor":22,"turns":3},{"damage":6,"enemies":"Gremlin Leader","floor":23,"turns":5},{"damage":10,"enemies":"Snake Plant","floor":25,"turns":4},{"damage":0,"enemies":"Cultist and Chosen","floor":28,"turns":3},{"damage":5,"enemies":"Centurion and Healer","floor":30,"turns":5},{"damage":28,"enemies":"Book of Stabbing","floor":31,"turns":6},{"damage":60,"enemies":"Automaton","floor":33,"turns":6}],"seed_played":"-3689248948982276950","potions_obtained":[{"floor":1,"key":"EntropicBrew"},{"floor":2,"key":"Energy Potion"},{"floor":2,"key":"Weak Potion"},{"floor":3,"key":"FocusPotion"},{"floor":13,"key":"EssenceOfSteel"},{"floor":17,"key":"LiquidBronze"},{"floor":18,"key":"Weak Potion"},{"floor":21,"key":"GamblersBrew"}],"is_trial":false,"path_per_floor":["M","?","M","M","M","E","?","M","T","T","M","R","E","M","R","B",null,"M","?","$","M","M","E","R","M","T","R","M","?","M","E","R"],"character_chosen":"DEFECT","items_purchased":["Echo Form","Coolheaded+1"],"campfire_rested":2,"item_purchase_floors":[20,20],"current_hp_per_floor":[60,60,60,53,47,37,22,15,15,15,7,29,21,21,21,6,63,58,58,58,55,45,39,39,29,29,53,53,53,48,20,20,0],"gold":200,"neow_bonus":"REMOVE_TWO","is_prod":false,"is_daily":false,"chose_seed":false,"campfire_upgraded":3,"win_rate":0,"timestamp":1532965492,"path_taken":["M","?","?","M","M","E","?","M","T","?","M","R","E","M","R","BOSS","M","?","$","?","?","E","R","M","T","R","M","?","M","E","R","BOSS"],"build_version":"2018-07-26","purchased_purges":1,"victory":false,"max_hp_per_floor":[75,75,75,75,75,75,75,75,75,75,75,75,75,75,75,75,80,80,80,80,80,80,80,80,80,80,80,80,80,80,80,80,80],"card_choices":[{"not_picked":["Hello World","Aggregate"],"picked":"Leap","floor":1},{"not_picked":["Sweeping Beam","Cold Snap"],"picked":"Ball Lightning","floor":3},{"not_picked":["Biased Cognition","Rebound"],"picked":"Beam Cell","floor":4},{"not_picked":["Stack","Barrage"],"picked":"Cold Snap","floor":5},{"not_picked":["Hologram","Coolheaded"],"picked":"Compile Driver","floor":6},{"not_picked":["Lockon","Sweeping Beam"],"picked":"Sunder","floor":8},{"not_picked":["Beam Cell","Steam Power+1","Biased Cognition"],"picked":"SKIP","floor":11},{"not_picked":["Compile Driver","Turbo+1"],"picked":"Capacitor","floor":13},{"not_picked":["Static Discharge","Gash"],"picked":"Ball Lightning","floor":14},{"not_picked":["Biased Cognition","Core Surge"],"picked":"Electrodynamics","floor":16},{"not_picked":["Beam Cell","Gash+1","Turbo+1"],"picked":"SKIP","floor":18},{"not_picked":["Fusion+1","Stack+1","Redo+1"],"picked":"SKIP","floor":21},{"not_picked":["Stack+1","Leap+1"],"picked":"Conserve Battery+1","floor":22},{"not_picked":["Fusion+1","Meteor Strike"],"picked":"Reboot+1","floor":23},{"not_picked":["Aggregate+1","Stack+1"],"picked":"White Noise+1","floor":25},{"not_picked":["Cold Snap","Static Discharge","Sweeping Beam"],"picked":"SKIP","floor":28},{"not_picked":["Barrage","Scrape+1"],"picked":"Go for the Eyes+1","floor":30},{"not_picked":["Loop","Stack+1"],"picked":"Buffer","floor":31}],"player_experience":453692,"relics_obtained":[{"floor":6,"key":"Orichalcum"},{"floor":9,"key":"Gremlin Horn"},{"floor":10,"key":"Toxic Egg 2"},{"floor":13,"key":"Happy Flower"},{"floor":23,"key":"Ice Cream"},{"floor":26,"key":"Anchor"},{"floor":31,"key":"Dodecahedron"}],"event_choices":[{"event_name":"The Lab","player_choice":"Got Potions","floor":2,"damage_taken":0},{"event_name":"Shining Light","player_choice":"Entered Light","floor":7,"damage_taken":0},{"event_name":"Vampires","player_choice":"Ignored","floor":19,"damage_taken":0},{"event_name":"The Mausoleum","player_choice":"Yes","floor":29,"damage_taken":0}],"is_beta":true,"boss_relics":[{"not_picked":["Ectoplasm","Runic Dome"],"picked":"Tiny House"}],"items_purged_floors":[20],"is_endless":false,"potions_floor_spawned":[1,3,13,18,21,22],"killed_by":"Automaton","ascension_level":10}