{"gold_per_floor":[118,129,129,36,51,51,51,86,113,113,147,64,97,12,12,12],"floor_reached":16,"playtime":739,"items_purged":[],"score":197,"play_id":"68a4883d-6b01-4c3f-8638-fb7e141978d0","local_time":"20181201001954","is_ascension_mode":true,"campfire_choices":[{"data":"Neutralize","floor":6,"key":"SMITH"},{"floor":10,"key":"REST"},{"data":"Glass Knife","floor":15,"key":"SMITH"}],"neow_cost":"NONE","seed_source_timestamp":468257579755622,"circlet_count":0,"master_deck":["AscendersBane","Defend_G","Defend_G+1","Defend_G","Defend_G","Defend_G","Strike_G","Strike_G","Strike_G","Strike_G","Strike_G","Survivor+1","Neutralize+1","Panacea","Poisoned Stab","Predator+1","Footwork","Backflip","Dagger Spray","Cloak And Dagger","Blur","Dark Shackles","Glass Knife+1"],"relics":["Ring of the Snake","War Paint","Bag of Preparation","Mercury Hourglass","Juzu Bracelet","Potion Belt"],"potions_floor_usage":[11,11],"damage_taken":[{"damage":7,"enemies":"Jaw Worm","floor":1,"turns":4},{"damage":9,"enemies":"Small Slimes","floor":2,"turns":4},{"damage":4,"enemies":"Cultist","floor":5,"turns":3},{"damage":27,"enemies":"Gremlin Nob","floor":8,"turns":5},{"damage":5,"enemies":"3 Sentries","floor":11,"turns":8},{"damage":7,"enemies":"Lagavulin","floor":13,"turns":8},{"damage":22,"enemies":"Slime Boss","floor":16,"turns":6}],"seed_played":"-6808157198050275161","potions_obtained":[{"floor":1,"key":"GhostInAJar"},{"floor":2,"key":"AttackPotion"}],"is_trial":false,"path_per_floor":["M","M","?","$","M","R","?","E","T","R","E","$","E","?","R","B"],"character_chosen":"THE_SILENT","items_purchased":["Footwork","Backflip","Dark Shackles"],"campfire_rested":1,"item_purchase_floors":[4,4,12],"current_hp_per_floor":[52,43,43,43,39,39,39,12,12,31,26,26,19,19,19,0],"gold":12,"neow_bonus":"RANDOM_COLORLESS","is_prod":false,"is_daily":false,"chose_seed":false,"campfire_upgraded":2,"win_rate":0,"timestamp":1543594794,"path_taken":["M","M","?","?","M","R","?","E","T","R","E","?","E","?","R","BOSS"],"build_version":"2018-11-15","purchased_purges":0,"victory":false,"max_hp_per_floor":[66,66,66,66,66,66,66,66,66,66,66,66,66,66,66,66],"card_choices":[{"not_picked":["Dodge and Roll","Accuracy"],"picked":"Poisoned Stab","floor":1},{"not_picked":["Heel Hook","Poisoned Stab"],"picked":"Predator","floor":2},{"not_picked":["Finisher","Cloak And Dagger"],"picked":"Dagger Spray","floor":5},{"not_picked":["Heel Hook","PiercingWail"],"picked":"Cloak And Dagger","floor":8},{"not_picked":["Blade Dance","Outmaneuver"],"picked":"Blur","floor":11},{"not_picked":["Riddle With Holes","Deadly Poison"],"picked":"Glass Knife","floor":13}],"player_experience":566856,"relics_obtained":[{"floor":8,"key":"War Paint"},{"floor":9,"key":"Bag of Preparation"},{"floor":11,"key":"Mercury Hourglass"},{"floor":13,"key":"Juzu Bracelet"}],"event_choices":[{"damage_healed":0,"gold_gain":0,"player_choice":"Grow","damage_taken":0,"max_hp_gain":0,"max_hp_loss":0,"event_name":"Living Wall","floor":3,"gold_loss":0,"cards_upgraded":["Predator"]},{"damage_healed":0,"gold_gain":0,"player_choice":"Ignored","damage_taken":0,"max_hp_gain":0,"max_hp_loss":0,"event_name":"Liars Game","floor":7,"gold_loss":0},{"damage_healed":0,"gold_gain":0,"player_choice":"Paid Gold","damage_taken":0,"relics_obtained":["Potion Belt"],"max_hp_gain":0,"max_hp_loss":0,"event_name":"WeMeetAgain","floor":14,"gold_loss":85}],"is_beta":true,"boss_relics":[],"items_purged_floors":[],"is_endless":false,"potions_floor_spawned":[1,2],"killed_by":"Slime Boss","ascension_level":14}