{"gold_per_floor":[111,3,22,38,53,53,83,83,83,83,14,114,134,154,154,154],"floor_reached":16,"playtime":687,"items_purged":[],"score":179,"play_id":"8ce103ba-0cbf-4e72-90c8-005af8a732e0","local_time":"20181111153210","is_ascension_mode":true,"campfire_choices":[{"data":"Chaos","floor":6,"key":"SMITH"},{"floor":8,"key":"REST"},{"data":"Defragment","floor":10,"key":"SMITH"},{"floor":15,"key":"REST"}],"neow_cost":"CURSE","seed_source_timestamp":1021871534998874,"circlet_count":0,"master_deck":["AscendersBane","Strike_B","Strike_B","Strike_B","Strike_B","Defend_B","Defend_B","Defend_B","Defend_B","Zap","Dualcast","Shame","Core Surge","Defragment+1","Self Repair","Force Field","Chaos+1","Storm","Steam","Streamline"],"relics":["Cracked Core","Art of War","Peace Pipe","Dodecahedron"],"potions_floor_usage":[7,16],"damage_taken":[{"damage":2,"enemies":"2 Louse","floor":1,"turns":2},{"damage":0,"enemies":"Cultist","floor":3,"turns":4},{"damage":2,"enemies":"Jaw Worm","floor":4,"turns":3},{"damage":7,"enemies":"3 Louse","floor":5,"turns":5},{"damage":25,"enemies":"Gremlin Nob","floor":7,"turns":4},{"damage":15,"enemies":"2 Fungi Beasts","floor":13,"turns":4},{"damage":22,"enemies":"Exordium Wildlife","floor":14,"turns":4},{"damage":68,"enemies":"The Guardian","floor":16,"turns":9}],"seed_played":"-6834289624993779590","potions_obtained":[{"floor":3,"key":"Ancient Potion"},{"floor":5,"key":"GamblersBrew"},{"floor":14,"key":"SpeedPotion"}],"is_trial":false,"path_per_floor":["M","?","M","M","M","R","E","R","T","R","$","?","M","M","R","B"],"character_chosen":"DEFECT","items_purchased":["Storm"],"campfire_rested":2,"item_purchase_floors":[11],"current_hp_per_floor":[62,62,62,67,67,67,49,70,70,70,70,70,62,47,68,0],"gold":154,"neow_bonus":"THREE_RARE_CARDS","is_prod":false,"is_daily":false,"chose_seed":false,"campfire_upgraded":2,"win_rate":0,"timestamp":1541943130,"path_taken":["M","?","?","M","M","R","E","R","T","R","$","?","M","?","R","BOSS"],"build_version":"2018-11-08","purchased_purges":0,"victory":false,"max_hp_per_floor":[71,71,71,71,71,71,71,71,71,71,71,71,71,71,71,71],"card_choices":[{"not_picked":["Hyperbeam","Amplify"],"picked":"Core Surge","floor":0},{"not_picked":["Compile Driver","Sweeping Beam"],"picked":"Defragment","floor":1},{"not_picked":["Melter","Redo"],"picked":"Self Repair","floor":3},{"not_picked":["Sweeping Beam","Steam Power"],"picked":"Force Field","floor":4},{"not_picked":["Leap","Blizzard"],"picked":"Chaos","floor":5},{"not_picked":["Steam Power","Lockon","Barrage"],"picked":"SKIP","floor":7},{"not_picked":["Leap","Gash"],"picked":"Steam","floor":13},{"not_picked":["Skim","Barrage"],"picked":"Streamline","floor":14}],"player_experience":763011,"relics_obtained":[{"floor":7,"key":"Peace Pipe"},{"floor":9,"key":"Dodecahedron"}],"event_choices":[{"damage_healed":0,"gold_gain":0,"player_choice":"Paid Gold","damage_taken":0,"relics_obtained":["Art of War"],"max_hp_gain":0,"max_hp_loss":0,"event_name":"WeMeetAgain","floor":2,"gold_loss":108},{"damage_healed":0,"gold_gain":100,"player_choice":"Gold","damage_taken":0,"max_hp_gain":0,"max_hp_loss":0,"event_name":"Wheel of Change","floor":12,"gold_loss":0}],"is_beta":false,"boss_relics":[],"items_purged_floors":[],"is_endless":false,"potions_floor_spawned":[3,5,14],"killed_by":"The Guardian","ascension_level":15}