{"path_per_floor":["M","?","$","?","?","E","T","M","T","R","?","$","R","M","R","B",null,"M","?","M","$","?","R","E","R","T","E","M","E","M","M","R","B",null,"M","?","?","$","M","M","R","M","T","E","$","M","M","M","R","B"],"character_chosen":"DEFECT","items_purchased":["Self Repair","Recycle","Beam Cell","Strength Potion"],"gold_per_floor":[118,118,43,43,43,81,81,102,182,182,182,48,48,73,73,202,240,259,182,207,82,7,7,50,50,50,85,101,134,158,173,173,293,293,307,407,407,257,281,301,301,326,326,361,9,29,48,63,63,63],"floor_reached":51,"campfire_rested":1,"playtime":2763,"current_hp_per_floor":[68,73,73,73,55,30,40,39,39,39,32,32,32,39,39,22,90,92,92,77,77,77,77,86,86,86,92,98,97,101,102,102,104,104,104,104,104,104,103,100,100,108,108,64,64,64,73,82,114,114],"items_purged":["Defend_B","Strike_B","Strike_B","Strike_B","Defend_B"],"gold":63,"score":935,"play_id":"f8076623-6161-4ec5-be97-97d2a3ae7a86","local_time":"20180502221943","is_prod":false,"is_daily":false,"chose_seed":false,"is_ascension_mode":false,"campfire_upgraded":7,"timestamp":1525270783,"path_taken":["M","?","$","?","?","E","?","M","T","R","?","$","R","M","R","BOSS","M","?","?","?","?","R","E","R","T","E","?","E","M","M","R","BOSS","M","?","?","$","M","M","R","M","T","E","$","M","?","M","R","BOSS"],"build_version":"2018-05-01v2","seed_source_timestamp":475667818421405,"purchased_purges":5,"victory":true,"master_deck":["Defend_B","Defend_B","Zap+1","Dualcast+1","Streamline+1","Axe Kick+1","Self Repair+1","Go for the Eyes","Go for the Eyes+1","J.A.X.+1","Gash+1","Axe Kick+1","Axe Kick+1","FTL+1","Recycle+1","Beam Cell","Axe Kick"],"max_hp_per_floor":[68,73,73,73,73,73,83,83,83,83,83,83,83,83,83,85,90,92,92,92,92,92,92,94,94,94,96,98,100,102,102,102,104,104,104,104,104,104,104,106,106,108,108,110,110,110,112,114,114,114],"relics":["Cracked Core","Unceasing Top","Golden Idol","Thread and Needle","Pear","Bottled Flame","Singing Bowl","Tiny House","Meat on the Bone","Toolbox","Mercury Hourglass","Toxic Egg 2","White Beast Statue","Kunai","Bronze Scales"],"card_choices":[{"not_picked":["Stack","Darkness"],"picked":"Streamline","floor":1.0},{"not_picked":["Steam Power","Melter"],"picked":"Axe Kick","floor":6.0},{"not_picked":["Melter","Aggregate"],"picked":"Go for the Eyes","floor":14.0},{"not_picked":["Reinforced Body","Skim"],"picked":"Go for the Eyes","floor":17.0},{"not_picked":["Aggregate","Axe Kick"],"picked":"Gash","floor":20.0},{"not_picked":["Doom and Gloom","Thunder Strike"],"picked":"Axe Kick","floor":31.0},{"not_picked":["Rebound","Impulse"],"picked":"Axe Kick","floor":35.0},{"not_picked":["Axe Kick","Biased Cognition"],"picked":"FTL","floor":39.0},{"not_picked":["Streamline","Impulse"],"picked":"Axe Kick","floor":46}],"player_experience":318631,"potions_floor_usage":[46,47,47,50],"damage_taken":[{"damage":0.0,"enemies":"Small Slimes","floor":1.0,"turns":2.0},{"damage":25.0,"enemies":"Gremlin Nob","floor":6.0,"turns":4.0},{"damage":1.0,"enemies":"Jaw Worm","floor":8.0,"turns":2.0},{"damage":0.0,"enemies":"2 Louse","floor":14.0,"turns":1.0},{"damage":26.0,"enemies":"The Guardian","floor":16.0,"turns":9.0},{"damage":5.0,"enemies":"Spheric Guardian","floor":18.0,"turns":3.0},{"damage":25.0,"enemies":"Chosen","floor":20.0,"turns":5.0},{"damage":3.0,"enemies":"Gremlin Leader","floor":24.0,"turns":5.0},{"damage":6.0,"enemies":"Book of Stabbing","floor":27.0,"turns":4.0},{"damage":3.0,"enemies":"3 Cultists","floor":28.0,"turns":4.0},{"damage":13.0,"enemies":"Slavers","floor":29.0,"turns":3.0},{"damage":8.0,"enemies":"Sentry and Sphere","floor":30.0,"turns":3.0},{"damage":3.0,"enemies":"Centurion and Healer","floor":31.0,"turns":4.0},{"damage":6.0,"enemies":"Automaton","floor":33.0,"turns":4.0},{"damage":4.0,"enemies":"Orb Walker","floor":35.0,"turns":3.0},{"damage":11.0,"enemies":"3 Darklings","floor":39.0,"turns":3.0},{"damage":15.0,"enemies":"4 Shapes","floor":40.0,"turns":2.0},{"damage":3.0,"enemies":"Flame Bruiser 2 Orb","floor":42.0,"turns":3.0},{"damage":68.0,"enemies":"2 Orb Walkers","floor":44.0,"turns":6.0},{"damage":3,"enemies":"3 Darklings","floor":46,"turns":2},{"damage":3,"enemies":"Sphere and 2 Shapes","floor":47,"turns":2},{"damage":3,"enemies":"Maw","floor":48,"turns":3},{"damage":3,"enemies":"Awakened One","floor":50,"turns":4}],"event_choices":[{"event_name":"Big Fish","player_choice":"Donut","floor":2.0,"damage_taken":0.0},{"event_name":"The Cleric","player_choice":"Leave","floor":4.0,"damage_taken":0.0},{"event_name":"Golden Idol","player_choice":"Take Damage","floor":5.0,"damage_taken":0.0},{"event_name":"Scrap Ooze","player_choice":"success","floor":11.0,"damage_taken":7.0},{"event_name":"Drug Dealer","player_choice":"Got JAXXED","floor":19.0,"damage_taken":0.0},{"event_name":"Beggar","player_choice":"Gave Gold","floor":22.0,"damage_taken":0.0},{"event_name":"Golden Shrine","player_choice":"Pray","floor":36.0,"damage_taken":0.0},{"event_name":"Accursed Blacksmith","player_choice":"Ignore","floor":37.0,"damage_taken":0.0}],"boss_relics":[],"potions_floor_spawned":[6,14,20,24,28,31,33,35,39,40,42,44,46,47,48],"seed_played":"-1266932960667160161","ascension_level":0,"is_trial":false}