{"gold_per_floor":[110,35,35,35,35,66,66,81,104,114,131,131,158,172,172,246,246,266,266,266,266,278,278],"floor_reached":23,"playtime":432,"items_purged":["Strike_R"],"score":398,"play_id":"08933dc3-7d38-4283-a26a-5ea52f96c565","local_time":"20190331142531","is_ascension_mode":true,"campfire_choices":[{"data":"Carnage","floor":7,"key":"SMITH"},{"floor":12,"key":"REST"},{"data":"Flame Barrier","floor":15,"key":"SMITH"}],"neow_cost":"NONE","seed_source_timestamp":184772198237200,"circlet_count":0,"master_deck":["AscendersBane","Strike_R+1","Strike_R","Defend_R+1","Defend_R+1","Defend_R","Defend_R","Bash","Carnage+1","True Grit+1","Double Tap","Flame Barrier+1","Demon Form","Whirlwind+1","Necronomicurse","Cleave","Doubt","Seeing Red"],"relics":["Runic Dome","Orichalcum","Ancient Tea Set","Boot","War Paint","Philosopher\u0027s Stone","Necronomicon"],"potions_floor_usage":[14,16,16,23],"damage_taken":[{"damage":1,"enemies":"Cultist","floor":1,"turns":4},{"damage":25,"enemies":"Gremlin Nob","floor":6,"turns":4},{"damage":0,"enemies":"2 Louse","floor":8,"turns":2},{"damage":0,"enemies":"Jaw Worm","floor":10,"turns":3},{"damage":15,"enemies":"Large Slime","floor":11,"turns":2},{"damage":10,"enemies":"Lagavulin","floor":13,"turns":4},{"damage":7,"enemies":"Exordium Thugs","floor":14,"turns":4},{"damage":20,"enemies":"The Guardian","floor":16,"turns":9},{"damage":17,"enemies":"Shell Parasite","floor":18,"turns":4},{"damage":0,"enemies":"Chosen","floor":22,"turns":2},{"damage":20,"enemies":"Book of Stabbing","floor":23,"turns":2}],"seed_played":"-1064072821808503495","potions_obtained":[{"floor":1,"key":"Block Potion"},{"floor":8,"key":"Strength Potion"},{"floor":14,"key":"Regen Potion"},{"floor":16,"key":"LiquidBronze"},{"floor":18,"key":"Explosive Potion"}],"is_trial":false,"path_per_floor":["M","$","?","?","?","E","R","M","T","M","M","R","E","M","R","B",null,"M","?","?","?","M","E"],"character_chosen":"IRONCLAD","items_purchased":[],"campfire_rested":1,"item_purchase_floors":[],"current_hp_per_floor":[67,67,67,67,44,19,19,19,19,19,4,26,16,9,9,4,57,40,40,19,19,19,0],"gold":278,"neow_bonus":"BOSS_RELIC","is_prod":false,"is_daily":false,"chose_seed":false,"campfire_upgraded":2,"win_rate":0,"timestamp":1554009931,"path_taken":["M","?","?","?","?","E","R","M","T","?","M","R","E","M","R","BOSS","M","?","?","?","M","E"],"build_version":"2019-01-23","purchased_purges":1,"victory":false,"max_hp_per_floor":[75,75,75,75,75,75,75,75,75,75,75,75,75,75,75,75,75,75,75,75,75,75,75],"card_choices":[{"not_picked":["Cleave","Anger","Fire Breathing"],"picked":"SKIP","floor":1},{"not_picked":["Cleave","Seeing Red"],"picked":"True Grit","floor":6},{"not_picked":["Havoc","Armaments","Twin Strike"],"picked":"SKIP","floor":8},{"not_picked":["Clash","Perfected Strike"],"picked":"Double Tap","floor":10},{"not_picked":["Sever Soul","Sword Boomerang","Pommel Strike"],"picked":"SKIP","floor":11},{"not_picked":["Battle Trance","Armaments"],"picked":"Flame Barrier","floor":13},{"not_picked":["Rage","Heavy Blade","Flex"],"picked":"SKIP","floor":14},{"not_picked":["Berserk","Dark Embrace"],"picked":"Demon Form","floor":16},{"not_picked":["Evolve","Warcry"],"picked":"Whirlwind+1","floor":18},{"not_picked":["Burning Pact","Armaments"],"picked":"Seeing Red","floor":22}],"player_experience":2775971,"relics_obtained":[{"floor":6,"key":"Ancient Tea Set"},{"floor":9,"key":"Boot"},{"floor":13,"key":"War Paint"},{"floor":20,"key":"Necronomicon"}],"event_choices":[{"damage_healed":0,"gold_gain":0,"cards_transformed":["Strike_R"],"player_choice":"Change","damage_taken":0,"max_hp_gain":0,"max_hp_loss":0,"event_name":"Living Wall","floor":3,"gold_loss":0,"cards_obtained":["Carnage"]},{"damage_healed":0,"gold_gain":0,"player_choice":"Box","damage_taken":0,"relics_obtained":["Orichalcum"],"max_hp_gain":0,"max_hp_loss":0,"event_name":"Big Fish","floor":4,"gold_loss":0,"cards_obtained":["Regret"]},{"damage_healed":0,"gold_gain":0,"player_choice":"Entered Light","damage_taken":23,"max_hp_gain":0,"max_hp_loss":0,"event_name":"Shining Light","floor":5,"gold_loss":0,"cards_upgraded":["Strike_R","Defend_R"]},{"damage_healed":0,"gold_gain":0,"player_choice":"Ignored","damage_taken":0,"max_hp_gain":0,"max_hp_loss":0,"event_name":"The Mausoleum","floor":19,"gold_loss":0},{"damage_healed":0,"gold_gain":0,"player_choice":"Obtained Book","damage_taken":21,"max_hp_gain":0,"max_hp_loss":0,"event_name":"Cursed Tome","floor":20,"gold_loss":0},{"damage_healed":0,"gold_gain":0,"cards_transformed":["Strike_R","Regret"],"player_choice":"Became Test Subject","damage_taken":0,"max_hp_gain":0,"max_hp_loss":0,"event_name":"Drug Dealer","floor":21,"gold_loss":0,"cards_obtained":["Cleave","Doubt"]}],"is_beta":false,"boss_relics":[{"not_picked":["Lizard Tail","Coffee Dripper"],"picked":"Philosopher\u0027s Stone"}],"items_purged_floors":[2],"is_endless":false,"potions_floor_spawned":[1,8,14,16,18],"killed_by":"Book of Stabbing","ascension_level":20}