{"path_per_floor":["M","?","M","T","M","R","E","R","T","E","M","$","?","M","R","B",null,"M","$","M","?","M","R","M","R","T","M","$","R","M","M","R","B",null,"M","M","?","?","?","R"],"character_chosen":"IRONCLAD","items_purchased":["Frozen Egg 2","Inflame","Demon Form+1"],"gold_per_floor":[211,211,222,245,261,261,293,293,316,350,368,57,7,21,21,123,123,123,55,0,0,0,0,0,0,0,0,0,0,0,0,0,0,0,0,0,0,0,0,0,0],"floor_reached":41,"campfire_rested":5,"playtime":1868,"item_purchase_floors":[12,12,19],"current_hp_per_floor":[78,75,80,87,79,79,72,72,72,60,61,61,61,58,84,62,81,60,60,26,26,32,58,37,63,63,39,39,65,52,48,74,20,70,66,62,51,87,87,87,0],"items_purged":[],"gold":0,"score":564,"play_id":"30cdfe2a-22ae-454a-97bc-a1bf223569c7","local_time":"20180525220816","is_prod":false,"is_daily":false,"chose_seed":false,"is_ascension_mode":true,"campfire_upgraded":3,"win_rate":0,"timestamp":1527275296,"campfire_choices":[{"data":"Intimidate","floor":6,"key":"SMITH"},{"data":"Intimidate","floor":8,"key":"SMITH"},{"floor":15,"key":"REST"},{"floor":23,"key":"REST"},{"floor":25,"key":"REST"},{"floor":29,"key":"REST"},{"floor":32,"key":"REST"},{"data":"Whirlwind","floor":40,"key":"SMITH"}],"path_taken":["M","?","M","?","M","R","E","R","T","E","?","?","?","M","R","BOSS","M","$","?","?","M","R","M","R","T","M","$","R","?","M","R","BOSS","M","M","?","?","?","R","E"],"build_version":"2018-05-24","seed_source_timestamp":344102101249654,"purchased_purges":0,"victory":false,"master_deck":["Strike_R","Strike_R","Strike_R","Strike_R","Defend_R","Defend_R","Defend_R","Bash","Intimidate+1","Intimidate+1","Anger","Anger","Inflame+1","Whirlwind+1","Berserk+1","Demon Form+1","Rage","Rage","Fire Breathing+1","Flex","Offering","Inflame+1","Madness","Madness","Offering"],"max_hp_per_floor":[80,80,80,87,87,87,87,87,87,87,87,87,87,87,87,87,87,87,87,87,87,87,87,87,87,87,87,87,87,87,87,87,87,87,87,87,87,87,87,87,87],"relics":["Burning Blood","Ice Cream","Strawberry","Happy Flower","Bronze Scales","Art of War","Frozen Egg 2","Ectoplasm","Kunai","Philosopher\u0027s Stone"],"card_choices":[{"not_picked":["Havoc","Searing Blow"],"picked":"Intimidate","floor":1},{"not_picked":["True Grit","Entrench","Body Slam"],"picked":"SKIP","floor":3},{"not_picked":["Warcry","Flame Barrier"],"picked":"Intimidate","floor":5},{"not_picked":["Cleave","Body Slam","Wild Strike"],"picked":"SKIP","floor":7},{"not_picked":["Wild Strike","Fire Breathing"],"picked":"Anger","floor":10},{"not_picked":["Spot Weakness","Combust"],"picked":"Anger","floor":11},{"not_picked":["Shockwave","Immolate"],"picked":"Whirlwind","floor":14},{"not_picked":["Brutality+1","Double Tap"],"picked":"Berserk+1","floor":16},{"not_picked":["Sword Boomerang","Iron Wave","True Grit"],"picked":"SKIP","floor":18},{"not_picked":["Iron Wave","Armaments+1","Twin Strike"],"picked":"SKIP","floor":20},{"not_picked":["Shockwave","Cleave"],"picked":"Rage","floor":22},{"not_picked":["Battle Trance","Spot Weakness","Evolve+1"],"picked":"SKIP","floor":24},{"not_picked":["Clothesline","Armaments+1"],"picked":"Rage","floor":27},{"not_picked":["Dropkick","Power Through"],"picked":"Fire Breathing+1","floor":30},{"not_picked":["Iron Wave","Perfected Strike+1"],"picked":"Flex","floor":31},{"not_picked":["Reaper","Immolate"],"picked":"Offering","floor":33},{"not_picked":["Cleave","Havoc+1"],"picked":"Inflame+1","floor":35},{"not_picked":["Havoc","Shrug It Off+1","Disarm+1"],"picked":"SKIP","floor":36}],"player_experience":432303,"potions_floor_usage":[7,14,20,20,22,27,36,36],"damage_taken":[{"damage":0,"enemies":"2 Louse","floor":1,"turns":4},{"damage":0,"enemies":"Cultist","floor":3,"turns":4},{"damage":14,"enemies":"Jaw Worm","floor":5,"turns":4},{"damage":13,"enemies":"3 Sentries","floor":7,"turns":8},{"damage":18,"enemies":"Gremlin Nob","floor":10,"turns":4},{"damage":5,"enemies":"Red Slaver","floor":11,"turns":5},{"damage":9,"enemies":"Exordium Thugs","floor":14,"turns":3},{"damage":28,"enemies":"Slime Boss","floor":16,"turns":6},{"damage":27,"enemies":"Spheric Guardian","floor":18,"turns":4},{"damage":40,"enemies":"2 Thieves","floor":20,"turns":5},{"damage":0,"enemies":"3 Cultists","floor":22,"turns":2},{"damage":27,"enemies":"Snecko","floor":24,"turns":6},{"damage":30,"enemies":"Centurion and Healer","floor":27,"turns":5},{"damage":19,"enemies":"Snake Plant","floor":30,"turns":3},{"damage":10,"enemies":"Snecko","floor":31,"turns":4},{"damage":60,"enemies":"Collector","floor":33,"turns":5},{"damage":10,"enemies":"3 Darklings","floor":35,"turns":2},{"damage":10,"enemies":"Orb Walker","floor":36,"turns":3},{"damage":88,"enemies":"Nemesis","floor":41,"turns":7}],"relics_obtained":[{"floor":4,"key":"Strawberry"},{"floor":7,"key":"Happy Flower"},{"floor":9,"key":"Bronze Scales"},{"floor":10,"key":"Art of War"},{"floor":26,"key":"Kunai"}],"event_choices":[{"event_name":"Scrap Ooze","player_choice":"success","floor":2,"damage_taken":3},{"event_name":"The Cleric","player_choice":"Card Removal","floor":13,"damage_taken":0},{"event_name":"Purifier","player_choice":"One Purge","floor":21,"damage_taken":0},{"event_name":"Winding Halls","player_choice":"Embrace Madness","floor":37,"damage_taken":0},{"event_name":"Wheel of Change","player_choice":"Full Heal","floor":38,"damage_taken":0},{"event_name":"Duplicator","player_choice":"One dupe","floor":39,"damage_taken":0}],"boss_relics":[{"not_picked":["Astrolabe","Lizard Tail"],"picked":"Ectoplasm"},{"not_picked":["Calling Bell","Eternal Feather"],"picked":"Philosopher\u0027s Stone"}],"items_purged_floors":[],"potions_floor_spawned":[5,10,16,18,20,24,33,35],"seed_played":"-1781589247051745088","killed_by":"Nemesis","ascension_level":8,"potions_obtained":[{"floor":5,"key":"Fire Potion"},{"floor":10,"key":"Fire Potion"},{"floor":16,"key":"PowerPotion"},{"floor":18,"key":"Block Potion"},{"floor":20,"key":"Poison Potion"},{"floor":24,"key":"Weak Potion"},{"floor":33,"key":"SpeedPotion"},{"floor":35,"key":"GamblersBrew"}],"is_trial":false}