{"gold_per_floor":[114,39,58,8,8,27,27,44,67,79,112,112,112,132,132,236,236,236,236],"floor_reached":19,"playtime":325,"items_purged":["Spot Weakness"],"score":269,"play_id":"23a0fbd3-40da-4f7c-a9c0-752da943272e","local_time":"20190415031100","is_ascension_mode":false,"campfire_choices":[{"data":"Whirlwind","floor":7.0,"key":"SMITH"},{"data":"Entrench","floor":12.0,"key":"SMITH"},{"data":"Barricade","floor":15,"key":"SMITH"}],"neow_cost":"NONE","seed_source_timestamp":0,"circlet_count":0,"master_deck":["Bloodletting","Body Slam","Warcry+1","Barricade+1","Entrench+1","Inflame+1","Feed","Whirlwind+1","Second Wind+1","Entrench+1","Shrug It Off","Offering"],"special_seed":0,"relics":["Burning Blood","Art of War","War Paint","Ectoplasm"],"potions_floor_usage":[16],"damage_taken":[{"damage":21.0,"enemies":"Jaw Worm","floor":1.0,"turns":3.0},{"damage":8.0,"enemies":"Small Slimes","floor":3.0,"turns":3.0},{"damage":1.0,"enemies":"Cultist","floor":6.0,"turns":3.0},{"damage":0.0,"enemies":"3 Louse","floor":8.0,"turns":2.0},{"damage":20.0,"enemies":"Large Slime","floor":10.0,"turns":3.0},{"damage":52.0,"enemies":"Gremlin Nob","floor":11.0,"turns":5.0},{"damage":2,"enemies":"Looter","floor":14,"turns":3},{"damage":0,"enemies":"Slime Boss","floor":16,"turns":4},{"damage":6,"enemies":"Shell Parasite","floor":18,"turns":4}],"seed_played":"1791093912691981060","potions_obtained":[{"floor":6.0,"key":"LiquidBronze"},{"floor":10.0,"key":"SpeedPotion"},{"floor":14,"key":"FearPotion"},{"floor":16,"key":"Fire Potion"}],"is_trial":false,"path_per_floor":["M","$","M","?","?","M","R","M","T","M","E","R","?","M","R","B",null,"M","$"],"character_chosen":"IRONCLAD","items_purchased":[],"campfire_rested":0,"item_purchase_floors":[],"current_hp_per_floor":[73,73,74,74,79,84,84,90,90,76,30,30,11,15,15,21,96,96,96],"gold":236,"neow_bonus":"TEN_PERCENT_HP_BONUS","is_prod":false,"is_daily":false,"chose_seed":false,"campfire_upgraded":3,"win_rate":0,"timestamp":1555265460,"path_taken":["M","$","M","?","?","?","R","M","T","M","E","R","?","M","R","BOSS","M","$"],"build_version":"2019-01-23","purchased_purges":1,"victory":false,"max_hp_per_floor":[88,88,91,91,96,96,96,96,96,96,96,96,96,96,96,96,96,96,96],"card_choices":[{"not_picked":["Sword Boomerang","Havoc"],"picked":"Second Wind","floor":1.0},{"not_picked":["Heavy Blade","Clash","True Grit"],"picked":"SKIP","floor":3.0},{"not_picked":["Inflame","Headbutt"],"picked":"Entrench","floor":6.0},{"not_picked":["Carnage","Hemokinesis","Intimidate"],"picked":"SKIP","floor":8.0},{"not_picked":["Headbutt","Armaments"],"picked":"Shrug It Off","floor":10.0},{"not_picked":["Reckless Charge","Heavy Blade","Wild Strike"],"picked":"SKIP","floor":11.0},{"not_picked":["Thunderclap","Metallicize","Infernal Blade"],"picked":"SKIP","floor":14},{"not_picked":["Berserk","Dark Embrace"],"picked":"Offering","floor":16},{"not_picked":["Flex","Heavy Blade","Thunderclap"],"picked":"SKIP","floor":18}],"player_experience":3147675,"relics_obtained":[{"floor":9.0,"key":"Art of War"},{"floor":11.0,"key":"War Paint"}],"event_choices":[{"cards_removed":["Whirlwind"],"damage_healed":0.0,"max_hp_gain":0.0,"max_hp_loss":0.0,"gold_gain":0.0,"event_name":"The Cleric","player_choice":"Card Removal","floor":4.0,"gold_loss":50.0,"damage_taken":0.0},{"damage_healed":0.0,"max_hp_gain":5.0,"max_hp_loss":0.0,"gold_gain":0.0,"event_name":"Big Fish","player_choice":"Donut","floor":5.0,"gold_loss":0.0,"damage_taken":0.0},{"damage_healed":0.0,"max_hp_gain":0.0,"max_hp_loss":0.0,"gold_gain":0.0,"event_name":"Shining Light","player_choice":"Entered Light","floor":13.0,"gold_loss":0.0,"damage_taken":19.0,"cards_upgraded":["Inflame","Warcry"]}],"is_beta":false,"boss_relics":[{"not_picked":["Runic Pyramid","White Beast Statue"],"picked":"Ectoplasm"}],"items_purged_floors":[2],"is_endless":false,"potions_floor_spawned":[6,10,14,16],"ascension_level":0}