{"gold_per_floor":[112,128,141,141,151,151,151,177,177,194,194,209,284,40,40,40],"floor_reached":16,"playtime":918,"items_purged":[],"score":102,"play_id":"31c4586e-42d7-4d71-ab01-521ed04b4484","local_time":"20181123181002","is_ascension_mode":false,"campfire_choices":[{"data":"Flex","floor":6,"key":"SMITH"},{"data":"Regret","floor":11,"key":"PURGE"},{"data":"Defend_R","floor":15,"key":"PURGE"}],"neow_cost":"NONE","seed_source_timestamp":582724751619028,"circlet_count":0,"master_deck":["Strike_R","Strike_R","Strike_R","Strike_R","Strike_R","Defend_R","Defend_R","Bash","Flex+1","Shrug It Off","Shrug It Off","Iron Wave","Pommel Strike","Armaments","Enlightenment"],"relics":["Burning Blood","Mercury Hourglass","Peace Pipe","Question Card","Incense Burner","Pen Nib"],"potions_floor_usage":[],"damage_taken":[{"damage":5,"enemies":"2 Louse","floor":1,"turns":2},{"damage":0,"enemies":"Small Slimes","floor":2,"turns":4},{"damage":10,"enemies":"Jaw Worm","floor":3,"turns":4},{"damage":5,"enemies":"Looter","floor":5,"turns":4},{"damage":15,"enemies":"3 Sentries","floor":8,"turns":9},{"damage":7,"enemies":"Lots of Slimes","floor":10,"turns":3},{"damage":0,"enemies":"2 Fungi Beasts","floor":12,"turns":3},{"damage":59,"enemies":"Hexaghost","floor":16,"turns":11}],"seed_played":"5506554009610635496","potions_obtained":[{"floor":3,"key":"LiquidBronze"},{"floor":10,"key":"AttackPotion"}],"is_trial":false,"path_per_floor":["M","M","M","?","M","R","?","E","T","M","R","M","?","$","R","B"],"character_chosen":"IRONCLAD","items_purchased":["Enlightenment","Pen Nib"],"campfire_rested":0,"item_purchase_floors":[14,14],"current_hp_per_floor":[80,80,76,69,70,70,70,61,61,60,60,66,55,55,55,0],"gold":40,"neow_bonus":"REMOVE_CARD","is_prod":false,"is_daily":false,"chose_seed":false,"campfire_upgraded":1,"win_rate":0.0,"timestamp":1543018202,"path_taken":["M","M","M","?","M","R","?","E","T","M","R","M","?","$","R","BOSS"],"build_version":"2018-11-15","purchased_purges":0,"victory":false,"max_hp_per_floor":[80,80,80,80,80,80,80,80,80,80,80,80,80,80,80,80],"card_choices":[{"not_picked":["Entrench","Shockwave"],"picked":"Flex","floor":1},{"not_picked":["Perfected Strike","Iron Wave"],"picked":"Shrug It Off","floor":2},{"not_picked":["Iron Wave","Uppercut"],"picked":"Shrug It Off","floor":3},{"not_picked":["Clash","Searing Blow"],"picked":"Iron Wave","floor":5},{"not_picked":["Searing Blow","Ghostly Armor"],"picked":"Pommel Strike","floor":8},{"not_picked":["Perfected Strike","Clothesline","Entrench","Bludgeon"],"picked":"SKIP","floor":10},{"not_picked":["Pommel Strike","Searing Blow","Corruption"],"picked":"Armaments","floor":12}],"player_experience":1612,"relics_obtained":[{"floor":8,"key":"Question Card"},{"floor":9,"key":"Incense Burner"}],"event_choices":[{"damage_healed":0,"gold_gain":0,"player_choice":"Success","damage_taken":7,"relics_obtained":["Mercury Hourglass"],"max_hp_gain":0,"max_hp_loss":0,"event_name":"Scrap Ooze","floor":4,"gold_loss":0},{"damage_healed":0,"gold_gain":0,"player_choice":"Box","damage_taken":0,"relics_obtained":["Peace Pipe"],"max_hp_gain":0,"max_hp_loss":0,"event_name":"Big Fish","floor":7,"gold_loss":0,"cards_obtained":["Regret"]},{"damage_healed":0,"gold_gain":75,"player_choice":"Gather Gold","damage_taken":11,"max_hp_gain":0,"max_hp_loss":0,"event_name":"World of Goop","floor":13,"gold_loss":0}],"is_beta":false,"boss_relics":[],"items_purged_floors":[],"is_endless":false,"potions_floor_spawned":[3,10],"killed_by":"Hexaghost","ascension_level":0}