{"gold_per_floor":[113,16,0,15,15,15,70,70,70,95,95,105,119,147,147,247,247,267,267,267,297,397,397,431,431,502,537,537,555,60,70,70,169,169,181,234,334,350,34,34,59,59,83,83,83,83,117,130,130,130],"floor_reached":51,"playtime":2750,"items_purged":["Writhe","Injury"],"score":1049,"play_id":"ba4410cd-fd32-4c98-86c3-7d27c587acd9","local_time":"20190426135455","is_ascension_mode":true,"campfire_choices":[{"data":"Bash","floor":6,"key":"SMITH"},{"floor":8,"key":"REST"},{"floor":11,"key":"REST"},{"data":"Uppercut","floor":15,"key":"SMITH"},{"data":"Flame Barrier","floor":23,"key":"SMITH"},{"floor":25,"key":"REST"},{"floor":32,"key":"REST"},{"floor":40,"key":"REST"},{"data":"Panacea","floor":42,"key":"SMITH"},{"floor":45,"key":"REST"},{"data":"Spot Weakness","floor":46,"key":"SMITH"},{"floor":49,"key":"REST"}],"neow_cost":"NONE","seed_source_timestamp":157733112283200,"circlet_count":0,"master_deck":["Strike_R","Strike_R","Strike_R","Strike_R","Strike_R","Defend_R+1","Defend_R","Defend_R+1","Defend_R","Bash+1","Panacea+1","Carnage+1","Pommel Strike","Uppercut+1","Shrug It Off","Impervious","Flame Barrier+1","Spot Weakness+1","Battle Trance+1","Dual Wield+1","Disarm+1","Shockwave+1","Mayhem+1","Mayhem+1","Shrug It Off","Shrug It Off","Feed+1","Carnage+1","Body Slam+1","Metallicize+1","Uppercut+1","Twin Strike+1","Decay","Deep Breath","Heavy Blade+1","Heavy Blade+1"],"relics":["Burning Blood","Tiny Chest","PreservedInsect","War Paint","Bottled Flame","Cursed Key","Molten Egg 2","Red Mask","WingedGreaves","Ornamental Fan","Potion Belt","Frozen Egg 2","Self Forming Clay","DollysMirror","Velvet Choker","Pocketwatch","Du-Vu Doll","Red Skull","Bottled Tornado","Boot","Pen Nib"],"potions_floor_usage":[14,16,21,21,22,24,33,36,37,50],"damage_taken":[{"damage":9,"enemies":"Jaw Worm","floor":1,"turns":4},{"damage":10,"enemies":"2 Louse","floor":4,"turns":4},{"damage":55,"enemies":"Lagavulin","floor":7,"turns":9},{"damage":10,"enemies":"3 Sentries","floor":10,"turns":5},{"damage":0,"enemies":"Cultist","floor":12,"turns":3},{"damage":2,"enemies":"Exordium Wildlife","floor":13,"turns":4},{"damage":10,"enemies":"Lagavulin","floor":14,"turns":3},{"damage":40,"enemies":"Slime Boss","floor":16,"turns":11},{"damage":12,"enemies":"2 Thieves","floor":18,"turns":4},{"damage":10,"enemies":"Masked Bandits","floor":21,"turns":4},{"damage":18,"enemies":"Colosseum Slavers","floor":22,"turns":5},{"damage":26,"enemies":"Colosseum Nobs","floor":22,"turns":4},{"damage":7,"enemies":"Book of Stabbing","floor":24,"turns":5},{"damage":25,"enemies":"Gremlin Leader","floor":27,"turns":3},{"damage":7,"enemies":"Chosen","floor":29,"turns":5},{"damage":11,"enemies":"3 Cultists","floor":31,"turns":6},{"damage":42,"enemies":"Champ","floor":33,"turns":10},{"damage":0,"enemies":"3 Darklings","floor":35,"turns":5},{"damage":31,"enemies":"2 Orb Walkers","floor":36,"turns":5},{"damage":9,"enemies":"Mind Bloom Boss Battle","floor":37,"turns":7},{"damage":21,"enemies":"3 Shapes","floor":38,"turns":3},{"damage":25,"enemies":"Nemesis","floor":41,"turns":5},{"damage":39,"enemies":"Reptomancer","floor":47,"turns":4},{"damage":12,"enemies":"Jaw Worm Horde","floor":48,"turns":5},{"damage":45,"enemies":"Donu and Deca","floor":50,"turns":8}],"seed_played":"6956742004219593107","potions_obtained":[{"floor":4,"key":"Ancient Potion"},{"floor":10,"key":"LiquidBronze"},{"floor":12,"key":"SkillPotion"},{"floor":14,"key":"Regen Potion"},{"floor":21,"key":"Explosive Potion"},{"floor":22,"key":"PowerPotion"},{"floor":29,"key":"SteroidPotion"},{"floor":31,"key":"EssenceOfSteel"},{"floor":33,"key":"SteroidPotion"},{"floor":47,"key":"Ancient Potion"},{"floor":48,"key":"SteroidPotion"}],"is_trial":false,"path_per_floor":["M","$","?","M","?","R","E","R","T","E","R","M","M","E","R","B",null,"M","?","T","?","?","R","E","R","T","E","?","M","$","M","R","B",null,"M","?","?","M","$","R","E","R","T","?","R","R","E","M","R","B",null],"character_chosen":"IRONCLAD","items_purchased":["Panacea","Mayhem+1","DollysMirror","Shrug It Off","Red Skull","Uppercut+1"],"campfire_rested":7,"item_purchase_floors":[2,30,30,30,39,39],"current_hp_per_floor":[77,77,77,73,73,73,24,50,50,46,72,78,82,78,78,44,77,71,71,71,79,47,47,46,72,72,53,36,35,35,30,57,21,75,81,60,61,46,46,76,57,57,57,57,87,87,54,48,78,39],"gold":130,"neow_bonus":"TEN_PERCENT_HP_BONUS","is_prod":false,"is_daily":false,"chose_seed":false,"campfire_upgraded":5,"win_rate":0,"timestamp":1556301295,"path_taken":["M","$","?","M","?","R","E","R","T","E","R","?","M","E","R","BOSS","M","?","?","?","?","R","E","R","T","E","?","?","$","M","R","BOSS","M","?","?","M","$","R","E","R","T","?","R","R","E","M","R","BOSS"],"build_version":"2019-01-23","purchased_purges":2,"victory":true,"max_hp_per_floor":[88,88,88,88,88,88,88,88,88,88,88,88,88,88,88,88,88,88,88,88,88,88,88,88,88,88,88,93,93,93,93,93,93,93,93,97,101,101,101,101,101,101,101,101,101,101,101,101,101,101],"card_choices":[{"not_picked":["Cleave","Armaments","Power Through"],"picked":"SKIP","floor":1},{"not_picked":["Body Slam","Burning Pact"],"picked":"Carnage","floor":4},{"not_picked":["Second Wind","Evolve"],"picked":"Pommel Strike","floor":7},{"not_picked":["Rupture","Anger","Corruption"],"picked":"SKIP","floor":10},{"not_picked":["Warcry","Armaments","Clothesline"],"picked":"SKIP","floor":12},{"not_picked":["Power Through","Wild Strike"],"picked":"Uppercut","floor":13},{"not_picked":["Carnage","Perfected Strike"],"picked":"Shrug It Off","floor":14},{"not_picked":["Double Tap","Dark Embrace"],"picked":"Impervious","floor":16},{"not_picked":["Clash","Twin Strike","Sentinel"],"picked":"SKIP","floor":18},{"not_picked":["Pommel Strike+1","Thunderclap+1"],"picked":"Spot Weakness","floor":21},{"not_picked":["Sever Soul+1","True Grit+1"],"picked":"Battle Trance+1","floor":22},{"not_picked":["Reckless Charge+1","Clash+1"],"picked":"Dual Wield+1","floor":24},{"not_picked":["Shockwave","Sever Soul+1"],"picked":"Disarm+1","floor":27},{"not_picked":["Headbutt+1","Armaments"],"picked":"Shockwave+1","floor":29},{"not_picked":["True Grit","Clothesline+1"],"picked":"Shrug It Off","floor":31},{"not_picked":["Fiend Fire+1","Immolate+1"],"picked":"Feed+1","floor":33},{"not_picked":["Warcry","Wild Strike+1"],"picked":"Carnage+1","floor":35},{"not_picked":["Flex+1","Iron Wave+1"],"picked":"Body Slam+1","floor":36},{"not_picked":["Anger+1","Wild Strike+1"],"picked":"Metallicize+1","floor":37},{"not_picked":["Evolve+1","Flex","True Grit"],"picked":"SKIP","floor":38},{"not_picked":["Evolve+1","Flex","True Grit"],"picked":"SKIP","floor":38},{"not_picked":["Armaments","Warcry"],"picked":"Twin Strike+1","floor":41},{"not_picked":["Rupture+1","Combust+1"],"picked":"Heavy Blade+1","floor":47},{"not_picked":["Evolve+1","Dark Embrace+1"],"picked":"Heavy Blade+1","floor":48}],"player_experience":172867,"relics_obtained":[{"floor":7,"key":"Tiny Chest"},{"floor":9,"key":"PreservedInsect"},{"floor":10,"key":"War Paint"},{"floor":14,"key":"Bottled Flame"},{"floor":20,"key":"Molten Egg 2"},{"floor":21,"key":"Red Mask"},{"floor":22,"key":"WingedGreaves"},{"floor":22,"key":"Ornamental Fan"},{"floor":24,"key":"Potion Belt"},{"floor":26,"key":"Frozen Egg 2"},{"floor":27,"key":"Self Forming Clay"},{"floor":36,"key":"Pocketwatch"},{"floor":37,"key":"Du-Vu Doll"},{"floor":41,"key":"Bottled Tornado"},{"floor":43,"key":"Boot"},{"floor":47,"key":"Pen Nib"}],"event_choices":[{"damage_healed":0,"gold_gain":0,"player_choice":"Left Gold","damage_taken":0,"max_hp_gain":0,"max_hp_loss":0,"event_name":"World of Goop","floor":3,"gold_loss":16},{"damage_healed":0,"gold_gain":0,"player_choice":"Forge","damage_taken":0,"max_hp_gain":0,"max_hp_loss":0,"event_name":"Accursed Blacksmith","floor":5,"gold_loss":0,"cards_upgraded":["Carnage"]},{"damage_healed":0,"gold_gain":0,"player_choice":"Read","damage_taken":0,"max_hp_gain":0,"max_hp_loss":0,"event_name":"The Library","floor":19,"gold_loss":0,"cards_obtained":["Flame Barrier"]},{"damage_healed":0,"gold_gain":0,"player_choice":"Fought Bandits","damage_taken":0,"max_hp_gain":0,"max_hp_loss":0,"event_name":"Masked Bandits","floor":21,"gold_loss":0},{"damage_healed":0,"gold_gain":0,"player_choice":"Fight","damage_taken":0,"max_hp_gain":0,"max_hp_loss":0,"event_name":"Colosseum","floor":22,"gold_loss":0},{"damage_healed":0,"gold_gain":0,"player_choice":"Fought Nobs","damage_taken":0,"max_hp_gain":0,"max_hp_loss":0,"event_name":"Colosseum","floor":22,"gold_loss":0},{"damage_healed":0,"gold_gain":0,"player_choice":"Shed Blood","damage_taken":22,"max_hp_gain":5,"max_hp_loss":0,"event_name":"Forgotten Altar","floor":28,"gold_loss":0},{"damage_healed":0,"gold_gain":0,"player_choice":"Fight","damage_taken":0,"max_hp_gain":0,"max_hp_loss":0,"event_name":"Mysterious Sphere","floor":36,"gold_loss":0},{"damage_healed":0,"gold_gain":0,"player_choice":"Fight","damage_taken":0,"max_hp_gain":0,"max_hp_loss":0,"event_name":"MindBloom","floor":37,"gold_loss":0},{"damage_healed":0,"gold_gain":0,"player_choice":"1 cards matched","damage_taken":0,"max_hp_gain":0,"max_hp_loss":0,"event_name":"Match and Keep!","floor":44,"gold_loss":0,"cards_obtained":["Deep Breath"]}],"is_beta":false,"boss_relics":[{"not_picked":["Sozu","Empty Cage"],"picked":"Cursed Key"},{"not_picked":["Philosopher\u0027s Stone","Runic Dome"],"picked":"Velvet Choker"}],"items_purged_floors":[30,39],"is_endless":false,"potions_floor_spawned":[4,10,12,14,21,22,29,31,33,47,48],"ascension_level":6}