{"gold_per_floor":[117,87,99,114,26,26,37,65,65,76,76,76,146,162,162,162],"floor_reached":16,"playtime":280,"items_purged":[],"score":204,"play_id":"b63d673d-5b29-43ce-94ce-c8a5e8e14380","local_time":"20190329150311","is_ascension_mode":true,"campfire_choices":[{"data":"Streamline","floor":6,"key":"SMITH"},{"data":"Zap","floor":11,"key":"SMITH"},{"floor":15,"key":"REST"}],"neow_cost":"NONE","seed_source_timestamp":14383556289400,"circlet_count":0,"master_deck":["AscendersBane","Strike_B","Strike_B","Strike_B","Strike_B","Defend_B","Defend_B","Defend_B","Defend_B","Zap+1","Dualcast","Streamline+1","Cold Snap","Ball Lightning","Capacitor","Seek","Conserve Battery","Ball Lightning"],"relics":["Cracked Core","NeowsBlessing","Darkstone Periapt","Kunai","Shuriken"],"potions_floor_usage":[8,8,8,14,16],"damage_taken":[{"damage":0,"enemies":"2 Louse","floor":1,"turns":1},{"damage":0,"enemies":"Cultist","floor":3,"turns":1},{"damage":0,"enemies":"Small Slimes","floor":4,"turns":1},{"damage":6,"enemies":"2 Fungi Beasts","floor":7,"turns":2},{"damage":33,"enemies":"3 Sentries","floor":8,"turns":7},{"damage":6,"enemies":"Looter","floor":10,"turns":2},{"damage":5,"enemies":"Large Slime","floor":14,"turns":4},{"damage":0,"enemies":"Slime Boss","floor":16,"turns":5}],"seed_played":"-6245582281992589828","potions_obtained":[{"floor":2,"key":"EssenceOfSteel"},{"floor":2,"key":"Ancient Potion"},{"floor":7,"key":"EntropicBrew"},{"floor":8,"key":"Strength Potion"}],"is_trial":false,"path_per_floor":["M","?","M","M","$","R","M","E","T","M","R","?","?","M","R","B"],"character_chosen":"DEFECT","items_purchased":["Capacitor"],"campfire_rested":1,"item_purchase_floors":[5],"current_hp_per_floor":[64,64,64,64,64,64,58,25,25,19,19,8,8,3,24,24],"gold":162,"neow_bonus":"THREE_ENEMY_KILL","is_prod":false,"is_daily":false,"chose_seed":false,"campfire_upgraded":2,"win_rate":0,"timestamp":1553839391,"path_taken":["M","?","?","M","$","R","?","E","T","M","R","?","?","M","R","BOSS"],"build_version":"2019-01-23","purchased_purges":0,"victory":false,"max_hp_per_floor":[71,71,71,71,71,71,71,71,71,71,71,71,71,71,71,71],"card_choices":[{"not_picked":["Hologram","FTL"],"picked":"Streamline","floor":1},{"not_picked":["Lockon","Stack"],"picked":"Cold Snap","floor":3},{"not_picked":["Leap","Undo"],"picked":"Ball Lightning","floor":4},{"not_picked":["FTL","Genetic Algorithm","Stack"],"picked":"SKIP","floor":7},{"not_picked":["Rebound","Redo"],"picked":"Seek","floor":8},{"not_picked":["Leap","Rebound"],"picked":"Conserve Battery","floor":10},{"not_picked":["Conserve Battery","Ball Lightning","Compile Driver"],"picked":"SKIP","floor":14},{"not_picked":["Conserve Battery","Compile Driver"],"picked":"Ball Lightning","floor":14}],"player_experience":2708209,"relics_obtained":[{"floor":8,"key":"Darkstone Periapt"},{"floor":9,"key":"Kunai"}],"event_choices":[{"damage_healed":0,"gold_gain":0,"player_choice":"Bought 2 Potions","damage_taken":0,"max_hp_gain":0,"max_hp_loss":0,"event_name":"The Woman in Blue","floor":2,"gold_loss":0},{"damage_healed":0,"gold_gain":0,"player_choice":"Success","damage_taken":11,"relics_obtained":["Shuriken"],"max_hp_gain":0,"max_hp_loss":0,"event_name":"Scrap Ooze","floor":12,"gold_loss":0},{"damage_healed":0,"gold_gain":70,"player_choice":"Gained Gold","damage_taken":0,"max_hp_gain":0,"max_hp_loss":0,"event_name":"Golden Wing","floor":13,"gold_loss":0}],"is_beta":false,"boss_relics":[],"items_purged_floors":[],"is_endless":false,"potions_floor_spawned":[3,7,8],"killed_by":"Slime Boss","ascension_level":20}