{"gold_per_floor":[110,260,260,260,280,313,313,348,348,365,393,393,393,411,411,488,488,499,251,251,261,31,61,61,79,129,129,55,55,89,89,89,160,160,174,193,193,193,193,221,233,233,307,307,327,327,362,362,362,362,362,362,362,13,41,41],"floor_reached":57,"playtime":2785,"items_purged":["Aggregate+1"],"score":2999,"play_id":"a7c2e9f5-2b73-44b9-b2af-83fffc1c4b40","local_time":"20190321125413","is_ascension_mode":true,"campfire_choices":[{"data":"Streamline","floor":7.0,"key":"SMITH"},{"data":"Zap","floor":12.0,"key":"SMITH"},{"floor":15.0,"key":"REST"},{"floor":24.0,"key":"REST"},{"data":"Defragment","floor":27.0,"key":"SMITH"},{"data":"Loop","floor":32.0,"key":"SMITH"},{"floor":42.0,"key":"REST"},{"floor":46.0,"key":"RECALL"},{"data":"1","floor":49.0,"key":"LIFT"},{"data":"2","floor":53.0,"key":"LIFT"}],"neow_cost":"NONE","seed_source_timestamp":149750574911000,"circlet_count":0,"master_deck":["AscendersBane","Zap+1","Dualcast","Glacier+1","Streamline+1","Chill","Hologram+1","Core Surge","Coolheaded+1","Echo Form","Rainbow+1","Recycle+1","Darkness+1","Melter","Rip and Tear","Seek+1","Loop+1","BootSequence+1","Defragment+1","Blizzard","Turbo+1","Conserve Battery+1","Self Repair","Redo+1","Cold Snap","Defragment+1","Coolheaded+1","Coolheaded+1","Capacitor","Coolheaded+1","Enlightenment+1","Bandage Up+1","Double Energy+1","Hologram+1","Redo+1","Loop"],"special_seed":0,"relics":["Cracked Core","NeowsBlessing","Pear","Nunchaku","Bronze Scales","Toxic Egg 2","Bag of Marbles","Pandora\u0027s Box","OrangePellets","Prayer Wheel","Lantern","Art of War","Fusion Hammer","Girya","Unceasing Top","Turnip","Bottled Lightning","Dodecahedron"],"potions_floor_usage":[],"damage_taken":[{"damage":0.0,"enemies":"Jaw Worm","floor":1.0,"turns":1.0},{"damage":0.0,"enemies":"Small Slimes","floor":5.0,"turns":1.0},{"damage":0.0,"enemies":"3 Sentries","floor":6.0,"turns":2.0},{"damage":41.0,"enemies":"Lagavulin","floor":8.0,"turns":8.0},{"damage":1.0,"enemies":"Cultist","floor":10.0,"turns":3.0},{"damage":0.0,"enemies":"3 Sentries","floor":11.0,"turns":7.0},{"damage":7.0,"enemies":"3 Louse","floor":14.0,"turns":2.0},{"damage":15.0,"enemies":"Hexaghost","floor":16.0,"turns":10.0},{"damage":21.0,"enemies":"Shell Parasite","floor":18.0,"turns":3.0},{"damage":0.0,"enemies":"Spheric Guardian","floor":21.0,"turns":1.0},{"damage":18.0,"enemies":"Book of Stabbing","floor":23.0,"turns":4.0},{"damage":0.0,"enemies":"Snake Plant","floor":25.0,"turns":3.0},{"damage":3.0,"enemies":"Gremlin Leader","floor":30.0,"turns":5.0},{"damage":17.0,"enemies":"Collector","floor":33.0,"turns":10.0},{"damage":0.0,"enemies":"3 Shapes","floor":35.0,"turns":4.0},{"damage":25.0,"enemies":"3 Darklings","floor":36.0,"turns":5.0},{"damage":32.0,"enemies":"Reptomancer","floor":40.0,"turns":6.0},{"damage":0.0,"enemies":"Maw","floor":41.0,"turns":6.0},{"damage":0.0,"enemies":"Spire Growth","floor":45.0,"turns":7.0},{"damage":0.0,"enemies":"Nemesis","floor":47.0,"turns":5.0},{"damage":0.0,"enemies":"Time Eater","floor":50.0,"turns":16.0},{"damage":32.0,"enemies":"Awakened One","floor":51.0,"turns":17.0},{"damage":1.0,"enemies":"Shield and Spear","floor":55.0,"turns":7.0},{"damage":75,"enemies":"The Heart","floor":56,"turns":11}],"seed_played":"4946440593756562885","potions_obtained":[{"floor":5.0,"key":"Dexterity Potion"},{"floor":10.0,"key":"Weak Potion"},{"floor":16.0,"key":"Fire Potion"},{"floor":21.0,"key":"Energy Potion"},{"floor":30.0,"key":"Poison Potion"},{"floor":33.0,"key":"AttackPotion"},{"floor":35.0,"key":"SteroidPotion"},{"floor":39.0,"key":"GamblersBrew"},{"floor":39.0,"key":"SteroidPotion"},{"floor":41.0,"key":"SkillPotion"}],"is_trial":false,"path_per_floor":["M","?","?","?","M","E","R","E","T","M","E","R","?","M","R","B",null,"M","$","?","M","$","E","R","M","T","R","$","?","E","?","R","B",null,"M","M","$","?","?","E","M","R","T","?","M","R","E","T","R","B","B",null,"R","$","E","B",null],"character_chosen":"DEFECT","items_purchased":["Defragment","Blizzard","OrangePellets","Self Repair","Bottled Lightning","Loop"],"campfire_rested":3,"item_purchase_floors":[19,19,22,28,54,54],"current_hp_per_floor":[64,64,64,74,74,74,74,33,33,32,32,32,8,1,25,10,63,42,42,21,21,21,3,27,27,27,27,27,27,31,31,31,21,66,66,48,48,48,48,23,37,60,60,50,70,70,77,77,77,77,59,73,73,73,77,15],"gold":41,"neow_bonus":"THREE_ENEMY_KILL","is_prod":false,"is_daily":false,"chose_seed":false,"campfire_upgraded":4,"win_rate":0,"timestamp":1553140453,"path_taken":["M","?","?","?","M","E","R","E","T","?","E","R","?","M","R","BOSS","M","$","?","M","$","E","R","M","T","R","$","?","E","?","R","BOSS","M","M","?","?","?","E","?","R","T","?","M","R","E","?","R","BOSS","BOSS","R","$","E","BOSS"],"build_version":"2019-01-23","purchased_purges":1,"victory":true,"max_hp_per_floor":[71,71,71,81,81,81,81,81,81,81,81,81,81,81,81,81,81,81,81,81,81,81,81,81,81,81,81,81,81,81,81,81,81,81,81,81,81,77,77,77,77,77,77,77,77,77,77,77,77,77,77,77,77,77,77,77],"card_choices":[{"not_picked":["Scrape","Stack"],"picked":"Streamline","floor":1.0},{"not_picked":["Steam","Stack"],"picked":"Glacier","floor":5.0},{"not_picked":["Tempest","Scrape"],"picked":"Streamline","floor":6.0},{"not_picked":["Heatsinks","Beam Cell"],"picked":"Chill","floor":8.0},{"not_picked":["Leap+1","Ball Lightning"],"picked":"Hologram+1","floor":10.0},{"not_picked":["Chaos+1","Turbo+1"],"picked":"Core Surge","floor":11.0},{"not_picked":["Cold Snap","Hello World"],"picked":"Coolheaded+1","floor":14.0},{"not_picked":["Machine Learning","Buffer"],"picked":"Echo Form","floor":16.0},{"not_picked":["Auto Shields+1","Genetic Algorithm+1"],"picked":"BootSequence+1","floor":18.0},{"not_picked":["Genetic Algorithm+1","Streamline"],"picked":"Turbo+1","floor":21.0},{"not_picked":["Skim+1","Redo+1","Ball Lightning"],"picked":"SKIP","floor":23.0},{"not_picked":["Doom and Gloom","Go for the Eyes"],"picked":"Conserve Battery+1","floor":25.0},{"not_picked":["Doom and Gloom","Go for the Eyes","Blizzard"],"picked":"SKIP","floor":25.0},{"not_picked":["Rainbow+1","Doom and Gloom"],"picked":"Cold Snap","floor":30.0},{"not_picked":["Redo+1","Rebound","Streamline"],"picked":"SKIP","floor":35.0},{"not_picked":["Compile Driver","Steam+1","Go for the Eyes"],"picked":"SKIP","floor":35.0},{"not_picked":["Rebound","Compile Driver+1"],"picked":"Coolheaded+1","floor":36.0},{"not_picked":["Compile Driver","Rip and Tear+1"],"picked":"Coolheaded+1","floor":36.0},{"not_picked":["Rainbow+1","Chaos+1"],"picked":"Capacitor","floor":40.0},{"not_picked":["Ball Lightning+1","Lockon"],"picked":"Coolheaded+1","floor":41.0},{"not_picked":["Compile Driver","Streamline","Leap+1"],"picked":"SKIP","floor":41.0},{"not_picked":["Panacea+1","Secret Weapon+1"],"picked":"Enlightenment+1","floor":44.0},{"not_picked":["PanicButton+1","Forethought+1"],"picked":"Bandage Up+1","floor":44.0},{"not_picked":["Steam+1","Leap+1"],"picked":"Double Energy+1","floor":45.0},{"not_picked":["Undo+1","Reprogram+1"],"picked":"Hologram+1","floor":45.0},{"not_picked":["All For One","Stack+1"],"picked":"Redo+1","floor":47.0},{"not_picked":["Hello World","Storm+1","Cold Snap"],"picked":"SKIP","floor":55.0}],"player_experience":2435181,"relics_obtained":[{"floor":6.0,"key":"Nunchaku"},{"floor":8.0,"key":"Bronze Scales"},{"floor":9.0,"key":"Toxic Egg 2"},{"floor":11.0,"key":"Bag of Marbles"},{"floor":23.0,"key":"Prayer Wheel"},{"floor":26.0,"key":"Lantern"},{"floor":30.0,"key":"Art of War"},{"floor":40.0,"key":"Girya"},{"floor":47.0,"key":"Unceasing Top"},{"floor":48.0,"key":"Turnip"},{"floor":55.0,"key":"Dodecahedron"}],"event_choices":[{"damage_healed":0.0,"max_hp_gain":0.0,"max_hp_loss":0.0,"gold_gain":150.0,"event_name":"Liars Game","player_choice":"AGREE","floor":2.0,"gold_loss":0.0,"damage_taken":0.0,"cards_obtained":["Doubt"]},{"cards_removed":["Doubt"],"damage_healed":0.0,"max_hp_gain":0.0,"max_hp_loss":0.0,"gold_gain":0.0,"event_name":"Living Wall","player_choice":"Forget","floor":3.0,"gold_loss":0.0,"damage_taken":0.0},{"cards_removed":["Streamline"],"damage_healed":0.0,"max_hp_gain":0.0,"max_hp_loss":0.0,"gold_gain":0.0,"event_name":"WeMeetAgain","player_choice":"Gave Card","floor":4.0,"gold_loss":0.0,"damage_taken":0.0,"relics_obtained":["Pear"]},{"damage_healed":0.0,"max_hp_gain":0.0,"max_hp_loss":0.0,"gold_gain":0.0,"event_name":"Shining Light","player_choice":"Entered Light","floor":13.0,"gold_loss":0.0,"damage_taken":24.0,"cards_upgraded":["Defend_B","Glacier"]},{"damage_healed":0.0,"max_hp_gain":0.0,"max_hp_loss":0.0,"gold_gain":0.0,"event_name":"Cursed Tome","player_choice":"Obtained Book","floor":20.0,"gold_loss":0.0,"damage_taken":21.0},{"damage_healed":0.0,"max_hp_gain":0.0,"max_hp_loss":0.0,"gold_gain":0.0,"event_name":"The Library","player_choice":"Read","floor":29.0,"gold_loss":0.0,"damage_taken":0.0,"cards_obtained":["Redo"]},{"damage_healed":0.0,"max_hp_gain":0.0,"max_hp_loss":0.0,"gold_gain":0.0,"event_name":"Duplicator","player_choice":"Copied","floor":31.0,"gold_loss":0.0,"damage_taken":0.0,"cards_obtained":["Defragment"]},{"damage_healed":0.0,"max_hp_gain":0.0,"max_hp_loss":4.0,"gold_gain":0.0,"event_name":"Winding Halls","player_choice":"Max HP","floor":38.0,"gold_loss":0.0,"damage_taken":0.0},{"damage_healed":0.0,"max_hp_gain":0.0,"max_hp_loss":0.0,"gold_gain":0.0,"event_name":"Lab","player_choice":"Got Potions","floor":39.0,"gold_loss":0.0,"damage_taken":0.0},{"damage_healed":0.0,"max_hp_gain":0.0,"max_hp_loss":0.0,"gold_gain":0.0,"event_name":"SensoryStone","player_choice":"Memory 3","floor":44.0,"gold_loss":0.0,"damage_taken":10.0}],"is_beta":false,"boss_relics":[{"not_picked":["White Beast Statue","Tiny House"],"picked":"Pandora\u0027s Box"},{"not_picked":["Philosopher\u0027s Stone","FrozenCore"],"picked":"Fusion Hammer"}],"items_purged_floors":[19],"is_endless":false,"potions_floor_spawned":[5,10,16,21,30,33,35,41],"ascension_level":20}