{"gold_per_floor":[17,17,32,96,106,139,139,160,160,8,8,24,35,49,49,150,150,169,180,180,25,39,39,64,24,78,112,129,129,157,72,72,177,177,188,188,233,233,45,45,72,72,145,177,192,192,220,233,233,233],"floor_reached":51,"playtime":5558,"items_purged":[],"score":1262,"play_id":"d218241f-2273-434d-bef8-4ae0a92b5bad","local_time":"20180902202838","is_ascension_mode":true,"campfire_choices":[{"floor":7.0,"key":"REST"},{"data":"Storm","floor":11.0,"key":"SMITH"},{"floor":15.0,"key":"REST"},{"floor":23.0,"key":"REST"},{"data":"Storm","floor":29.0,"key":"SMITH"},{"data":"Static Discharge","floor":32.0,"key":"SMITH"},{"data":"Creative AI","floor":40.0,"key":"SMITH"},{"data":"Static Discharge","floor":42.0,"key":"SMITH"},{"data":"Biased Cognition","floor":49.0,"key":"SMITH"}],"neow_cost":"NO_GOLD","seed_source_timestamp":1558083581509572,"circlet_count":0,"master_deck":["Strike_B","Strike_B","Strike_B","Defend_B","Defend_B","Zap","Dualcast","AscendersBane","Conserve Battery","Static Discharge+1","Cold Snap","Storm+1","Self Repair","Redo+1","Storm+1","Darkness+1","BootSequence+1","Biased Cognition+1","Lockon+1","Capacitor+1","Meteor Strike+1","Conserve Battery+1","Static Discharge+1","Self Repair","FTL","Conserve Battery+1","Steam+1","Fission+1","Steam+1","FTL","Creative AI+1","Finesse+1","Madness+1","Loop+1","Self Repair","Force Field+1","Conserve Battery+1","Defragment+1","Self Repair+1","Rainbow+1"],"special_seed":0,"relics":["Cracked Core","Thread and Needle","Toxic Egg 2","Odd Mushroom","Gremlin Horn","Astrolabe","Enchiridion","Turnip","Tiny Chest","Juzu Bracelet","Darkstone Periapt","Orichalcum","Calipers","Bag of Preparation","DataDisk","Smiling Mask","Happy Flower","Bag of Marbles"],"potions_floor_usage":[50,50],"damage_taken":[{"damage":0.0,"enemies":"Small Slimes","floor":1.0,"turns":3.0},{"damage":0.0,"enemies":"Jaw Worm","floor":3.0,"turns":3.0},{"damage":0.0,"enemies":"2 Louse","floor":5.0,"turns":2.0},{"damage":24.0,"enemies":"3 Sentries","floor":6.0,"turns":8.0},{"damage":11.0,"enemies":"The Mushroom Lair","floor":8.0,"turns":5.0},{"damage":0.0,"enemies":"Exordium Wildlife","floor":12.0,"turns":3.0},{"damage":9.0,"enemies":"Large Slime","floor":13.0,"turns":4.0},{"damage":9.0,"enemies":"Exordium Thugs","floor":14.0,"turns":3.0},{"damage":47.0,"enemies":"Hexaghost","floor":16.0,"turns":8.0},{"damage":0.0,"enemies":"Chosen","floor":18.0,"turns":4.0},{"damage":5.0,"enemies":"Shell Parasite","floor":19.0,"turns":4.0},{"damage":8.0,"enemies":"3 Cultists","floor":22.0,"turns":3.0},{"damage":0.0,"enemies":"Gremlin Leader","floor":24.0,"turns":3.0},{"damage":28.0,"enemies":"Slavers","floor":27.0,"turns":4.0},{"damage":0.0,"enemies":"Snecko","floor":28.0,"turns":3.0},{"damage":15.0,"enemies":"Book of Stabbing","floor":30.0,"turns":4.0},{"damage":74.0,"enemies":"Collector","floor":33.0,"turns":10.0},{"damage":0.0,"enemies":"Orb Walker","floor":35.0,"turns":3.0},{"damage":8.0,"enemies":"Mysterious Sphere","floor":37.0,"turns":3.0},{"damage":6.0,"enemies":"Giant Head","floor":41.0,"turns":5.0},{"damage":17.0,"enemies":"Nemesis","floor":44.0,"turns":6.0},{"damage":9.0,"enemies":"3 Darklings","floor":45.0,"turns":4.0},{"damage":8.0,"enemies":"2 Orb Walkers","floor":47.0,"turns":3.0},{"damage":0.0,"enemies":"4 Shapes","floor":48.0,"turns":3.0},{"damage":75,"enemies":"Awakened One","floor":50,"turns":5}],"seed_played":"-7705210482900046288","potions_obtained":[{"floor":5.0,"key":"SmokeBomb"},{"floor":8.0,"key":"Block Potion"},{"floor":12.0,"key":"Ancient Potion"},{"floor":14.0,"key":"Swift Potion"},{"floor":18.0,"key":"EntropicBrew"},{"floor":25.0,"key":"Poison Potion"},{"floor":27.0,"key":"Strength Potion"},{"floor":35.0,"key":"Explosive Potion"},{"floor":44.0,"key":"LiquidBronze"}],"is_trial":false,"path_per_floor":["M","?","M","?","M","E","R","?","T","$","R","M","M","M","R","B",null,"M","M","?","$","M","R","E","?","T","E","M","R","E","?","R","B",null,"M","?","?","?","$","R","E","R","T","E","M","?","E","M","R","B"],"character_chosen":"DEFECT","items_purchased":["Self Repair","PowerPotion","Redo+1","PowerPotion","Self Repair","FTL","Bag of Preparation","Self Repair"],"campfire_rested":3,"item_purchase_floors":[10,10,10,21,21,21,39,39],"current_hp_per_floor":[68,73,73,73,73,49,73,62,62,62,62,62,67,65,80,40,70,70,72,56,56,55,79,80,80,80,73,80,80,79,79,79,19,65,72,67,73,73,73,73,80,80,80,80,78,78,70,80,80,12],"gold":233,"neow_bonus":"ONE_RARE_RELIC","is_prod":false,"is_daily":false,"chose_seed":false,"campfire_upgraded":6,"win_rate":0,"timestamp":1535909318,"path_taken":["M","?","M","?","M","E","R","?","T","$","R","M","?","M","R","BOSS","M","M","?","?","M","R","E","?","T","E","M","R","E","?","R","BOSS","M","?","?","?","$","R","E","R","T","E","M","?","E","M","R","BOSS"],"build_version":"2018-08-30","purchased_purges":0,"victory":true,"max_hp_per_floor":[75,80,80,80,80,80,80,80,80,80,80,80,80,80,80,80,80,80,80,80,80,80,80,80,80,80,80,80,80,80,80,80,80,80,80,80,80,80,80,80,80,80,80,80,80,80,80,80,80,80],"card_choices":[{"not_picked":["Lockon","Streamline"],"picked":"Conserve Battery","floor":1.0},{"not_picked":["Skim","Barrage"],"picked":"Melter","floor":3.0},{"not_picked":["Double Energy","Rip and Tear"],"picked":"Static Discharge","floor":5.0},{"not_picked":["Skim","Leap"],"picked":"Cold Snap","floor":6.0},{"not_picked":["Lockon","Beam Cell"],"picked":"Storm","floor":8.0},{"not_picked":["Genetic Algorithm+1","Ball Lightning"],"picked":"Storm","floor":12.0},{"not_picked":["Streamline","Go for the Eyes"],"picked":"Darkness+1","floor":13.0},{"not_picked":["Gash","Rip and Tear"],"picked":"BootSequence+1","floor":14.0},{"not_picked":["Machine Learning","All For One"],"picked":"Biased Cognition","floor":16.0},{"not_picked":["Hologram+1","Rip and Tear+1"],"picked":"Conserve Battery+1","floor":18.0},{"not_picked":["Rebound","Go for the Eyes+1"],"picked":"Static Discharge","floor":19.0},{"not_picked":["Leap+1","Gash+1"],"picked":"Conserve Battery+1","floor":22.0},{"not_picked":["Beam Cell","Core Surge"],"picked":"Steam+1","floor":24.0},{"not_picked":["Sweeping Beam","Hello World"],"picked":"Fission+1","floor":27.0},{"not_picked":["Hello World","Hologram+1"],"picked":"Steam+1","floor":28.0},{"not_picked":["Meteor Strike","Coolheaded+1"],"picked":"FTL","floor":30.0},{"not_picked":["Multi-Cast+1","Thunder Strike"],"picked":"Creative AI","floor":33.0},{"not_picked":["Beam Cell","Go for the Eyes","Gash+1"],"picked":"SKIP","floor":35.0},{"not_picked":["Trip+1","Flash of Steel"],"picked":"Finesse+1","floor":36.0},{"not_picked":["Bandage Up+1","Good Instincts+1"],"picked":"Madness+1","floor":36.0},{"not_picked":["Barrage+1","Turbo+1"],"picked":"Loop+1","floor":37.0},{"not_picked":["Conserve Battery+1","Stack+1"],"picked":"Force Field+1","floor":41.0},{"not_picked":["Turbo+1","Cold Snap"],"picked":"Conserve Battery+1","floor":44.0},{"not_picked":["Redo+1","Gash+1"],"picked":"Defragment+1","floor":45.0},{"not_picked":["Redo+1","Hello World+1"],"picked":"Self Repair+1","floor":47.0},{"not_picked":["Steam+1","Beam Cell"],"picked":"Rainbow+1","floor":48.0}],"player_experience":675699,"relics_obtained":[{"floor":6.0,"key":"Toxic Egg 2"},{"floor":8.0,"key":"Odd Mushroom"},{"floor":9.0,"key":"Gremlin Horn"},{"floor":20.0,"key":"Enchiridion"},{"floor":24.0,"key":"Turnip"},{"floor":26.0,"key":"Tiny Chest"},{"floor":27.0,"key":"Juzu Bracelet"},{"floor":30.0,"key":"Darkstone Periapt"},{"floor":37.0,"key":"Calipers"},{"floor":41.0,"key":"DataDisk"},{"floor":43.0,"key":"Smiling Mask"},{"floor":44.0,"key":"Happy Flower"},{"floor":47.0,"key":"Bag of Marbles"}],"event_choices":[{"event_name":"Big Fish","player_choice":"Donut","floor":2.0,"damage_taken":0.0},{"event_name":"Golden Wing","player_choice":"Gained Gold","floor":4.0,"damage_taken":0.0},{"event_name":"Mushrooms","player_choice":"Fought Mushrooms","floor":8.0,"damage_taken":0.0},{"event_name":"Cursed Tome","player_choice":"Obtained Book","floor":20.0,"damage_taken":0.0},{"event_name":"The Woman in Blue","player_choice":"Bought 3 Potions","floor":25.0,"damage_taken":0.0},{"event_name":"Addict","player_choice":"Obtained Relic","floor":31.0,"damage_taken":0.0},{"event_name":"SensoryStone","player_choice":"Memory 2","floor":36.0,"damage_taken":0.0},{"event_name":"Mysterious Sphere","player_choice":"Fight","floor":37.0,"damage_taken":0.0},{"event_name":"Purifier","player_choice":"Skipped","floor":38.0,"damage_taken":0.0},{"event_name":"Falling","player_choice":"Removed Attack","floor":46.0,"damage_taken":0.0}],"is_beta":false,"boss_relics":[{"not_picked":["Pandora\u0027s Box","FrozenCore"],"picked":"Astrolabe"},{"not_picked":["Coffee Dripper","Busted Crown","Cursed Key"]}],"items_purged_floors":[],"is_endless":false,"potions_floor_spawned":[5,8,12,14,18,19,27,35,44],"ascension_level":11}