{"gold_per_floor":[114,17,17,17,33,33,44,44,68,68,102,102,118,147,147,219,219,239,239,239,239,32,32,32],"floor_reached":24,"playtime":658,"items_purged":["Pain"],"score":425,"play_id":"34187866-e2ea-4cc6-a199-9cf6d8de3d9a","local_time":"20190424213145","is_ascension_mode":true,"campfire_choices":[{"data":"Carnage","floor":6,"key":"SMITH"},{"data":"Whirlwind","floor":8,"key":"SMITH"},{"floor":10,"key":"REST"},{"data":"Strike_R","floor":15,"key":"SMITH"},{"data":"True Grit","floor":23,"key":"SMITH"}],"neow_cost":"PERCENT_DAMAGE","seed_source_timestamp":207560387482500,"circlet_count":0,"master_deck":["AscendersBane","Defend_R","Defend_R","Defend_R","Defend_R","Bash+1","Whirlwind+1","Discovery+1","Carnage+1","Fiend Fire","Bite","Bite","Bite","Bite","Bite","Feel No Pain","True Grit+1"],"relics":["Burning Blood","Gambling Chip","WarpedTongs","Smiling Mask","Torii","Black Star"],"potions_floor_usage":[16,24,24],"damage_taken":[{"damage":1,"enemies":"2 Louse","floor":1,"turns":3},{"damage":4,"enemies":"Jaw Worm","floor":5,"turns":3},{"damage":0,"enemies":"Cultist","floor":7,"turns":1},{"damage":35,"enemies":"Gremlin Nob","floor":11,"turns":4},{"damage":9,"enemies":"Blue Slaver","floor":13,"turns":2},{"damage":11,"enemies":"3 Sentries","floor":14,"turns":4},{"damage":24,"enemies":"Hexaghost","floor":16,"turns":8},{"damage":11,"enemies":"Spheric Guardian","floor":18,"turns":3},{"damage":40,"enemies":"Gremlin Leader","floor":24,"turns":4}],"seed_played":"5846716811717648549","potions_obtained":[{"floor":5,"key":"GamblersBrew"},{"floor":13,"key":"EssenceOfSteel"}],"is_trial":false,"path_per_floor":["M","$","?","?","M","R","M","R","T","R","E","?","M","E","R","B",null,"M","?","?","?","$","R","E"],"character_chosen":"IRONCLAD","items_purchased":["Discovery","Feel No Pain","True Grit","PowerPotion"],"campfire_rested":1,"item_purchase_floors":[2,22,22,22],"current_hp_per_floor":[55,55,32,32,34,34,40,40,40,62,33,33,30,25,25,7,58,53,32,32,32,32,32,0],"gold":32,"neow_bonus":"ONE_RARE_RELIC","is_prod":false,"is_daily":false,"chose_seed":false,"campfire_upgraded":4,"win_rate":0,"timestamp":1556109105,"path_taken":["M","$","?","?","M","R","?","R","T","R","E","?","?","E","R","BOSS","M","?","?","?","$","R","E"],"build_version":"2019-01-23","purchased_purges":1,"victory":false,"max_hp_per_floor":[75,75,75,75,75,75,75,75,75,75,75,75,75,75,75,75,75,75,80,80,56,56,56,56],"card_choices":[{"not_picked":["Havoc","Dropkick"],"picked":"Whirlwind","floor":1},{"not_picked":["Battle Trance","Body Slam"],"picked":"Carnage","floor":5},{"not_picked":["Heavy Blade","Reckless Charge","Clash"],"picked":"SKIP","floor":7},{"not_picked":["Thunderclap","Headbutt","Warcry"],"picked":"SKIP","floor":11},{"not_picked":["Hemokinesis","Heavy Blade","Thunderclap"],"picked":"SKIP","floor":13},{"not_picked":["Sentinel","Cleave","Hemokinesis"],"picked":"SKIP","floor":14},{"not_picked":["Limit Break","Brutality"],"picked":"Fiend Fire","floor":16},{"not_picked":["Wild Strike","Flex+1","Entrench"],"picked":"SKIP","floor":18}],"player_experience":3355347,"relics_obtained":[{"floor":11,"key":"Smiling Mask"},{"floor":14,"key":"Torii"}],"event_choices":[{"damage_healed":0,"gold_gain":0,"player_choice":"Entered Light","damage_taken":23,"max_hp_gain":0,"max_hp_loss":0,"event_name":"Shining Light","floor":3,"gold_loss":0,"cards_upgraded":["Strike_R","Bash"]},{"damage_healed":0,"gold_gain":0,"player_choice":"Rummage","damage_taken":0,"relics_obtained":["WarpedTongs"],"max_hp_gain":0,"max_hp_loss":0,"event_name":"Accursed Blacksmith","floor":4,"gold_loss":0,"cards_obtained":["Pain"]},{"damage_healed":0,"gold_gain":0,"player_choice":"Upgraded","damage_taken":0,"max_hp_gain":0,"max_hp_loss":0,"event_name":"Upgrade Shrine","floor":12,"gold_loss":0,"cards_upgraded":["Discovery"]},{"damage_healed":0,"gold_gain":0,"player_choice":"Shed Blood","damage_taken":26,"max_hp_gain":5,"max_hp_loss":0,"event_name":"Forgotten Altar","floor":19,"gold_loss":0},{"damage_healed":0,"gold_gain":0,"player_choice":"Ignored","damage_taken":0,"max_hp_gain":0,"max_hp_loss":0,"event_name":"The Mausoleum","floor":20,"gold_loss":0},{"damage_healed":0,"gold_gain":0,"player_choice":"Became a vampire","damage_taken":0,"max_hp_gain":0,"max_hp_loss":24,"event_name":"Vampires","floor":21,"gold_loss":0,"cards_obtained":["Bite","Bite","Bite","Bite","Bite"]}],"is_beta":false,"boss_relics":[{"not_picked":["Velvet Choker","Tiny House"],"picked":"Black Star"}],"items_purged_floors":[22],"is_endless":false,"potions_floor_spawned":[5,13],"killed_by":"Gremlin Leader","ascension_level":20}