{"path_per_floor":["M","?","M","M","M","R","M","E","T","E","M","M","R","$","R","B",null,"M","M","M","?","?"],"character_chosen":"IRONCLAD","items_purchased":["Molten Egg 2","Headbutt"],"gold_per_floor":[113,113,131,146,164,164,181,206,259,287,306,322,322,13,13,113,113,123,141,155,155,155,155],"floor_reached":23,"campfire_rested":3,"playtime":1178,"current_hp_per_floor":[76,43,40,46,51,75,69,40,40,30,32,30,54,54,78,19,65,35,7,46,46,46,0],"items_purged":[],"gold":155,"score":277,"play_id":"efec72ee-ca4c-4471-a397-5e47ca440280","local_time":"20180507141720","is_prod":false,"is_daily":false,"chose_seed":false,"is_ascension_mode":true,"campfire_upgraded":0,"timestamp":1525691840,"path_taken":["M","?","M","M","M","R","M","E","T","E","M","M","R","$","R","BOSS","M","M","M","?","?","E"],"build_version":"2018-05-03","seed_source_timestamp":1285783559565623,"purchased_purges":0,"victory":false,"master_deck":["Strike_R","Strike_R","Strike_R","Strike_R","Strike_R","Defend_R","Defend_R","Defend_R","Defend_R","Bash","Infernal Blade","Rage","Rampage","Infernal Blade","Flex","Armaments","Disarm","Armaments","Pommel Strike","Headbutt+1","Exhume","Warcry","Clash+1","Anger+1","Normality"],"max_hp_per_floor":[80,80,80,80,80,80,80,80,80,80,80,80,80,80,80,80,80,80,80,80,80,80,80],"relics":["Burning Blood","Du-Vu Doll","Mercury Hourglass","Prayer Wheel","Pen Nib","Molten Egg 2","Lizard Tail","Meat on the Bone"],"card_choices":[{"not_picked":["Sword Boomerang","Flex"],"picked":"Infernal Blade","floor":0},{"not_picked":["Searing Blow","Combust"],"picked":"Rage","floor":1},{"not_picked":["Flex","Thunderclap"],"picked":"Rampage","floor":3},{"not_picked":["Power Through","Headbutt"],"picked":"Infernal Blade","floor":4},{"not_picked":["Power Through","Pummel"],"picked":"Flex","floor":7},{"not_picked":["Fiend Fire","Anger"],"picked":"Armaments","floor":8},{"not_picked":["Burning Pact","Clash"],"picked":"Disarm","floor":10},{"not_picked":["Heavy Blade","Power Through"],"picked":"Armaments","floor":11},{"not_picked":["Second Wind","Brutality"],"picked":"Pommel Strike","floor":12},{"not_picked":["Juggernaut","Fiend Fire"],"picked":"Exhume","floor":16},{"not_picked":["Wild Strike","Rupture"],"picked":"Warcry","floor":18},{"not_picked":["Warcry","Whirlwind"],"picked":"Clash","floor":19},{"not_picked":["Bloodletting","Warcry"],"picked":"Anger","floor":20}],"player_experience":393183,"potions_floor_usage":[5,8,8,16,19,20,20],"damage_taken":[{"damage":2,"enemies":"2 Louse","floor":1,"turns":3},{"damage":9,"enemies":"Small Slimes","floor":3,"turns":4},{"damage":0,"enemies":"Cultist","floor":4,"turns":3},{"damage":1,"enemies":"3 Louse","floor":5,"turns":3},{"damage":12,"enemies":"2 Fungi Beasts","floor":7,"turns":2},{"damage":35,"enemies":"Lagavulin","floor":8,"turns":5},{"damage":16,"enemies":"Gremlin Nob","floor":10,"turns":3},{"damage":4,"enemies":"Looter","floor":11,"turns":2},{"damage":8,"enemies":"3 Louse","floor":12,"turns":3},{"damage":65,"enemies":"Hexaghost","floor":16,"turns":11},{"damage":36,"enemies":"Shell Parasite","floor":18,"turns":7},{"damage":34,"enemies":"3 Byrds","floor":19,"turns":4},{"damage":10,"enemies":"Snecko","floor":20,"turns":3},{"damage":48,"enemies":"Book of Stabbing","floor":23,"turns":4}],"event_choices":[{"event_name":"Scrap Ooze","player_choice":"success","floor":2,"damage_taken":33},{"event_name":"Vampires","player_choice":"Ignored","floor":21,"damage_taken":0},{"event_name":"Accursed Blacksmith","player_choice":"Rummage","floor":22,"damage_taken":0}],"boss_relics":[{"not_picked":["Black Star","Ectoplasm"],"picked":"Lizard Tail"}],"potions_floor_spawned":[1,3,4,11,16,18,19],"seed_played":"-5556319863767947668","killed_by":"Book of Stabbing","ascension_level":7,"is_trial":false}