{"path_per_floor":["M","M","$","M","?","R","E","R","T","M","E","?","$","M","R","B",null,"M","?","?","M","M","R","E","R","T","M","M"],"character_chosen":"DEFECT","items_purchased":["Singing Bowl","Capacitor","Streamline"],"gold_per_floor":[219,239,30,42,42,42,76,76,146,171,215,215,88,104,104,228,228,251,251,251,274,293,293,337,337,367,388,402,402],"floor_reached":29,"campfire_rested":0,"playtime":2189,"current_hp_per_floor":[75,74,74,67,67,67,50,50,50,52,49,54,54,53,53,19,80,74,58,57,59,55,55,41,41,41,10,5,0],"items_purged":["Defend_B"],"gold":402,"score":293,"play_id":"ed650b27-d3fc-4721-8aff-24b2c2f4ae2b","local_time":"20180503143631","is_prod":false,"is_daily":false,"chose_seed":false,"is_ascension_mode":true,"campfire_upgraded":5,"timestamp":1525329391,"path_taken":["M","M","$","M","?","R","E","R","T","?","E","?","?","M","R","BOSS","M","?","?","M","M","R","E","R","T","M","?","M"],"build_version":"2018-05-01v2","seed_source_timestamp":534934788469416,"purchased_purges":1,"victory":false,"master_deck":["Defend_B","Defend_B","Defend_B","Zap+1","Dualcast","Capacitor+1","Coolheaded","Capacitor+1","Glacier","Streamline","Barrage","Biased Cognition","Bite","Bite","Bite","Bite","Bite","White Noise+1","Blizzard+1","Barrage"],"max_hp_per_floor":[75,75,75,75,69,69,71,71,71,73,75,80,80,80,80,80,80,82,82,57,59,59,59,59,59,59,59,61,61],"relics":["Cracked Core","Singing Bowl","Golden Idol","Orichalcum","Bottled Lightning","Art of War","Sozu","Nilry\u0027s Codex","Pantograph","Tiny Chest"],"card_choices":[{"not_picked":["Rebound","Stack"],"picked":"Capacitor","floor":1},{"not_picked":["Consume","Lockon"],"picked":"Coolheaded","floor":2},{"not_picked":["Double Energy","Streamline"],"picked":"Glacier","floor":4},{"not_picked":["Turbo","Conserve Battery"],"picked":"Barrage","floor":14},{"not_picked":["Fusion","Meteor Strike"],"picked":"Biased Cognition","floor":16},{"not_picked":["Skim","Rebound"],"picked":"White Noise","floor":22},{"not_picked":["Auto Shields","Leap"],"picked":"Blizzard","floor":24},{"not_picked":["Axe Kick","Beam Cell"],"picked":"Barrage","floor":27}],"player_experience":323324,"potions_floor_usage":[7,11,16],"damage_taken":[{"damage":0,"enemies":"Small Slimes","floor":1,"turns":3},{"damage":1,"enemies":"Jaw Worm","floor":2,"turns":3},{"damage":7,"enemies":"2 Louse","floor":4,"turns":3},{"damage":19,"enemies":"Gremlin Nob","floor":7,"turns":5},{"damage":0,"enemies":"Red Slaver","floor":10,"turns":5},{"damage":5,"enemies":"Lagavulin","floor":11,"turns":10},{"damage":1,"enemies":"2 Fungi Beasts","floor":14,"turns":4},{"damage":34,"enemies":"The Guardian","floor":16,"turns":10},{"damage":8,"enemies":"Spheric Guardian","floor":18,"turns":4},{"damage":0,"enemies":"3 Byrds","floor":21,"turns":4},{"damage":16,"enemies":"Centurion and Healer","floor":22,"turns":7},{"damage":24,"enemies":"Book of Stabbing","floor":24,"turns":7},{"damage":49,"enemies":"Cultist and Chosen","floor":27,"turns":9},{"damage":19,"enemies":"Sentry and Sphere","floor":28,"turns":4},{"damage":15,"enemies":"Snake Plant","floor":29,"turns":2}],"event_choices":[{"event_name":"Golden Idol","player_choice":"Lose Max HP","floor":5,"damage_taken":0},{"event_name":"Big Fish","player_choice":"Donut","floor":12,"damage_taken":0},{"event_name":"Cursed Tome","player_choice":"Obtained Book","floor":19,"damage_taken":0},{"event_name":"Vampires","player_choice":"Became a vampire","floor":20,"damage_taken":0}],"boss_relics":[{"not_picked":["Astrolabe","Nuclear Battery"],"picked":"Sozu"}],"potions_floor_spawned":[2,4,10,18,22,24,27],"seed_played":"7384836721936659673","killed_by":"Snake Plant","ascension_level":1,"is_trial":false}