{"gold_per_floor":[116,127,277,18,30,30,43,74,74,94,94,94,94,112,112,185,185,200,211,73,43,43,43,56,56,56,76,76,87,87,97,97,170,170,182,182,196,196,196,196,229,240,263,263,49,65,80,97,97,97,97,97,97,16,16],"floor_reached":55,"playtime":2163,"items_purged":[],"score":1752,"play_id":"c0ad2661-5162-47b9-b3a7-a10772cc5d2b","local_time":"20190413194833","is_ascension_mode":true,"campfire_choices":[{"data":"Sunder","floor":6.0,"key":"SMITH"},{"data":"Consume","floor":11.0,"key":"SMITH"},{"data":"Defragment","floor":13.0,"key":"SMITH"},{"floor":15.0,"key":"REST"},{"data":"Loop","floor":23.0,"key":"SMITH"},{"data":"Creative AI","floor":25.0,"key":"SMITH"},{"floor":28.0,"key":"REST"},{"floor":30.0,"key":"REST"},{"data":"Blizzard","floor":32.0,"key":"SMITH"},{"floor":40.0,"key":"REST"},{"floor":44.0,"key":"RECALL"},{"data":"Capacitor","floor":49.0,"key":"SMITH"},{"data":"Amplify","floor":53.0,"key":"SMITH"}],"neow_cost":"PERCENT_DAMAGE","seed_source_timestamp":114038995828400,"circlet_count":0,"master_deck":["AscendersBane","Zap","Dualcast","Self Repair","Consume+1","Sunder+1","Tempest","Cold Snap","Coolheaded","Defragment+1","Blizzard+1","Creative AI+1","Coolheaded","Loop+1","Coolheaded+1","Doom and Gloom","White Noise","Conserve Battery","Capacitor","Lockon","Amplify+1","Static Discharge","Chill","Cold Snap","Loop+1","Capacitor+1","Barrage+1"],"special_seed":0,"relics":["Cracked Core","Pocketwatch","Medical Kit","Busted Crown","Mummified Hand","Pandora\u0027s Box","Mercury Hourglass","Dream Catcher","Bag of Preparation"],"potions_floor_usage":[55],"damage_taken":[{"damage":7.0,"enemies":"Small Slimes","floor":1.0,"turns":3.0},{"damage":2.0,"enemies":"Cultist","floor":2.0,"turns":4.0},{"damage":8.0,"enemies":"2 Louse","floor":5.0,"turns":2.0},{"damage":12.0,"enemies":"Large Slime","floor":7.0,"turns":4.0},{"damage":10.0,"enemies":"Lagavulin","floor":8.0,"turns":8.0},{"damage":14.0,"enemies":"Red Slaver","floor":10.0,"turns":3.0},{"damage":4.0,"enemies":"Blue Slaver","floor":14.0,"turns":5.0},{"damage":32.0,"enemies":"Slime Boss","floor":16.0,"turns":7.0},{"damage":16.0,"enemies":"Spheric Guardian","floor":18.0,"turns":4.0},{"damage":24.0,"enemies":"Shell Parasite","floor":19.0,"turns":7.0},{"damage":13.0,"enemies":"Centurion and Healer","floor":24.0,"turns":7.0},{"damage":15.0,"enemies":"Snake Plant","floor":27.0,"turns":7.0},{"damage":29.0,"enemies":"Shelled Parasite and Fungi","floor":29.0,"turns":5.0},{"damage":6.0,"enemies":"Chosen and Byrds","floor":31.0,"turns":7.0},{"damage":18.0,"enemies":"Collector","floor":33.0,"turns":11.0},{"damage":0.0,"enemies":"Orb Walker","floor":35.0,"turns":3.0},{"damage":36.0,"enemies":"3 Darklings","floor":37.0,"turns":4.0},{"damage":5.0,"enemies":"Giant Head","floor":41.0,"turns":9.0},{"damage":11.0,"enemies":"Transient","floor":42.0,"turns":6.0},{"damage":6.0,"enemies":"Sphere and 2 Shapes","floor":46.0,"turns":5.0},{"damage":28.0,"enemies":"3 Darklings","floor":47.0,"turns":6.0},{"damage":2.0,"enemies":"4 Shapes","floor":48.0,"turns":5.0},{"damage":26.0,"enemies":"Donu and Deca","floor":50.0,"turns":6.0},{"damage":4.0,"enemies":"Awakened One","floor":51.0,"turns":11.0},{"damage":70,"enemies":"Shield and Spear","floor":55,"turns":3}],"seed_played":"-5326828640568438266","potions_obtained":[{"floor":5.0,"key":"PowerPotion"},{"floor":8.0,"key":"Dexterity Potion"},{"floor":10.0,"key":"LiquidBronze"},{"floor":18.0,"key":"FearPotion"},{"floor":21.0,"key":"FocusPotion"},{"floor":27.0,"key":"EssenceOfSteel"},{"floor":41.0,"key":"Regen Potion"},{"floor":42.0,"key":"Weak Potion"},{"floor":46.0,"key":"FocusPotion"}],"is_trial":false,"path_per_floor":["M","M","?","$","M","R","M","E","T","M","R","?","R","M","R","B",null,"M","M","$","?","$","R","M","R","T","M","R","M","R","M","R","B",null,"M","?","M","?","?","R","E","M","T","R","$","M","M","M","R","B","B",null,"R","$","E"],"character_chosen":"DEFECT","items_purchased":["Medical Kit","Sunder","Coolheaded","Loop","Bag of Preparation","Capacitor","GamblersBrew"],"campfire_rested":4,"item_purchase_floors":[4,4,20,20,45,45,54],"current_hp_per_floor":[39,44,44,44,36,36,31,28,28,21,21,14,14,17,38,13,57,48,31,31,31,31,31,25,25,25,17,38,16,37,38,38,27,60,67,67,38,38,38,59,68,64,64,64,64,71,50,62,62,43,46,65,65,65,0],"gold":16,"neow_bonus":"ONE_RARE_RELIC","is_prod":false,"is_daily":false,"chose_seed":false,"campfire_upgraded":8,"win_rate":0,"timestamp":1555152513,"path_taken":["M","M","?","$","M","R","M","E","T","M","R","?","R","M","R","BOSS","M","M","$","?","?","R","?","R","T","M","R","M","R","M","R","BOSS","M","?","M","?","?","R","E","?","T","R","$","M","M","M","R","BOSS","BOSS","R","$","E"],"build_version":"2019-01-23","purchased_purges":0,"victory":false,"max_hp_per_floor":[71,71,71,71,71,71,71,71,71,71,71,71,71,71,71,71,71,71,71,71,71,71,71,71,71,71,71,71,71,71,71,71,71,71,71,71,71,71,71,71,71,71,71,71,71,71,71,71,71,71,71,71,71,71,71],"card_choices":[{"not_picked":["Coolheaded","Redo"],"picked":"Self Repair","floor":1.0},{"not_picked":["Rebound","Leap"],"picked":"Consume","floor":2.0},{"not_picked":["FTL","Gash"],"picked":"Tempest","floor":5.0},{"not_picked":["Steam Power","Barrage"],"picked":"Cold Snap","floor":7.0},{"not_picked":["Reprogram","Barrage"],"picked":"Coolheaded","floor":8.0},{"not_picked":["Conserve Battery","Glacier"],"picked":"Defragment","floor":10.0},{"not_picked":["Turbo","Hologram"],"picked":"Blizzard","floor":14.0},{"not_picked":["Core Surge","Meteor Strike"],"picked":"Creative AI","floor":16.0},{"not_picked":["Steam"],"picked":"SKIP","floor":18.0},{"not_picked":["Auto Shields"],"picked":"SKIP","floor":19.0},{"not_picked":["Static Discharge"],"picked":"SKIP","floor":24.0},{"not_picked":["Sweeping Beam+1"],"picked":"SKIP","floor":27.0},{"not_picked":["Streamline"],"picked":"SKIP","floor":29.0},{"not_picked":[],"picked":"Coolheaded+1","floor":31.0},{"not_picked":[],"picked":"Cold Snap","floor":35.0},{"not_picked":["Leap"],"picked":"SKIP","floor":37.0},{"not_picked":["Rebound+1"],"picked":"SKIP","floor":41.0},{"not_picked":["Doom and Gloom"],"picked":"SKIP","floor":42.0},{"not_picked":["Conserve Battery"],"picked":"SKIP","floor":46.0},{"not_picked":["Sweeping Beam"],"picked":"SKIP","floor":47.0},{"not_picked":["Sweeping Beam"],"picked":"SKIP","floor":47.0},{"not_picked":["Sweeping Beam"],"picked":"SKIP","floor":47.0},{"not_picked":["Sweeping Beam"],"picked":"SKIP","floor":47.0},{"not_picked":[],"picked":"Barrage+1","floor":48.0}],"player_experience":3105135,"relics_obtained":[{"floor":26.0,"key":"Mummified Hand"},{"floor":41.0,"key":"Mercury Hourglass"},{"floor":43.0,"key":"Dream Catcher"}],"event_choices":[{"damage_healed":0.0,"max_hp_gain":0.0,"max_hp_loss":0.0,"gold_gain":150.0,"event_name":"Liars Game","player_choice":"AGREE","floor":3.0,"gold_loss":0.0,"damage_taken":0.0,"cards_obtained":["Doubt"]},{"cards_removed":["Doubt"],"damage_healed":0.0,"max_hp_gain":0.0,"max_hp_loss":0.0,"gold_gain":0.0,"event_name":"Golden Wing","player_choice":"Card Removal","floor":12.0,"gold_loss":0.0,"damage_taken":7.0},{"damage_healed":0.0,"max_hp_gain":0.0,"max_hp_loss":0.0,"gold_gain":0.0,"event_name":"The Woman in Blue","player_choice":"Bought 2 Potions","floor":21.0,"gold_loss":0.0,"damage_taken":0.0},{"damage_healed":0.0,"max_hp_gain":0.0,"max_hp_loss":0.0,"gold_gain":0.0,"event_name":"Tomb of Lord Red Mask","player_choice":"Ignored","floor":36.0,"gold_loss":0.0,"damage_taken":0.0},{"damage_healed":0.0,"max_hp_gain":0.0,"max_hp_loss":0.0,"gold_gain":0.0,"event_name":"Mysterious Sphere","player_choice":"Ignored","floor":38.0,"gold_loss":0.0,"damage_taken":0.0},{"damage_healed":0.0,"max_hp_gain":0.0,"max_hp_loss":0.0,"gold_gain":0.0,"event_name":"Duplicator","player_choice":"Copied","floor":39.0,"gold_loss":0.0,"damage_taken":0.0,"cards_obtained":["Loop"]}],"is_beta":false,"boss_relics":[{"not_picked":["Cursed Key","Coffee Dripper"],"picked":"Busted Crown"},{"not_picked":["Calling Bell","Orrery"],"picked":"Pandora\u0027s Box"}],"items_purged_floors":[],"is_endless":false,"potions_floor_spawned":[5,8,10,16,18,24,27,41,42,46],"killed_by":"Shield and Spear","ascension_level":20}