{"path_per_floor":["M","?","M","?","$","R","$","M","T","M","E","$","M","E","R","B",null,"M","?","$","M","?","R","M","$","T","M","M","R","?","E","R","B",null,"M","$","M","?","?"],"character_chosen":"IRONCLAD","items_purchased":["Clash","Matryoshka","Apotheosis","Jack Of All Trades","Unceasing Top","Inflame"],"gold_per_floor":[362,362,382,382,2,2,2,22,22,40,78,78,97,133,133,253,253,269,269,80,99,99,99,118,19,95,116,132,132,166,210,210,339,339,354,23,47,115,115,115],"floor_reached":40,"campfire_rested":4,"playtime":4822,"current_hp_per_floor":[73,53,53,53,53,77,77,80,80,80,65,65,71,60,80,51,73,54,54,54,60,80,80,65,65,65,80,50,74,76,68,80,36,69,58,58,60,8,8,0],"items_purged":["Defend_R"],"gold":115,"score":605,"play_id":"cdba542d-a8b1-47f8-a754-85c482087efa","local_time":"20180522194856","is_prod":false,"is_daily":false,"chose_seed":false,"is_ascension_mode":true,"campfire_upgraded":1,"timestamp":1527007736,"campfire_choices":[{"floor":6.0,"key":"REST"},{"floor":15.0,"key":"REST"},{"data":"Apotheosis","floor":23.0,"key":"SMITH"},{"floor":29.0,"key":"REST"},{"floor":32.0,"key":"REST"}],"path_taken":["M","?","?","?","$","R","?","M","T","?","E","?","M","E","R","BOSS","M","?","$","M","?","R","M","$","T","?","M","R","?","E","R","BOSS","M","$","M","?","?","E"],"build_version":"2018-05-17","seed_source_timestamp":0,"purchased_purges":1,"victory":false,"master_deck":["Strike_R","Strike_R","Strike_R","Strike_R","Strike_R","Defend_R","Defend_R","Defend_R","Bash","Clash","Seeing Red","Clash","Rage","Anger","Battle Trance","Dual Wield","Apotheosis+1","Jack Of All Trades","Iron Wave","Offering","Brutality","Warcry+1","Dual Wield","Inflame","Clash"],"max_hp_per_floor":[80,80,80,80,80,80,80,80,80,80,80,80,80,80,80,80,80,80,80,80,80,80,80,80,80,80,80,80,80,80,80,80,80,80,80,80,80,80,80,80],"relics":["Burning Blood","Golden Idol","Matryoshka","Blue Candle","Question Card","Darkstone Periapt","Toolbox","White Beast Statue","Anchor","Mercury Hourglass","Red Mask","Oddly Smooth Stone","Orrery","Unceasing Top","Shovel"],"card_choices":[{"not_picked":["Ghostly Armor","Twin Strike"],"picked":"Clash","floor":1.0},{"not_picked":["Perfected Strike","Havoc"],"picked":"Seeing Red","floor":3.0},{"not_picked":["Uppercut","Carnage"],"picked":"Rage","floor":8.0},{"not_picked":["Sword Boomerang","Intimidate","Iron Wave"],"picked":"Anger","floor":10.0},{"not_picked":["Sword Boomerang","Body Slam","Thunderclap","Heavy Blade"],"picked":"SKIP","floor":11.0},{"not_picked":["Havoc","Warcry","Body Slam"],"picked":"Battle Trance","floor":13.0},{"not_picked":["Twin Strike","Juggernaut","Dropkick"],"picked":"Dual Wield","floor":14.0},{"not_picked":["Shrug It Off","Cleave","Heavy Blade","Searing Blow+1"],"picked":"SKIP","floor":18.0},{"not_picked":["Wild Strike","Combust+1","Disarm+1","Feel No Pain"],"picked":"SKIP","floor":21.0},{"not_picked":["Wild Strike+1","Rupture+1","Heavy Blade","Sword Boomerang"],"picked":"SKIP","floor":24.0},{"not_picked":["Sword Boomerang","Thunderclap+1","Power Through"],"picked":"Iron Wave","floor":27.0},{"not_picked":["Power Through+1","Corruption","Havoc"],"picked":"Offering","floor":28.0},{"not_picked":["Perfected Strike","Heavy Blade","True Grit","Clothesline"],"picked":"SKIP","floor":31.0},{"not_picked":["Juggernaut","Dark Embrace","Limit Break"],"picked":"Brutality","floor":33.0},{"not_picked":["Flex+1","Carnage+1","Thunderclap+1"],"picked":"Warcry+1","floor":34.0},{"not_picked":["Sword Boomerang+1","Sentinel","Flex"],"picked":"Dual Wield","floor":34.0},{"not_picked":["Heavy Blade","Havoc","Searing Blow","Flame Barrier+1"],"picked":"SKIP","floor":35},{"not_picked":["Shrug It Off+1","Armaments+1","Reckless Charge"],"picked":"Clash","floor":37}],"player_experience":422488,"potions_floor_usage":[38,38,40,40],"damage_taken":[{"damage":5.0,"enemies":"2 Louse","floor":1.0,"turns":4.0},{"damage":6.0,"enemies":"Small Slimes","floor":3.0,"turns":2.0},{"damage":0.0,"enemies":"Cultist","floor":8.0,"turns":2.0},{"damage":6.0,"enemies":"Looter","floor":10.0,"turns":2.0},{"damage":21.0,"enemies":"Lagavulin","floor":11.0,"turns":4.0},{"damage":0.0,"enemies":"2 Fungi Beasts","floor":13.0,"turns":1.0},{"damage":17.0,"enemies":"3 Sentries","floor":14.0,"turns":7.0},{"damage":35.0,"enemies":"The Guardian","floor":16.0,"turns":8.0},{"damage":25.0,"enemies":"Shell Parasite","floor":18.0,"turns":4.0},{"damage":0.0,"enemies":"Spheric Guardian","floor":21.0,"turns":2.0},{"damage":21.0,"enemies":"Centurion and Healer","floor":24.0,"turns":4.0},{"damage":0.0,"enemies":"Slaver and Parasite","floor":27.0,"turns":3.0},{"damage":36.0,"enemies":"Snake Plant","floor":28.0,"turns":5.0},{"damage":4.0,"enemies":"Masked Bandits","floor":30.0,"turns":2.0},{"damage":14.0,"enemies":"Book of Stabbing","floor":31.0,"turns":4.0},{"damage":50.0,"enemies":"Champ","floor":33.0,"turns":5.0},{"damage":17,"enemies":"3 Shapes","floor":35,"turns":7},{"damage":4,"enemies":"Orb Walker","floor":37,"turns":1},{"damage":58,"enemies":"Mysterious Sphere","floor":38,"turns":5},{"damage":24,"enemies":"Nemesis","floor":40,"turns":2}],"relics_obtained":[{"floor":9.0,"key":"Blue Candle"},{"floor":9.0,"key":"Question Card"},{"floor":11.0,"key":"Darkstone Periapt"},{"floor":14.0,"key":"Toolbox"},{"floor":26.0,"key":"Anchor"},{"floor":26.0,"key":"Mercury Hourglass"},{"floor":30.0,"key":"Red Mask"},{"floor":31.0,"key":"Oddly Smooth Stone"},{"floor":38,"key":"Shovel"}],"event_choices":[{"event_name":"Golden Idol","player_choice":"Take Damage","floor":2.0,"damage_taken":0.0},{"event_name":"Living Wall","player_choice":"Forget","floor":4.0,"damage_taken":0.0},{"event_name":"Ghosts","player_choice":"Ignored","floor":19.0,"damage_taken":0.0},{"event_name":"The Library","player_choice":"Heal","floor":22.0,"damage_taken":0.0},{"event_name":"Masked Bandits","player_choice":"Fought over 132 gold","floor":30.0,"damage_taken":0.0},{"event_name":"Mysterious Sphere","player_choice":"Fight","floor":38,"damage_taken":0},{"event_name":"Tomb of Lord Red Mask","player_choice":"Ignored","floor":39,"damage_taken":0}],"boss_relics":[],"potions_floor_spawned":[8,10,13,16,18,21,24,27,28,30,31,33,35,37,38],"seed_played":"4485546508519750819","killed_by":"Nemesis","ascension_level":8,"potions_obtained":[{"floor":8.0,"key":"SmokeBomb"},{"floor":10.0,"key":"Swift Potion"},{"floor":13.0,"key":"Weak Potion"},{"floor":16.0,"key":"Regen Potion"},{"floor":18.0,"key":"Energy Potion"},{"floor":21.0,"key":"Strength Potion"},{"floor":24.0,"key":"Strength Potion"},{"floor":27.0,"key":"Ancient Potion"},{"floor":28.0,"key":"EssenceOfSteel"},{"floor":30.0,"key":"EssenceOfSteel"},{"floor":31.0,"key":"GamblersBrew"},{"floor":33.0,"key":"Ancient Potion"},{"floor":35,"key":"Poison Potion"},{"floor":37,"key":"Weak Potion"},{"floor":38,"key":"EssenceOfSteel"}],"is_trial":false}