{"path_per_floor":["M","M","M","?","M","E","R","E","T","M","R","?","$","M","R"],"character_chosen":"IRONCLAD","items_purchased":["Shrug It Off","Flash of Steel"],"gold_per_floor":[109,126,137,137,151,178,178,206,206,216,216,216,3,21,21],"floor_reached":16,"campfire_rested":1,"playtime":791,"current_hp_per_floor":[79,73,79,79,62,24,24,7,7,8,32,16,16,22,22],"items_purged":["Regret"],"gold":21,"score":134,"play_id":"d8e2bd10-2311-4aec-8f9c-49c8962b9886","local_time":"20180303114254","is_prod":false,"is_daily":false,"is_ascension_mode":true,"campfire_upgraded":2,"timestamp":1520048574,"path_taken":["M","M","M","?","M","E","R","E","T","M","R","?","$","M","R","BOSS"],"build_version":"2018-03-02-BETA2","purchased_purges":1,"victory":false,"master_deck":["Strike_R","Strike_R","Strike_R","Strike_R","Strike_R","Defend_R+1","Defend_R","Defend_R","Defend_R+1","Bash","Body Slam","Cleave","Iron Wave","Metallicize+1","Armaments+1","Shrug It Off","Shrug It Off","Flash of Steel","Entrench"],"max_hp_per_floor":[80,80,80,80,80,80,80,80,80,80,80,80,80,80,80],"relics":["Burning Blood","Bronze Scales","Bag of Marbles","Torii","Kunai"],"card_choices":[{"not_picked":["Twin Strike","Intimidate"],"picked":"Body Slam"},{"not_picked":["Twin Strike","Clothesline"],"picked":"Cleave"},{"not_picked":["Burning Pact","Headbutt"],"picked":"Iron Wave"},{"not_picked":["Sentinel","Body Slam"],"picked":"Metallicize"},{"not_picked":["Anger","Demon Form"],"picked":"Armaments"},{"not_picked":["Bloodletting","Perfected Strike"],"picked":"Shrug It Off"},{"not_picked":["Blood for Blood","Disarm"],"picked":"Entrench"}],"player_experience":124956,"potions_floor_usage":[6,16],"damage_taken":[{"damage":7,"enemies":"Small Slimes","floor":1,"turns":4},{"damage":12,"enemies":"Jaw Worm","floor":2,"turns":3},{"damage":0,"enemies":"2 Louse","floor":3,"turns":2},{"damage":23,"enemies":"Exordium Wildlife","floor":5,"turns":5},{"damage":44,"enemies":"Lagavulin","floor":6,"turns":8},{"damage":23,"enemies":"Gremlin Nob","floor":8,"turns":5},{"damage":5,"enemies":"Large Slime","floor":10,"turns":6},{"damage":0,"enemies":"Red Slaver","floor":14,"turns":5},{"damage":34,"enemies":"Slime Boss","floor":16,"turns":3}],"event_choices":[{"event_name":"Big Fish","player_choice":"Box","floor":4,"damage_taken":0},{"event_name":"Shining Light","player_choice":"Entered Light","floor":12,"damage_taken":0}],"boss_relics":[],"potions_floor_spawned":[3,6,10],"seed_played":"-6863974616782789313","killed_by":"Slime Boss","ascension_level":4,"is_trial":false}