{"gold_per_floor":[368,379,379,397,362,362,6,24,24,34,67,67,217,230,230,305,305,281,331,344,45,45,63,63,112,112,12,41,54,54,67,67,146,146,158,158,171,189,189,220,220,240,267,267,291,307,336,354,354,354,354,354,354,83,108,108],"floor_reached":57,"playtime":3384,"items_purged":["Defend_B","Defend_B"],"score":2618,"play_id":"333da6f5-a3c1-463e-bfb7-9251a00776c1","local_time":"20190227131445","is_ascension_mode":true,"campfire_choices":[{"data":"Zap","floor":6.0,"key":"SMITH"},{"data":"Defragment","floor":12.0,"key":"SMITH"},{"data":"Loop","floor":15.0,"key":"SMITH"},{"data":"Consume","floor":24.0,"key":"SMITH"},{"data":"Capacitor","floor":30.0,"key":"SMITH"},{"data":"Biased Cognition","floor":32.0,"key":"SMITH"},{"data":"Chill","floor":41.0,"key":"SMITH"},{"data":"Self Repair","floor":44.0,"key":"SMITH"},{"floor":49.0,"key":"RECALL"},{"data":"Coolheaded","floor":53.0,"key":"SMITH"}],"neow_cost":"PERCENT_DAMAGE","seed_source_timestamp":99890810651600,"circlet_count":0,"master_deck":["AscendersBane","Strike_B","Strike_B","Defend_B","Defend_B","Zap+1","Dualcast","Cold Snap","Capacitor+1","Cold Snap","Defragment+1","Chill+1","Cold Snap","Barrage","Loop+1","Coolheaded+1","Core Surge","Sweeping Beam+1","Consume+1","Self Repair+1","Biased Cognition+1","BootSequence","Echo Form","Coolheaded","Turbo","Loop+1","Reboot","White Noise"],"special_seed":0,"relics":["FrozenCore","Omamori","Orichalcum","Shuriken","Runic Capacitor","PreservedInsect","Oddly Smooth Stone","Happy Flower","Coffee Dripper","Molten Egg 2","Pen Nib","Prayer Wheel","Bottled Tornado","Bird Faced Urn"],"potions_floor_usage":[56],"damage_taken":[{"damage":9.0,"enemies":"Small Slimes","floor":1.0,"turns":4.0},{"damage":0.0,"enemies":"Jaw Worm","floor":2.0,"turns":3.0},{"damage":0.0,"enemies":"2 Louse","floor":4.0,"turns":1.0},{"damage":1.0,"enemies":"Exordium Wildlife","floor":8.0,"turns":6.0},{"damage":2.0,"enemies":"2 Fungi Beasts","floor":10.0,"turns":4.0},{"damage":9.0,"enemies":"Lagavulin","floor":11.0,"turns":7.0},{"damage":4.0,"enemies":"Red Slaver","floor":14.0,"turns":4.0},{"damage":16.0,"enemies":"Hexaghost","floor":16.0,"turns":13.0},{"damage":17.0,"enemies":"2 Thieves","floor":18.0,"turns":4.0},{"damage":0.0,"enemies":"Spheric Guardian","floor":20.0,"turns":6.0},{"damage":0.0,"enemies":"Snecko","floor":23.0,"turns":10.0},{"damage":32.0,"enemies":"Slavers","floor":28.0,"turns":7.0},{"damage":10.0,"enemies":"Snake Plant","floor":29.0,"turns":6.0},{"damage":0.0,"enemies":"Cultist and Chosen","floor":31.0,"turns":8.0},{"damage":2.0,"enemies":"Automaton","floor":33.0,"turns":14.0},{"damage":12.0,"enemies":"3 Shapes","floor":35.0,"turns":8.0},{"damage":1.0,"enemies":"Orb Walker","floor":37.0,"turns":9.0},{"damage":12.0,"enemies":"Writhing Mass","floor":38.0,"turns":11.0},{"damage":64.0,"enemies":"Reptomancer","floor":40.0,"turns":8.0},{"damage":5.0,"enemies":"Sphere and 2 Shapes","floor":42.0,"turns":9.0},{"damage":0.0,"enemies":"4 Shapes","floor":46.0,"turns":13.0},{"damage":17.0,"enemies":"Giant Head","floor":47.0,"turns":10.0},{"damage":15.0,"enemies":"Transient","floor":48.0,"turns":6.0},{"damage":15.0,"enemies":"Donu and Deca","floor":50.0,"turns":11.0},{"damage":12.0,"enemies":"Time Eater","floor":51.0,"turns":20.0},{"damage":61.0,"enemies":"Shield and Spear","floor":55.0,"turns":11.0},{"damage":34,"enemies":"The Heart","floor":56,"turns":15}],"seed_played":"8364305815133153167","potions_obtained":[{"floor":4.0,"key":"Weak Potion"},{"floor":8.0,"key":"Energy Potion"},{"floor":18.0,"key":"Dexterity Potion"},{"floor":28.0,"key":"Ancient Potion"}],"is_trial":false,"path_per_floor":["M","M","$","M","?","R","$","M","T","M","E","R","?","M","R","B",null,"M","?","M","$","?","M","R","T","T","$","E","M","R","M","R","B",null,"M","?","M","M","?","E","R","M","T","R","T","M","E","M","R","B","B",null,"R","$","E","B",null],"character_chosen":"DEFECT","items_purchased":["Defragment","Chill","Omamori","Cold Snap","Runic Capacitor","Bottled Tornado"],"campfire_rested":0,"item_purchase_floors":[7,7,7,7,21,54],"current_hp_per_floor":[37,37,37,37,54,54,54,53,53,51,42,42,42,38,38,22,59,42,42,42,42,42,49,49,49,49,49,24,21,21,28,28,33,62,57,57,70,65,65,15,15,24,24,24,24,44,47,42,42,47,45,65,65,65,24,24],"gold":108,"neow_bonus":"TWO_FIFTY_GOLD","is_prod":false,"is_daily":false,"chose_seed":false,"campfire_upgraded":9,"win_rate":0,"timestamp":1551240885,"path_taken":["M","M","$","M","?","R","$","M","T","M","E","R","?","?","R","BOSS","M","?","M","$","?","M","R","?","T","?","E","M","R","?","R","BOSS","M","?","?","M","?","E","R","M","T","R","?","?","E","M","R","BOSS","BOSS","R","$","E","BOSS"],"build_version":"2019-01-23","purchased_purges":2,"victory":true,"max_hp_per_floor":[71,71,71,71,71,71,71,71,71,71,71,71,71,71,71,71,71,71,71,71,71,71,71,71,71,71,71,71,71,71,71,71,71,71,71,71,71,71,71,71,71,71,71,71,71,71,71,71,71,71,71,71,71,71,71,71],"card_choices":[{"not_picked":["FTL","Stack"],"picked":"Cold Snap","floor":1.0},{"not_picked":["Turbo","Recycle"],"picked":"Capacitor","floor":2.0},{"not_picked":["Heatsinks","Go for the Eyes"],"picked":"Cold Snap","floor":4.0},{"not_picked":["Streamline","Force Field"],"picked":"Barrage","floor":8.0},{"not_picked":["Sweeping Beam","Scrape","Conserve Battery"],"picked":"SKIP","floor":10.0},{"not_picked":["Streamline","Beam Cell"],"picked":"Loop","floor":11.0},{"not_picked":["Turbo","Fusion"],"picked":"Coolheaded","floor":14.0},{"not_picked":["Fission","Multi-Cast"],"picked":"Core Surge","floor":16.0},{"not_picked":["Scrape","Cold Snap"],"picked":"Sweeping Beam+1","floor":18.0},{"not_picked":["Recycle+1","Gash"],"picked":"Consume","floor":20.0},{"not_picked":["Lockon","Tempest","Streamline"],"picked":"SKIP","floor":23.0},{"not_picked":["Steam","Steam Power+1"],"picked":"Biased Cognition","floor":28.0},{"not_picked":["Fusion","Steam"],"picked":"BootSequence","floor":29.0},{"not_picked":["Barrage","Chaos","Darkness"],"picked":"SKIP","floor":31.0},{"not_picked":["Fission","Core Surge"],"picked":"Echo Form","floor":33.0},{"not_picked":["Force Field+1","Scrape+1"],"picked":"Coolheaded","floor":35.0},{"not_picked":["Cold Snap","Barrage","Beam Cell+1"],"picked":"SKIP","floor":37.0},{"not_picked":["Cold Snap","Barrage","Beam Cell+1"],"picked":"SKIP","floor":37.0},{"not_picked":["Conserve Battery","Hologram","Sweeping Beam"],"picked":"SKIP","floor":38.0},{"not_picked":["Go for the Eyes","Beam Cell"],"picked":"Turbo","floor":40.0},{"not_picked":["Gash+1","Fusion"],"picked":"Loop+1","floor":42.0},{"not_picked":["Doom and Gloom+1","Self Repair+1","Redo"],"picked":"SKIP","floor":46.0},{"not_picked":["Redo","Undo"],"picked":"Reboot","floor":47.0},{"not_picked":["Steam","Gash+1","BootSequence+1"],"picked":"SKIP","floor":48.0},{"not_picked":["Conserve Battery","Recycle+1","Rip and Tear+1"],"picked":"SKIP","floor":48.0},{"not_picked":["Chaos","Rebound+1"],"picked":"White Noise","floor":55.0}],"player_experience":1855039,"relics_obtained":[{"floor":9.0,"key":"Orichalcum"},{"floor":11.0,"key":"Shuriken"},{"floor":25.0,"key":"PreservedInsect"},{"floor":26.0,"key":"Oddly Smooth Stone"},{"floor":28.0,"key":"Happy Flower"},{"floor":40.0,"key":"Molten Egg 2"},{"floor":45.0,"key":"Pen Nib"},{"floor":47.0,"key":"Prayer Wheel"},{"floor":55.0,"key":"Bird Faced Urn"}],"event_choices":[{"damage_healed":17.0,"max_hp_gain":0.0,"max_hp_loss":0.0,"gold_gain":0.0,"event_name":"The Cleric","player_choice":"Healed","floor":5.0,"gold_loss":35.0,"damage_taken":0.0},{"damage_healed":0.0,"max_hp_gain":0.0,"max_hp_loss":0.0,"gold_gain":150.0,"event_name":"Liars Game","player_choice":"AGREE","floor":13.0,"gold_loss":0.0,"damage_taken":0.0,"cards_obtained":["Doubt"]},{"damage_healed":0.0,"max_hp_gain":0.0,"max_hp_loss":0.0,"gold_gain":50.0,"event_name":"Nest","player_choice":"Stole From Cult","floor":19.0,"gold_loss":0.0,"damage_taken":0.0},{"damage_healed":0.0,"max_hp_gain":0.0,"max_hp_loss":0.0,"gold_gain":0.0,"event_name":"The Library","player_choice":"Read","floor":22.0,"gold_loss":0.0,"damage_taken":0.0,"cards_obtained":["Self Repair"]},{"cards_removed":["Strike_B"],"damage_healed":0.0,"max_hp_gain":0.0,"max_hp_loss":0.0,"gold_gain":0.0,"event_name":"Bonfire Elementals","player_choice":"Offered Basic","floor":36.0,"gold_loss":0.0,"damage_taken":0.0},{"cards_removed":["Strike_B"],"damage_healed":0.0,"max_hp_gain":0.0,"max_hp_loss":0.0,"gold_gain":0.0,"event_name":"Falling","player_choice":"Removed Attack","floor":39.0,"gold_loss":0.0,"damage_taken":0.0}],"is_beta":false,"boss_relics":[{"not_picked":["Velvet Choker","Snecko Eye"],"picked":"FrozenCore"},{"not_picked":["Runic Pyramid","Fusion Hammer"],"picked":"Coffee Dripper"}],"items_purged_floors":[21,27],"is_endless":false,"potions_floor_spawned":[4,8,18,28,33,40,42,48,55],"ascension_level":20}