{"gold_per_floor":[117,131,48,48,68,100,100,100,100,100,165,183,183,199,199,278,278,295,307,232,232,232,232,260,260,260,271,13,13,13,40,40,112,112,125,125,139,139,51,51,51,66,120,137,137,153,153,178,178,178,178,178,178,41,41],"floor_reached":55,"playtime":3119,"items_purged":["Zap"],"score":1807,"play_id":"c0a30184-62dd-4c18-88f8-e16b37ddb498","local_time":"20190412220151","is_ascension_mode":true,"campfire_choices":[{"data":"Defragment","floor":8.0,"key":"SMITH"},{"data":"Creative AI","floor":13.0,"key":"SMITH"},{"data":"White Noise","floor":15.0,"key":"SMITH"},{"data":"Self Repair","floor":23.0,"key":"SMITH"},{"floor":25.0,"key":"REST"},{"data":"Coolheaded","floor":30.0,"key":"SMITH"},{"floor":32.0,"key":"REST"},{"data":"Defragment","floor":40.0,"key":"SMITH"},{"floor":47.0,"key":"RECALL"},{"data":"Finesse","floor":49.0,"key":"SMITH"},{"data":"Panacea","floor":53.0,"key":"SMITH"}],"neow_cost":"NONE","seed_source_timestamp":34720479376500,"circlet_count":0,"master_deck":["AscendersBane","Defend_B","Defend_B","Defend_B","Dualcast","Creative AI+1","Defragment+1","Self Repair","White Noise+1","Cold Snap","Chill","Core Surge","Melter+1","Glacier+1","Self Repair+1","Coolheaded+1","Electrodynamics","Well Laid Plans+1","Panacea+1","Dark Shackles","Finesse+1","Defragment+1","Warcry+1"],"special_seed":0,"relics":["Cracked Core","Pear","Potion Belt","Tiny Chest","Astrolabe","Nilry\u0027s Codex","FaceOfCleric","Art of War","Sundial","PrismaticShard","Blood Vial","Bottled Flame","Empty Cage","Happy Flower"],"potions_floor_usage":[55,55,55,55],"damage_taken":[{"damage":2.0,"enemies":"Cultist","floor":1.0,"turns":4.0},{"damage":0.0,"enemies":"2 Louse","floor":2.0,"turns":3.0},{"damage":7.0,"enemies":"Small Slimes","floor":5.0,"turns":4.0},{"damage":36.0,"enemies":"Gremlin Nob","floor":6.0,"turns":4.0},{"damage":14.0,"enemies":"Lagavulin","floor":11.0,"turns":5.0},{"damage":8.0,"enemies":"2 Fungi Beasts","floor":12.0,"turns":3.0},{"damage":12.0,"enemies":"Blue Slaver","floor":14.0,"turns":5.0},{"damage":16.0,"enemies":"The Guardian","floor":16.0,"turns":11.0},{"damage":6.0,"enemies":"Chosen","floor":18.0,"turns":8.0},{"damage":0.0,"enemies":"3 Byrds","floor":19.0,"turns":5.0},{"damage":35.0,"enemies":"Slavers","floor":24.0,"turns":3.0},{"damage":5.0,"enemies":"Centurion and Healer","floor":27.0,"turns":6.0},{"damage":44.0,"enemies":"Book of Stabbing","floor":31.0,"turns":8.0},{"damage":36.0,"enemies":"Collector","floor":33.0,"turns":11.0},{"damage":44.0,"enemies":"3 Darklings","floor":35.0,"turns":12.0},{"damage":29.0,"enemies":"Orb Walker","floor":37.0,"turns":6.0},{"damage":17.0,"enemies":"Maw","floor":42.0,"turns":8.0},{"damage":9.0,"enemies":"4 Shapes","floor":44.0,"turns":6.0},{"damage":10.0,"enemies":"Spire Growth","floor":46.0,"turns":7.0},{"damage":16.0,"enemies":"Giant Head","floor":48.0,"turns":13.0},{"damage":25.0,"enemies":"Donu and Deca","floor":50.0,"turns":14.0},{"damage":13.0,"enemies":"Time Eater","floor":51.0,"turns":19.0},{"damage":90,"enemies":"Shield and Spear","floor":55,"turns":12}],"seed_played":"7417978026885573202","potions_obtained":[{"floor":1.0,"key":"Fire Potion"},{"floor":6.0,"key":"Strength Potion"},{"floor":11.0,"key":"Ancient Potion"},{"floor":14.0,"key":"Fire Potion"},{"floor":16.0,"key":"AttackPotion"},{"floor":31.0,"key":"Swift Potion"},{"floor":37.0,"key":"Explosive Potion"},{"floor":44.0,"key":"EssenceOfSteel"},{"floor":46.0,"key":"EssenceOfSteel"}],"is_trial":false,"path_per_floor":["M","M","$","?","M","E","?","R","T","?","E","M","R","M","R","B",null,"M","M","$","?","?","R","E","R","T","M","$","T","R","E","R","B",null,"M","?","M","?","$","R","?","M","T","M","?","M","R","E","R","B","B",null,"R","$","E"],"character_chosen":"DEFECT","items_purchased":["Self Repair","Coolheaded","PrismaticShard","Defragment","SpeedPotion","GamblersBrew"],"campfire_rested":2,"item_purchase_floors":[3,28,28,39,54,54],"current_hp_per_floor":[62,62,62,55,55,36,56,56,56,56,49,48,48,43,43,34,67,68,78,78,57,57,57,23,46,46,76,76,76,76,52,76,67,78,54,44,35,35,35,35,35,45,45,63,63,73,73,88,88,81,88,90,90,90,0],"gold":41,"neow_bonus":"ONE_RANDOM_RARE_CARD","is_prod":false,"is_daily":false,"chose_seed":false,"campfire_upgraded":8,"win_rate":0,"timestamp":1555074111,"path_taken":["M","M","$","?","M","E","?","R","T","?","E","M","R","M","R","BOSS","M","M","$","?","?","R","E","R","T","?","?","?","R","E","R","BOSS","M","?","M","?","$","R","?","M","T","M","?","M","R","E","R","BOSS","BOSS","R","$","E"],"build_version":"2019-01-23","purchased_purges":1,"victory":false,"max_hp_per_floor":[71,71,71,71,71,81,81,81,81,78,78,78,78,78,78,78,78,78,78,78,78,78,78,79,79,79,80,80,80,80,81,81,82,82,83,83,84,84,84,84,84,85,85,86,86,87,87,88,88,89,90,90,90,90,90],"card_choices":[{"not_picked":["Static Discharge","Coolheaded"],"picked":"Defragment","floor":1.0},{"not_picked":["Leap","Turbo","Skim"],"picked":"SKIP","floor":2.0},{"not_picked":["Rip and Tear","Steam"],"picked":"White Noise","floor":5.0},{"not_picked":["Rebound","Reboot"],"picked":"Cold Snap","floor":6.0},{"not_picked":["Heatsinks","Reinforced Body","Redo"],"picked":"SKIP","floor":11.0},{"not_picked":["Self Repair","Coolheaded"],"picked":"Chill","floor":12.0},{"not_picked":["Lockon","Steam Power","Steam"],"picked":"SKIP","floor":14.0},{"not_picked":["Creative AI","Meteor Strike"],"picked":"Core Surge","floor":16.0},{"not_picked":["Steam","Doom and Gloom"],"picked":"Self Repair","floor":18.0},{"not_picked":["Hologram","Lockon"],"picked":"Cold Snap","floor":19.0},{"not_picked":["Rip and Tear","Aggregate+1","Fusion"],"picked":"SKIP","floor":24.0},{"not_picked":["Ball Lightning","Genetic Algorithm","Doom and Gloom+1"],"picked":"SKIP","floor":27.0},{"not_picked":["Dodge and Roll+1","Armaments","Carnage"],"picked":"SKIP","floor":31.0},{"not_picked":["A Thousand Cuts","Dark Embrace"],"picked":"Electrodynamics","floor":33.0},{"not_picked":["Trip","Coolheaded"],"picked":"Well Laid Plans+1","floor":35.0},{"not_picked":["Dramatic Entrance","Chrysalis"],"picked":"Panacea","floor":36.0},{"not_picked":["Thinking Ahead","Madness"],"picked":"Dark Shackles","floor":36.0},{"not_picked":["Gash+1","Streamline"],"picked":"Finesse","floor":37.0},{"not_picked":["Noxious Fumes","Anger"],"picked":"Warcry+1","floor":42.0},{"not_picked":["Hemokinesis+1","Accuracy","Cold Snap"],"picked":"SKIP","floor":44.0},{"not_picked":["Thunderclap","Twin Strike","Cold Snap"],"picked":"SKIP","floor":46.0},{"not_picked":["Creative AI","PiercingWail","Slice"],"picked":"SKIP","floor":48.0}],"player_experience":3088678,"relics_obtained":[{"floor":6.0,"key":"Pear"},{"floor":9.0,"key":"Potion Belt"},{"floor":11.0,"key":"Tiny Chest"},{"floor":21.0,"key":"Nilry\u0027s Codex"},{"floor":24.0,"key":"Art of War"},{"floor":26.0,"key":"Sundial"},{"floor":29.0,"key":"Blood Vial"},{"floor":31.0,"key":"Bottled Flame"},{"floor":48.0,"key":"Happy Flower"}],"event_choices":[{"cards_removed":["Strike_B"],"damage_healed":0.0,"max_hp_gain":0.0,"max_hp_loss":0.0,"gold_gain":0.0,"event_name":"Golden Wing","player_choice":"Card Removal","floor":4.0,"gold_loss":0.0,"damage_taken":7.0},{"damage_healed":20.0,"max_hp_gain":0.0,"max_hp_loss":0.0,"gold_gain":0.0,"event_name":"Mushrooms","player_choice":"Healed and dodged fight","floor":7.0,"gold_loss":0.0,"damage_taken":0.0,"cards_obtained":["Parasite"]},{"cards_removed":["Parasite"],"damage_healed":0.0,"max_hp_gain":0.0,"max_hp_loss":0.0,"gold_gain":0.0,"event_name":"Living Wall","player_choice":"Forget","floor":10.0,"gold_loss":0.0,"damage_taken":0.0},{"damage_healed":0.0,"max_hp_gain":0.0,"max_hp_loss":0.0,"gold_gain":0.0,"event_name":"Cursed Tome","player_choice":"Obtained Book","floor":21.0,"gold_loss":0.0,"damage_taken":21.0},{"damage_healed":0.0,"max_hp_gain":0.0,"max_hp_loss":0.0,"gold_gain":0.0,"event_name":"FaceTrader","player_choice":"Trade","floor":22.0,"gold_loss":0.0,"damage_taken":0.0,"relics_obtained":["FaceOfCleric"]},{"damage_healed":0.0,"max_hp_gain":0.0,"max_hp_loss":0.0,"gold_gain":0.0,"event_name":"SensoryStone","player_choice":"Memory 3","floor":36.0,"gold_loss":0.0,"damage_taken":10.0},{"damage_healed":0.0,"max_hp_gain":0.0,"max_hp_loss":0.0,"gold_gain":0.0,"event_name":"Mysterious Sphere","player_choice":"Ignored","floor":38.0,"gold_loss":0.0,"damage_taken":0.0},{"cards_removed":["Melter"],"damage_healed":0.0,"max_hp_gain":0.0,"max_hp_loss":0.0,"gold_gain":0.0,"event_name":"Falling","player_choice":"Removed Attack","floor":41.0,"gold_loss":0.0,"damage_taken":0.0},{"damage_healed":0.0,"max_hp_gain":0.0,"max_hp_loss":0.0,"gold_gain":0.0,"event_name":"Tomb of Lord Red Mask","player_choice":"Ignored","floor":45.0,"gold_loss":0.0,"damage_taken":0.0}],"is_beta":false,"boss_relics":[{"not_picked":["Cursed Key","Pandora\u0027s Box"],"picked":"Astrolabe"},{"not_picked":["Tiny House","Snecko Eye"],"picked":"Empty Cage"}],"items_purged_floors":[20],"is_endless":false,"potions_floor_spawned":[1,6,11,14,16,31,37,44,46],"killed_by":"Shield and Spear","ascension_level":20}