{"gold_per_floor":[359,41,41,6,24,24,24,51,51,70,70,88,101,1,1,106,106,124,49,49,49,66,66,66,92,116,133,145,145,19,32,32,132,132,144,159,159,37,37,68,68,84,84,94,94],"floor_reached":45,"playtime":4694,"items_purged":["Strike_B","Regret"],"score":486,"play_id":"7a82aa4c-f60c-4e31-ac2d-5fa3b946b257","local_time":"20190427223544","is_ascension_mode":true,"campfire_choices":[{"data":"Zap","floor":6,"key":"SMITH"},{"data":"Glass Knife","floor":11,"key":"SMITH"},{"floor":15,"key":"REST"},{"data":"Panache","floor":23,"key":"SMITH"},{"floor":29,"key":"REST"},{"floor":32,"key":"REST"},{"floor":41,"key":"REST"}],"neow_cost":"CURSE","seed_source_timestamp":310433556200,"circlet_count":0,"master_deck":["Strike_B+1","Strike_B+1","Strike_B+1","Defend_B+1","Defend_B+1","Defend_B+1","Defend_B+1","Zap+1","Dualcast","Rebound+1","Auto Shields+1","Ball Lightning+1","Glass Knife+1","True Grit","Coolheaded","Turbo","Panache+1","Poisoned Stab+1","Barrage+1","Deflect","Steam Power","Blade Dance","Bludgeon","Glacier+1","Blade Dance+1","Well Laid Plans+1"],"relics":["Cracked Core","PrismaticShard","Letter Opener","Pear","Darkstone Periapt","Busted Crown","The Courier","Whetstone","Ancient Tea Set","Anchor","Runic Pyramid","Boot","Orichalcum","Frozen Egg 2"],"potions_floor_usage":[8,16,18,28,31,33,33,44,45],"damage_taken":[{"damage":5,"enemies":"Small Slimes","floor":1,"turns":3},{"damage":0,"enemies":"2 Louse","floor":5,"turns":1},{"damage":11,"enemies":"3 Sentries","floor":8,"turns":5},{"damage":13,"enemies":"Jaw Worm","floor":10,"turns":2},{"damage":5,"enemies":"Exordium Wildlife","floor":12,"turns":2},{"damage":3,"enemies":"2 Fungi Beasts","floor":13,"turns":3},{"damage":16,"enemies":"The Guardian","floor":16,"turns":10},{"damage":13,"enemies":"2 Thieves","floor":18,"turns":4},{"damage":0,"enemies":"3 Byrds","floor":22,"turns":3},{"damage":20,"enemies":"Book of Stabbing","floor":25,"turns":5},{"damage":2,"enemies":"Sentry and Sphere","floor":27,"turns":4},{"damage":6,"enemies":"Shelled Parasite and Fungi","floor":28,"turns":2},{"damage":4,"enemies":"Snecko","floor":31,"turns":4},{"damage":51,"enemies":"Automaton","floor":33,"turns":8},{"damage":0,"enemies":"3 Shapes","floor":35,"turns":3},{"damage":0,"enemies":"Orb Walker","floor":36,"turns":2},{"damage":51,"enemies":"Nemesis","floor":40,"turns":5},{"damage":0,"enemies":"Transient","floor":42,"turns":5},{"damage":12,"enemies":"Spire Growth","floor":44,"turns":6},{"damage":76,"enemies":"Giant Head","floor":45,"turns":8}],"seed_played":"-4406411436894074623","potions_obtained":[{"floor":5,"key":"Fire Potion"},{"floor":13,"key":"SteroidPotion"},{"floor":16,"key":"LiquidBronze"},{"floor":22,"key":"SpeedPotion"},{"floor":27,"key":"SpeedPotion"},{"floor":28,"key":"AttackPotion"},{"floor":31,"key":"SpeedPotion"},{"floor":36,"key":"Energy Potion"},{"floor":44,"key":"Regen Potion"}],"is_trial":false,"path_per_floor":["M","$","?","?","M","R","?","E","T","M","R","M","M","$","R","B",null,"M","?","T","?","M","R","?","E","T","M","M","R","$","M","R","B",null,"M","M","?","$","?","E","R","M","T","M","E"],"character_chosen":"DEFECT","items_purchased":["PrismaticShard","Auto Shields","Anchor","Boot"],"campfire_rested":4,"item_purchase_floors":[2,2,30,38],"current_hp_per_floor":[70,70,55,73,73,73,73,72,72,59,59,54,51,51,76,60,85,72,72,72,72,72,72,72,52,52,50,44,69,69,65,85,34,85,85,85,85,85,85,34,59,59,59,47,0],"gold":94,"neow_bonus":"TWO_FIFTY_GOLD","is_prod":false,"is_daily":false,"chose_seed":false,"campfire_upgraded":3,"win_rate":0,"timestamp":1556397344,"path_taken":["M","$","?","?","M","R","?","E","T","M","R","?","M","$","R","BOSS","M","?","?","?","M","R","?","E","T","M","?","R","$","M","R","BOSS","M","M","?","$","?","E","R","?","T","M","E"],"build_version":"2019-01-23","purchased_purges":2,"victory":false,"max_hp_per_floor":[75,75,75,75,75,75,75,85,85,85,85,85,85,85,85,85,85,85,85,85,85,85,85,85,85,85,85,85,85,85,85,85,85,85,85,85,85,85,85,85,85,85,85,85,85],"card_choices":[{"not_picked":["Gash","Go for the Eyes"],"picked":"Rebound","floor":1},{"not_picked":["Impatience","Steam"],"picked":"Ball Lightning","floor":5},{"not_picked":["Choke","Streamline"],"picked":"Glass Knife","floor":8},{"not_picked":["Gash","Clash"],"picked":"True Grit","floor":10},{"not_picked":["Skewer","Conserve Battery"],"picked":"Coolheaded","floor":12},{"not_picked":["Perfected Strike","Dropkick"],"picked":"Turbo","floor":13},{"not_picked":["Phantasmal Killer","Berserk"],"picked":"Panache","floor":16},{"not_picked":[],"picked":"Poisoned Stab+1","floor":18},{"not_picked":[],"picked":"Barrage+1","floor":22},{"not_picked":[],"picked":"Deflect","floor":25},{"not_picked":[],"picked":"Steam Power","floor":27},{"not_picked":["True Grit"],"picked":"SKIP","floor":28},{"not_picked":[],"picked":"Blade Dance","floor":31},{"not_picked":[],"picked":"Bludgeon","floor":33},{"not_picked":["Barrage"],"picked":"SKIP","floor":35},{"not_picked":["Perfected Strike+1"],"picked":"SKIP","floor":36},{"not_picked":[],"picked":"Glacier+1","floor":40},{"not_picked":[],"picked":"Blade Dance+1","floor":42},{"not_picked":[],"picked":"Well Laid Plans+1","floor":44}],"player_experience":143944,"relics_obtained":[{"floor":8,"key":"Pear"},{"floor":9,"key":"Darkstone Periapt"},{"floor":20,"key":"The Courier"},{"floor":25,"key":"Whetstone"},{"floor":26,"key":"Ancient Tea Set"},{"floor":40,"key":"Orichalcum"},{"floor":43,"key":"Frozen Egg 2"}],"event_choices":[{"damage_healed":0,"gold_gain":0,"player_choice":"Entered Light","damage_taken":15,"max_hp_gain":0,"max_hp_loss":0,"event_name":"Shining Light","floor":3,"gold_loss":0,"cards_upgraded":["Defend_B","Auto Shields"]},{"damage_healed":18,"gold_gain":0,"player_choice":"Healed","damage_taken":0,"max_hp_gain":0,"max_hp_loss":0,"event_name":"The Cleric","floor":4,"gold_loss":35},{"damage_healed":0,"gold_gain":0,"player_choice":"Box","damage_taken":0,"relics_obtained":["Letter Opener"],"max_hp_gain":0,"max_hp_loss":0,"event_name":"Big Fish","floor":7,"gold_loss":0,"cards_obtained":["Regret"]},{"cards_removed":["Writhe"],"damage_healed":0,"gold_gain":0,"player_choice":"Gave Gold","damage_taken":0,"max_hp_gain":0,"max_hp_loss":0,"event_name":"Beggar","floor":19,"gold_loss":75},{"damage_healed":0,"gold_gain":0,"player_choice":"Simplicity","damage_taken":0,"max_hp_gain":0,"max_hp_loss":0,"event_name":"Back to Basics","floor":21,"gold_loss":0,"cards_upgraded":["Strike_B","Strike_B","Strike_B","Defend_B","Defend_B","Defend_B"]},{"damage_healed":0,"gold_gain":0,"player_choice":"Ignored","damage_taken":0,"max_hp_gain":0,"max_hp_loss":0,"event_name":"Vampires","floor":24,"gold_loss":0},{"damage_healed":0,"gold_gain":0,"player_choice":"Ignored","damage_taken":0,"max_hp_gain":0,"max_hp_loss":0,"event_name":"Tomb of Lord Red Mask","floor":37,"gold_loss":0},{"damage_healed":0,"gold_gain":0,"player_choice":"Ignored","damage_taken":0,"max_hp_gain":0,"max_hp_loss":0,"event_name":"Transmorgrifier","floor":39,"gold_loss":0}],"is_beta":false,"boss_relics":[{"not_picked":["Coffee Dripper","Calling Bell"],"picked":"Busted Crown"},{"not_picked":["Astrolabe","White Beast Statue"],"picked":"Runic Pyramid"}],"items_purged_floors":[2,14],"is_endless":false,"potions_floor_spawned":[5,13,16,22,27,28,31,36,44],"killed_by":"Giant Head","ascension_level":1}