{"gold_per_floor":[109,124,51,71,71,112,135,150,176,201,219,219,235,259,259,379,379,395,395,395,395,410,449,548,403,403,403,150,164,183,183],"floor_reached":31,"playtime":2020,"items_purged":[],"score":259,"play_id":"ed64b4f0-3564-43c1-a6b5-e146960e14f4","local_time":"20190217191926","is_ascension_mode":false,"campfire_choices":[{"floor":15,"key":"REST"}],"neow_cost":"NONE","seed_source_timestamp":201721040122,"circlet_count":0,"master_deck":["Strike_B","Strike_B+1","Strike_B","Strike_B","Defend_B","Defend_B+1","Defend_B","Defend_B","Zap","Dualcast","Steam","Ball Lightning","Rainbow","Steam","Chill","Darkness","Barrage","Compile Driver","Creative AI","Darkness","Buffer","Defragment","Ball Lightning","White Noise","Chill","Ball Lightning","Buffer","Defragment","White Noise","Loop","Storm","Chill","Cold Snap","Force Field"],"relics":["Cracked Core","NeowsBlessing","Golden Idol","Omamori","Art of War","Odd Mushroom","Orrery","Necronomicon","Vajra","Blood Vial","Potion Belt","Pantograph"],"potions_floor_usage":[6,10,16,18,23,29,31],"damage_taken":[{"damage":0,"enemies":"Small Slimes","floor":1,"turns":1},{"damage":0,"enemies":"2 Louse","floor":2,"turns":1},{"damage":0,"enemies":"Jaw Worm","floor":4,"turns":1},{"damage":9,"enemies":"Lagavulin","floor":6,"turns":6},{"damage":1,"enemies":"Large Slime","floor":7,"turns":5},{"damage":3,"enemies":"2 Fungi Beasts","floor":8,"turns":4},{"damage":3,"enemies":"The Mushroom Lair","floor":10,"turns":6},{"damage":3,"enemies":"Looter","floor":11,"turns":2},{"damage":2,"enemies":"Red Slaver","floor":13,"turns":3},{"damage":2,"enemies":"Blue Slaver","floor":14,"turns":3},{"damage":17,"enemies":"Hexaghost","floor":16,"turns":8},{"damage":0,"enemies":"2 Thieves","floor":18,"turns":4},{"damage":9,"enemies":"Shell Parasite","floor":22,"turns":5},{"damage":32,"enemies":"Gremlin Leader","floor":23,"turns":10},{"damage":8,"enemies":"Cultist and Chosen","floor":29,"turns":7},{"damage":11,"enemies":"Centurion and Healer","floor":30,"turns":7},{"damage":12,"enemies":"3 Cultists","floor":31,"turns":4}],"seed_played":"5036466895522779660","potions_obtained":[{"floor":4,"key":"Poison Potion"},{"floor":8,"key":"Regen Potion"},{"floor":10,"key":"Poison Potion"},{"floor":13,"key":"SteroidPotion"},{"floor":14,"key":"SkillPotion"},{"floor":16,"key":"Fire Potion"},{"floor":29,"key":"FearPotion"},{"floor":30,"key":"Weak Potion"}],"is_trial":false,"path_per_floor":["M","M","$","M","?","E","M","M","T","?","M","?","M","M","R","B",null,"M","?","?","?","M","E","?","$","T","?","$","M","M","M"],"character_chosen":"DEFECT","items_purchased":["Rainbow","White Noise","Loop","Storm","Block Potion","Chill","Cold Snap"],"campfire_rested":1,"item_purchase_floors":[3,25,25,28,28,28,28],"current_hp_per_floor":[75,75,75,75,75,66,65,62,62,74,71,56,54,52,74,57,75,75,59,59,59,52,22,22,22,22,22,22,16,7,0],"gold":183,"neow_bonus":"THREE_ENEMY_KILL","is_prod":false,"is_daily":false,"chose_seed":false,"campfire_upgraded":0,"win_rate":0,"timestamp":1550423966,"path_taken":["M","M","$","M","?","E","M","M","T","?","M","?","M","?","R","BOSS","M","?","?","?","M","E","?","?","T","?","$","M","M","?"],"build_version":"2019-01-23","purchased_purges":0,"victory":false,"max_hp_per_floor":[75,75,75,75,75,75,75,75,75,75,75,75,75,75,75,75,75,75,75,75,75,75,75,75,75,75,75,75,75,75,75],"card_choices":[{"not_picked":["Hologram","Rebound"],"picked":"Steam","floor":1},{"not_picked":["Rip and Tear","Reprogram"],"picked":"Ball Lightning","floor":2},{"not_picked":["Compile Driver","Tempest"],"picked":"Steam","floor":4},{"not_picked":["Tempest","Ball Lightning"],"picked":"Chill","floor":6},{"not_picked":["Gash","Hologram"],"picked":"Darkness","floor":7},{"not_picked":["Compile Driver","Rebound"],"picked":"Barrage","floor":8},{"not_picked":["Tempest","Genetic Algorithm"],"picked":"Compile Driver","floor":10},{"not_picked":["Streamline","Conserve Battery"],"picked":"Creative AI","floor":11},{"not_picked":["Barrage","Conserve Battery"],"picked":"Darkness","floor":13},{"not_picked":["Sweeping Beam","Gash","Turbo"],"picked":"SKIP","floor":14},{"not_picked":["Seek","Thunder Strike"],"picked":"Buffer","floor":16},{"not_picked":["FTL","Melter"],"picked":"Defragment","floor":17},{"not_picked":["Rebound","FTL"],"picked":"Ball Lightning","floor":17},{"not_picked":["Aggregate","Sweeping Beam"],"picked":"White Noise","floor":17},{"not_picked":["Conserve Battery","Barrage"],"picked":"Chill","floor":17},{"not_picked":["Turbo","Barrage"],"picked":"Ball Lightning","floor":17},{"not_picked":["Hologram","Scrape","Gash+1"],"picked":"SKIP","floor":18},{"not_picked":["Turbo+1","Lockon+1"],"picked":"Buffer","floor":22},{"not_picked":["Hyperbeam","Auto Shields"],"picked":"Defragment","floor":23},{"not_picked":["Aggregate","Rebound","Reprogram"],"picked":"SKIP","floor":29},{"not_picked":["Cold Snap","Streamline"],"picked":"Force Field","floor":30}],"player_experience":964067,"relics_obtained":[{"floor":6,"key":"Omamori"},{"floor":9,"key":"Art of War"},{"floor":10,"key":"Odd Mushroom"},{"floor":19,"key":"Necronomicon"},{"floor":23,"key":"Potion Belt"},{"floor":26,"key":"Pantograph"}],"event_choices":[{"damage_healed":0,"gold_gain":0,"player_choice":"Take Wound","damage_taken":0,"relics_obtained":["Golden Idol"],"max_hp_gain":0,"max_hp_loss":0,"event_name":"Golden Idol","floor":5,"gold_loss":0,"cards_obtained":["Injury"]},{"damage_healed":0,"gold_gain":0,"player_choice":"Fought Mushrooms","damage_taken":0,"max_hp_gain":0,"max_hp_loss":0,"event_name":"Mushrooms","floor":10,"gold_loss":0},{"damage_healed":0,"gold_gain":0,"player_choice":"Entered Light","damage_taken":15,"max_hp_gain":0,"max_hp_loss":0,"event_name":"Shining Light","floor":12,"gold_loss":0,"cards_upgraded":["Defend_B","Strike_B"]},{"damage_healed":0,"gold_gain":0,"player_choice":"Obtained Book","damage_taken":16,"max_hp_gain":0,"max_hp_loss":0,"event_name":"Cursed Tome","floor":19,"gold_loss":0},{"damage_healed":0,"gold_gain":0,"player_choice":"Stole Relic","damage_taken":0,"relics_obtained":["Vajra"],"max_hp_gain":0,"max_hp_loss":0,"event_name":"Addict","floor":20,"gold_loss":0,"cards_obtained":["Shame"]},{"damage_healed":0,"gold_gain":0,"player_choice":"Opened","damage_taken":0,"relics_obtained":["Blood Vial"],"max_hp_gain":0,"max_hp_loss":0,"event_name":"The Mausoleum","floor":21,"gold_loss":0},{"damage_healed":0,"gold_gain":99,"player_choice":"Stole From Cult","damage_taken":0,"max_hp_gain":0,"max_hp_loss":0,"event_name":"Nest","floor":24,"gold_loss":0},{"cards_removed":["Injury"],"damage_healed":0,"gold_gain":0,"player_choice":"Removed Curses","damage_taken":0,"max_hp_gain":0,"max_hp_loss":0,"event_name":"Fountain of Cleansing","floor":27,"gold_loss":0}],"is_beta":false,"boss_relics":[{"not_picked":["FrozenCore","Snecko Eye"],"picked":"Orrery"}],"items_purged_floors":[],"is_endless":false,"potions_floor_spawned":[4,8,10,13,14,16,29,30],"killed_by":"3 Cultists","ascension_level":0}