{"gold_per_floor":[114,114,130,143,113,113,125,125,201,151,151,54,54,69,69,172,172,186,186,285,303,39,39,54,54,54,64,64,77,95,95,95,191,191,208,36,36,47,47,47,0,0,0,13,13,32,47,47,47,47],"floor_reached":51,"playtime":10163,"items_purged":["Strike_R","Defend_R","Strike_R"],"score":612,"play_id":"26900eb2-a7bf-48ee-ab94-21268534b0ef","local_time":"20190113213448","is_ascension_mode":false,"campfire_choices":[{"data":"Whirlwind","floor":6,"key":"SMITH"},{"data":"Body Slam","floor":8,"key":"SMITH"},{"data":"Metallicize","floor":11,"key":"SMITH"},{"data":"Rampage","floor":15,"key":"SMITH"},{"floor":23,"key":"REST"},{"floor":32,"key":"REST"},{"floor":40,"key":"REST"},{"floor":42,"key":"REST"},{"floor":45,"key":"REST"},{"floor":49,"key":"REST"}],"neow_cost":"NONE","seed_source_timestamp":240114009806785,"circlet_count":0,"master_deck":["Strike_R","Defend_R","Defend_R","Defend_R","Bash","Flame Barrier","Metallicize+1","Whirlwind+1","Double Tap","Body Slam+1","Anger","Rampage+1","Body Slam+1","Headbutt","Reaper","Warcry","True Grit+1","Shrug It Off+1","Flex","Barricade","Thunderclap+1","Shrug It Off","Enlightenment","Panacea","Finesse","Carnage+1","Body Slam","Shrug It Off+1","Heavy Blade","True Grit+1"],"relics":["Burning Blood","Lantern","GremlinMask","Sundial","Fusion Hammer","Bag of Marbles","Ornamental Fan","Sozu","Red Skull"],"potions_floor_usage":[33,33],"damage_taken":[{"damage":1,"enemies":"Jaw Worm","floor":1,"turns":4},{"damage":0,"enemies":"Cultist","floor":3,"turns":5},{"damage":1,"enemies":"2 Louse","floor":4,"turns":4},{"damage":5,"enemies":"Looter","floor":5,"turns":4},{"damage":0,"enemies":"Gremlin Gang","floor":7,"turns":1},{"damage":7,"enemies":"3 Louse","floor":14,"turns":3},{"damage":46,"enemies":"Slime Boss","floor":16,"turns":13},{"damage":6,"enemies":"Spheric Guardian","floor":18,"turns":1},{"damage":6,"enemies":"Chosen","floor":21,"turns":4},{"damage":36,"enemies":"Snake Plant","floor":24,"turns":6},{"damage":6,"enemies":"Sentry and Sphere","floor":27,"turns":3},{"damage":12,"enemies":"Centurion and Healer","floor":29,"turns":6},{"damage":21,"enemies":"Cultist and Chosen","floor":30,"turns":7},{"damage":79,"enemies":"Champ","floor":33,"turns":9},{"damage":0,"enemies":"Orb Walker","floor":35,"turns":3},{"damage":0,"enemies":"3 Darklings","floor":38,"turns":2},{"damage":4,"enemies":"Spire Growth","floor":44,"turns":4},{"damage":24,"enemies":"4 Shapes","floor":46,"turns":2},{"damage":35,"enemies":"Jaw Worm Horde","floor":47,"turns":4},{"damage":90,"enemies":"Awakened One","floor":50,"turns":12}],"seed_played":"-1341856646795591039","potions_obtained":[{"floor":4,"key":"SpeedPotion"},{"floor":7,"key":"Strength Potion"},{"floor":13,"key":"Regen Potion"},{"floor":13,"key":"Energy Potion"}],"is_trial":false,"path_per_floor":["M","?","M","M","M","R","M","R","T","?","R","$","?","M","R","B",null,"M","?","?","M","$","R","M","?","T","M","?","M","M","?","R","B",null,"M","$","?","M","?","R","$","R","T","M","R","M","M","?","R","B",null],"character_chosen":"IRONCLAD","items_purchased":["Anger","Reaper","Warcry","Shrug It Off","Body Slam"],"campfire_rested":6,"item_purchase_floors":[12,22,22,36,41],"current_hp_per_floor":[80,80,80,80,80,80,80,80,80,80,80,80,80,79,79,39,80,80,64,64,64,64,80,51,51,51,51,51,61,50,50,74,24,80,80,80,70,76,76,80,80,80,80,80,80,62,33,90,90,20],"gold":47,"neow_bonus":"RANDOM_COMMON_RELIC","is_prod":false,"is_daily":false,"chose_seed":false,"campfire_upgraded":4,"win_rate":0.0,"timestamp":1547382888,"path_taken":["M","?","M","?","M","R","M","R","T","?","R","$","?","?","R","BOSS","M","?","?","M","?","R","M","?","T","?","?","M","M","?","R","BOSS","M","$","?","M","?","R","?","R","T","M","R","?","?","?","R","BOSS"],"build_version":"2019-01-10","purchased_purges":3,"victory":true,"max_hp_per_floor":[80,80,80,80,80,80,80,80,80,80,80,80,80,80,80,80,80,80,80,80,80,80,80,80,80,80,80,80,80,80,80,80,80,80,80,80,80,80,80,80,80,80,80,80,80,80,80,90,90,90],"card_choices":[{"not_picked":["Iron Wave","Clash"],"picked":"Flame Barrier","floor":1},{"not_picked":["Clash","Thunderclap"],"picked":"Metallicize","floor":3},{"not_picked":["Metallicize","Entrench"],"picked":"Whirlwind","floor":4},{"not_picked":["Bloodletting","Infernal Blade"],"picked":"Double Tap","floor":5},{"not_picked":["True Grit","Anger"],"picked":"Body Slam","floor":7},{"not_picked":["Infernal Blade","Anger"],"picked":"Rampage","floor":14},{"not_picked":["Brutality","Limit Break"],"picked":"Offering","floor":16},{"not_picked":["Iron Wave","Armaments"],"picked":"Body Slam+1","floor":18},{"not_picked":["Clothesline","True Grit+1"],"picked":"Headbutt","floor":21},{"not_picked":["Armaments","Pommel Strike"],"picked":"True Grit+1","floor":24},{"not_picked":["Twin Strike","Clothesline+1"],"picked":"Berserk","floor":27},{"not_picked":["True Grit","Body Slam"],"picked":"Shrug It Off+1","floor":29},{"not_picked":["Blood for Blood","Searing Blow"],"picked":"Flex","floor":30},{"not_picked":["Juggernaut","Limit Break"],"picked":"Barricade","floor":33},{"not_picked":["Rupture","Perfected Strike+1"],"picked":"Thunderclap+1","floor":35},{"not_picked":["Discovery","Dark Shackles"],"picked":"Enlightenment","floor":37},{"not_picked":["Dark Shackles","Mind Blast"],"picked":"Panacea","floor":37},{"not_picked":["PanicButton","The Bomb"],"picked":"Finesse","floor":37},{"not_picked":["Anger","Pommel Strike"],"picked":"Carnage+1","floor":38},{"not_picked":["Intimidate","Warcry"],"picked":"Shrug It Off+1","floor":44},{"not_picked":["Anger+1","Pummel"],"picked":"Heavy Blade","floor":46},{"not_picked":["Perfected Strike","Clothesline+1"],"picked":"True Grit+1","floor":47}],"player_experience":7970,"relics_obtained":[{"floor":9,"key":"Sundial"},{"floor":26,"key":"Ornamental Fan"},{"floor":43,"key":"Red Skull"}],"event_choices":[{"damage_healed":0,"gold_gain":0,"player_choice":"Trade","damage_taken":0,"relics_obtained":["GremlinMask"],"max_hp_gain":0,"max_hp_loss":0,"event_name":"FaceTrader","floor":2,"gold_loss":0},{"cards_removed":["Strike_R"],"damage_healed":0,"gold_gain":0,"player_choice":"Card Removal","damage_taken":0,"max_hp_gain":0,"max_hp_loss":0,"event_name":"The Cleric","floor":10,"gold_loss":50},{"damage_healed":0,"gold_gain":0,"player_choice":"Got Potions","damage_taken":0,"max_hp_gain":0,"max_hp_loss":0,"event_name":"Lab","floor":13,"gold_loss":0},{"damage_healed":0,"gold_gain":0,"player_choice":"Obtained Book","damage_taken":16,"max_hp_gain":0,"max_hp_loss":0,"event_name":"Cursed Tome","floor":19,"gold_loss":0},{"damage_healed":0,"gold_gain":99,"player_choice":"Stole From Cult","damage_taken":0,"max_hp_gain":0,"max_hp_loss":0,"event_name":"Nest","floor":20,"gold_loss":0},{"damage_healed":0,"gold_gain":0,"player_choice":"Gave Potion","damage_taken":0,"relics_obtained":["Bag of Marbles"],"max_hp_gain":0,"max_hp_loss":0,"event_name":"WeMeetAgain","floor":25,"gold_loss":0},{"cards_removed":["Strike_R"],"damage_healed":0,"gold_gain":0,"player_choice":"Elegance","damage_taken":0,"max_hp_gain":0,"max_hp_loss":0,"event_name":"Back to Basics","floor":28,"gold_loss":0},{"damage_healed":0,"gold_gain":0,"player_choice":"Ignored","damage_taken":0,"max_hp_gain":0,"max_hp_loss":0,"event_name":"Ghosts","floor":31,"gold_loss":0},{"damage_healed":0,"gold_gain":0,"player_choice":"Memory 3","damage_taken":10,"max_hp_gain":0,"max_hp_loss":0,"event_name":"SensoryStone","floor":37,"gold_loss":0},{"cards_removed":["Offering"],"damage_healed":0,"gold_gain":0,"player_choice":"Removed Skill","damage_taken":0,"max_hp_gain":0,"max_hp_loss":0,"event_name":"Falling","floor":39,"gold_loss":0},{"cards_removed":["Berserk"],"damage_healed":47,"gold_gain":0,"player_choice":"Offered Rare","damage_taken":0,"max_hp_gain":10,"max_hp_loss":0,"event_name":"Bonfire Elementals","floor":48,"gold_loss":0}],"is_beta":false,"boss_relics":[{"not_picked":["Black Star","Lizard Tail"],"picked":"Fusion Hammer"},{"not_picked":["Snecko Eye","Busted Crown"],"picked":"Sozu"}],"items_purged_floors":[12,22,36],"is_endless":false,"potions_floor_spawned":[4,7,16,18,24,35,46],"ascension_level":0}