{"gold_per_floor":[114,128,128,128,128,128,158,170,261,273,320,352,200,216,216,294,294,314,314,329,329,329,329,180,180,207,240,290,323,323,340,340,340],"floor_reached":33,"playtime":974,"items_purged":["Strike_R"],"score":624,"play_id":"a89325c5-d557-44c2-bb28-1886f07713fb","local_time":"20190322154501","is_ascension_mode":true,"campfire_choices":[{"data":"Rampage","floor":6,"key":"SMITH"},{"data":"Bash","floor":8,"key":"SMITH"},{"floor":10,"key":"REST"},{"data":"Evolve","floor":15,"key":"SMITH"},{"data":"Fiend Fire","floor":23,"key":"SMITH"},{"data":"Feed","floor":25,"key":"SMITH"},{"data":"Impervious","floor":30,"key":"SMITH"},{"data":"Limit Break","floor":32,"key":"SMITH"}],"neow_cost":"NONE","seed_source_timestamp":248280446969400,"circlet_count":0,"master_deck":["AscendersBane","Strike_R+1","Strike_R+1","Strike_R+1","Defend_R+1","Defend_R+1","Defend_R+1","Defend_R+1","Bash+1","Rampage+1","Impervious+1","Ghostly Armor","Evolve+1","Power Through","Fiend Fire+1","Dual Wield","Flame Barrier","Feed+1","True Grit+1","Limit Break+1","Second Wind"],"relics":["Burning Blood","Lantern","Mercury Hourglass","MawBank","Question Card","Whetstone","Odd Mushroom","Snecko Eye","Red Skull","Anchor","Pear"],"potions_floor_usage":[7,16,27,27,33],"damage_taken":[{"damage":11,"enemies":"Small Slimes","floor":1,"turns":4},{"damage":7,"enemies":"Jaw Worm","floor":2,"turns":3},{"damage":25,"enemies":"Lagavulin","floor":7,"turns":7},{"damage":30,"enemies":"3 Sentries","floor":11,"turns":8},{"damage":2,"enemies":"The Mushroom Lair","floor":12,"turns":3},{"damage":4,"enemies":"2 Louse","floor":14,"turns":3},{"damage":8,"enemies":"Slime Boss","floor":16,"turns":7},{"damage":0,"enemies":"Chosen","floor":18,"turns":2},{"damage":3,"enemies":"3 Byrds","floor":20,"turns":5},{"damage":73,"enemies":"Book of Stabbing","floor":27,"turns":6},{"damage":0,"enemies":"Gremlin Leader","floor":29,"turns":4},{"damage":0,"enemies":"Snecko","floor":31,"turns":5},{"damage":54,"enemies":"Automaton","floor":33,"turns":6}],"seed_played":"-8507124416112151697","potions_obtained":[{"floor":1,"key":"Swift Potion"},{"floor":7,"key":"SteroidPotion"},{"floor":11,"key":"Strength Potion"},{"floor":18,"key":"BloodPotion"},{"floor":27,"key":"Explosive Potion"},{"floor":29,"key":"SmokeBomb"}],"is_trial":false,"path_per_floor":["M","M","?","?","?","R","E","R","T","R","E","?","$","M","R","B",null,"M","?","M","?","?","R","$","R","T","E","?","E","R","M","R","B"],"character_chosen":"IRONCLAD","items_purchased":["Evolve","Feed"],"campfire_rested":1,"item_purchase_floors":[13,24],"current_hp_per_floor":[63,62,36,61,54,54,35,35,35,57,33,37,37,39,39,37,66,72,72,75,75,75,75,75,75,75,19,19,35,35,41,41,0],"gold":340,"neow_bonus":"RANDOM_COMMON_RELIC","is_prod":false,"is_daily":false,"chose_seed":false,"campfire_upgraded":7,"win_rate":0,"timestamp":1553237101,"path_taken":["M","M","?","?","?","R","E","R","T","R","E","?","$","M","R","BOSS","M","?","M","?","?","R","?","R","T","E","?","E","R","M","R","BOSS"],"build_version":"2019-01-23","purchased_purges":1,"victory":false,"max_hp_per_floor":[75,75,75,75,75,75,75,75,75,75,75,75,75,75,75,75,75,75,75,75,75,75,75,75,75,75,79,79,89,89,89,89,89],"card_choices":[{"not_picked":["Burning Pact","Clash"],"picked":"Rampage","floor":1},{"not_picked":["Heavy Blade","Clash","Havoc"],"picked":"SKIP","floor":2},{"not_picked":["Warcry","Havoc","Headbutt"],"picked":"SKIP","floor":7},{"not_picked":["Double Tap","Pommel Strike","Sword Boomerang"],"picked":"Impervious","floor":11},{"not_picked":["Perfected Strike","Dropkick","Clash"],"picked":"Ghostly Armor","floor":12},{"not_picked":["Thunderclap","Cleave","Armaments"],"picked":"Power Through","floor":14},{"not_picked":["Juggernaut","Bludgeon","Demon Form"],"picked":"Fiend Fire","floor":16},{"not_picked":["Havoc","Twin Strike","Sword Boomerang"],"picked":"Dual Wield","floor":18},{"not_picked":["Heavy Blade","Infernal Blade","Wild Strike"],"picked":"Flame Barrier","floor":20},{"not_picked":["Clash+1","Reckless Charge","Shrug It Off"],"picked":"True Grit+1","floor":27},{"not_picked":["Sword Boomerang","Shrug It Off","Havoc"],"picked":"Limit Break","floor":29},{"not_picked":["Thunderclap","Body Slam+1","Warcry"],"picked":"Second Wind","floor":31}],"player_experience":2461912,"relics_obtained":[{"floor":7,"key":"MawBank"},{"floor":9,"key":"Question Card"},{"floor":11,"key":"Whetstone"},{"floor":12,"key":"Odd Mushroom"},{"floor":26,"key":"Red Skull"},{"floor":27,"key":"Anchor"},{"floor":29,"key":"Pear"}],"event_choices":[{"damage_healed":0,"gold_gain":0,"player_choice":"Success","damage_taken":26,"relics_obtained":["Mercury Hourglass"],"max_hp_gain":0,"max_hp_loss":0,"event_name":"Scrap Ooze","floor":3,"gold_loss":0},{"damage_healed":25,"gold_gain":0,"player_choice":"Banana","damage_taken":0,"max_hp_gain":0,"max_hp_loss":0,"event_name":"Big Fish","floor":4,"gold_loss":0},{"cards_removed":["Strike_R"],"damage_healed":0,"gold_gain":0,"player_choice":"Card Removal","damage_taken":7,"max_hp_gain":0,"max_hp_loss":0,"event_name":"Golden Wing","floor":5,"gold_loss":0},{"damage_healed":0,"gold_gain":0,"player_choice":"Fought Mushrooms","damage_taken":0,"max_hp_gain":0,"max_hp_loss":0,"event_name":"Mushrooms","floor":12,"gold_loss":0},{"damage_healed":0,"gold_gain":0,"player_choice":"Simplicity","damage_taken":0,"max_hp_gain":0,"max_hp_loss":0,"event_name":"Back to Basics","floor":19,"gold_loss":0,"cards_upgraded":["Strike_R","Defend_R","Defend_R","Defend_R","Defend_R"]},{"damage_healed":0,"gold_gain":0,"player_choice":"Ignored","damage_taken":0,"max_hp_gain":0,"max_hp_loss":0,"event_name":"Ghosts","floor":21,"gold_loss":0},{"damage_healed":0,"gold_gain":0,"player_choice":"Ignored","damage_taken":0,"max_hp_gain":0,"max_hp_loss":0,"event_name":"Vampires","floor":22,"gold_loss":0},{"damage_healed":0,"gold_gain":50,"player_choice":"Stole From Cult","damage_taken":0,"max_hp_gain":0,"max_hp_loss":0,"event_name":"Nest","floor":28,"gold_loss":0}],"is_beta":false,"boss_relics":[{"not_picked":["Eternal Feather","Fusion Hammer"],"picked":"Snecko Eye"}],"items_purged_floors":[13],"is_endless":false,"potions_floor_spawned":[1,7,11,18,27,29],"killed_by":"Automaton","ascension_level":20}