{"gold_per_floor":[209,209,62,72,83,117,117,144,144,144,144,144,175,188,188,283,283,295,295,307,317,392,392,422,434,500,523,76,76,76,94,94,191,191,201,476,183,203,113,113,143,143,169,179,190,207,64,91,91,91],"floor_reached":51,"playtime":1502,"items_purged":["Strike_B+1","Regret"],"score":1540,"play_id":"075b038e-4bc2-4e89-8b83-d3002fcdda01","local_time":"20190216155918","is_ascension_mode":true,"campfire_choices":[{"data":"Barrage","floor":7,"key":"SMITH"},{"data":"Consume","floor":10,"key":"SMITH"},{"data":"Defragment","floor":15,"key":"SMITH"},{"data":"Chill","floor":23,"key":"SMITH"},{"data":"Biased Cognition","floor":25,"key":"SMITH"},{"data":"Dualcast","floor":29,"key":"SMITH"},{"data":"Conserve Battery","floor":32,"key":"SMITH"},{"data":"Defragment","floor":40,"key":"SMITH"},{"data":"Electrodynamics","floor":42,"key":"SMITH"},{"data":"Fission","floor":49,"key":"SMITH"}],"neow_cost":"NONE","seed_source_timestamp":193725229032300,"circlet_count":0,"master_deck":["Strike_B+1","Defend_B+1","Defend_B+1","Defend_B+1","Defend_B+1","Zap+1","Dualcast+1","Chill+1","Barrage+1","Core Surge","Consume+1","Defragment+1","Cold Snap","White Noise","Biased Cognition+1","Cold Snap","Cold Snap+1","Capacitor+1","Self Repair","Conserve Battery+1","Electrodynamics+1","Defragment+1","Seek+1","Coolheaded+1","Capacitor","Creative AI","Fission+1","Seek"],"relics":["Cracked Core","Bag of Preparation","FossilizedHelix","Pocketwatch","Ice Cream","Bronze Scales","Nuclear Battery","MawBank","Strawberry","ClockworkSouvenir","Blood Vial","Philosopher\u0027s Stone","Regal Pillow","Orichalcum","DataDisk"],"potions_floor_usage":[6,33,50],"damage_taken":[{"damage":0,"enemies":"2 Louse","floor":1,"turns":2},{"damage":1,"enemies":"Cultist","floor":4,"turns":3},{"damage":3,"enemies":"Small Slimes","floor":5,"turns":3},{"damage":31,"enemies":"Gremlin Nob","floor":6,"turns":4},{"damage":11,"enemies":"3 Sentries","floor":8,"turns":8},{"damage":0,"enemies":"Gremlin Nob","floor":13,"turns":3},{"damage":0,"enemies":"Blue Slaver","floor":14,"turns":3},{"damage":0,"enemies":"Slime Boss","floor":16,"turns":5},{"damage":0,"enemies":"Shell Parasite","floor":18,"turns":4},{"damage":0,"enemies":"Spheric Guardian","floor":20,"turns":3},{"damage":0,"enemies":"Snake Plant","floor":21,"turns":3},{"damage":0,"enemies":"Gremlin Leader","floor":24,"turns":4},{"damage":0,"enemies":"Chosen and Byrds","floor":27,"turns":4},{"damage":0,"enemies":"3 Cultists","floor":31,"turns":5},{"damage":0,"enemies":"Champ","floor":33,"turns":11},{"damage":0,"enemies":"Orb Walker","floor":35,"turns":3},{"damage":0,"enemies":"3 Shapes","floor":38,"turns":3},{"damage":0,"enemies":"Reptomancer","floor":41,"turns":5},{"damage":0,"enemies":"Spire Growth","floor":44,"turns":5},{"damage":0,"enemies":"Transient","floor":45,"turns":5},{"damage":0,"enemies":"Sphere and 2 Shapes","floor":46,"turns":3},{"damage":0,"enemies":"Giant Head","floor":48,"turns":8},{"damage":0,"enemies":"Time Eater","floor":50,"turns":6}],"seed_played":"-78863447756506180","potions_obtained":[{"floor":5,"key":"Swift Potion"},{"floor":13,"key":"PowerPotion"},{"floor":14,"key":"GamblersBrew"},{"floor":18,"key":"Fire Potion"},{"floor":33,"key":"Strength Potion"}],"is_trial":false,"path_per_floor":["M","?","$","M","M","E","R","E","T","R","?","?","E","M","R","B",null,"M","?","M","M","?","R","E","R","T","M","$","R","?","M","R","B",null,"M","?","$","M","?","R","E","R","T","M","M","M","$","E","R","B",null],"character_chosen":"DEFECT","items_purchased":["Bag of Preparation","ClockworkSouvenir","Blood Vial","Self Repair","Defragment","Seek","Fission"],"campfire_rested":0,"item_purchase_floors":[3,28,28,28,37,37,47],"current_hp_per_floor":[68,68,68,67,64,33,33,22,22,22,22,22,22,22,22,22,62,62,62,62,62,55,55,55,55,62,62,62,62,62,71,71,80,82,82,82,82,82,82,82,82,82,82,82,82,82,82,82,82,82],"gold":91,"neow_bonus":"HUNDRED_GOLD","is_prod":false,"is_daily":false,"chose_seed":false,"campfire_upgraded":10,"win_rate":0,"timestamp":1550300358,"path_taken":["M","?","$","?","?","E","R","E","T","R","?","?","E","M","R","BOSS","M","?","M","M","?","R","E","R","T","?","?","R","?","M","R","BOSS","M","?","?","?","?","R","E","R","T","?","M","M","$","E","R","BOSS"],"build_version":"2019-01-23","purchased_purges":2,"victory":true,"max_hp_per_floor":[75,75,75,75,75,75,75,75,75,75,75,75,75,75,75,75,75,75,75,75,75,75,75,75,75,82,82,82,82,82,82,82,82,82,82,82,82,82,82,82,82,82,82,82,82,82,82,82,82,82],"card_choices":[{"not_picked":["Rebound","Tempest","Barrage"],"picked":"SKIP","floor":1},{"not_picked":["Gash","Leap"],"picked":"Chill","floor":4},{"not_picked":["Sweeping Beam","Coolheaded"],"picked":"Barrage","floor":5},{"not_picked":["Fusion","Barrage"],"picked":"Core Surge","floor":6},{"not_picked":["Undo","Steam"],"picked":"Consume","floor":8},{"not_picked":["Beam Cell","Blizzard"],"picked":"Cold Snap","floor":13},{"not_picked":["Hologram","Compile Driver"],"picked":"White Noise","floor":14},{"not_picked":["Creative AI","Rainbow"],"picked":"Biased Cognition","floor":16},{"not_picked":["Force Field","Leap+1"],"picked":"Cold Snap","floor":18},{"not_picked":["Compile Driver+1","Redo"],"picked":"Cold Snap+1","floor":20},{"not_picked":["Go for the Eyes","Rebound+1","Redo"],"picked":"SKIP","floor":21},{"not_picked":["Glacier","Compile Driver+1"],"picked":"Capacitor+1","floor":24},{"not_picked":["Cold Snap","Undo","Conserve Battery"],"picked":"SKIP","floor":27},{"not_picked":["Steam","Melter","Hologram"],"picked":"SKIP","floor":31},{"not_picked":["Hyperbeam","Fission"],"picked":"Electrodynamics","floor":33},{"not_picked":["Beam Cell","Redo","Storm+1"],"picked":"SKIP","floor":35},{"not_picked":["Ball Lightning","Streamline"],"picked":"Coolheaded+1","floor":38},{"not_picked":["Chaos","Heatsinks","Self Repair"],"picked":"SKIP","floor":41},{"not_picked":["Stack+1","Turbo","Redo"],"picked":"SKIP","floor":44},{"not_picked":["Turbo+1","Heatsinks+1"],"picked":"Capacitor","floor":45},{"not_picked":["Sweeping Beam+1","Lockon+1"],"picked":"Creative AI","floor":46},{"not_picked":["Hello World","Go for the Eyes"],"picked":"Seek","floor":48}],"player_experience":80579,"relics_obtained":[{"floor":6,"key":"FossilizedHelix"},{"floor":8,"key":"Pocketwatch"},{"floor":9,"key":"Ice Cream"},{"floor":13,"key":"Bronze Scales"},{"floor":24,"key":"MawBank"},{"floor":26,"key":"Strawberry"},{"floor":41,"key":"Regal Pillow"},{"floor":43,"key":"Orichalcum"},{"floor":48,"key":"DataDisk"}],"event_choices":[{"damage_healed":0,"gold_gain":0,"player_choice":"Upgraded","damage_taken":0,"max_hp_gain":0,"max_hp_loss":0,"event_name":"Upgrade Shrine","floor":2,"gold_loss":0,"cards_upgraded":["Zap"]},{"damage_healed":0,"gold_gain":0,"player_choice":"Ignored","damage_taken":0,"max_hp_gain":0,"max_hp_loss":0,"event_name":"Liars Game","floor":11,"gold_loss":0},{"damage_healed":0,"gold_gain":0,"cards_transformed":["Strike_B"],"player_choice":"Change","damage_taken":0,"max_hp_gain":0,"max_hp_loss":0,"event_name":"Living Wall","floor":12,"gold_loss":0,"cards_obtained":["Defragment"]},{"damage_healed":0,"gold_gain":0,"player_choice":"Simplicity","damage_taken":0,"max_hp_gain":0,"max_hp_loss":0,"event_name":"Back to Basics","floor":19,"gold_loss":0,"cards_upgraded":["Strike_B","Strike_B","Strike_B","Defend_B","Defend_B","Defend_B","Defend_B"]},{"damage_healed":0,"gold_gain":75,"player_choice":"Touch","damage_taken":7,"max_hp_gain":0,"max_hp_loss":0,"event_name":"FaceTrader","floor":22,"gold_loss":0},{"damage_healed":0,"gold_gain":0,"player_choice":"Read","damage_taken":0,"max_hp_gain":0,"max_hp_loss":0,"event_name":"The Library","floor":30,"gold_loss":0,"cards_obtained":["Conserve Battery"]},{"damage_healed":0,"gold_gain":275,"player_choice":"Desecrate","damage_taken":0,"max_hp_gain":0,"max_hp_loss":0,"event_name":"Golden Shrine","floor":36,"gold_loss":0,"cards_obtained":["Regret"]},{"cards_removed":["Strike_B"],"damage_healed":0,"gold_gain":0,"player_choice":"Upgrade and Remove","damage_taken":0,"max_hp_gain":0,"max_hp_loss":0,"event_name":"Designer","floor":39,"gold_loss":90,"cards_upgraded":["Seek"]}],"is_beta":false,"boss_relics":[{"not_picked":["Astrolabe","Snecko Eye"],"picked":"Nuclear Battery"},{"not_picked":["Lizard Tail","Runic Pyramid"],"picked":"Philosopher\u0027s Stone"}],"items_purged_floors":[28,37],"is_endless":false,"potions_floor_spawned":[5,13,14,18,27,33,41,44],"ascension_level":9}