{"gold_per_floor":[17,28,28,41,41,41,191,212,212,212,137,137,171,189,189,279,279,300,344,344,344,365,399,76,76,131,131,149,149,184,202,202,298,298,311,533,583,205,221,221,235,235,235,235,360,378,1,37,37,37,37,37,37,9,42,42],"floor_reached":56,"playtime":2862,"items_purged":["Doubt","Defend_B"],"score":1872,"play_id":"401dbe0c-db7b-424a-a9ec-ae0f477aeec2","local_time":"20190320124913","is_ascension_mode":true,"campfire_choices":[{"data":"1","floor":6.0,"key":"LIFT"},{"floor":12.0,"key":"REST"},{"data":"2","floor":15.0,"key":"LIFT"},{"data":"Turbo","floor":25.0,"key":"SMITH"},{"data":"3","floor":27.0,"key":"LIFT"},{"data":"Ghostly","floor":29.0,"key":"SMITH"},{"data":"Defragment","floor":32.0,"key":"SMITH"},{"data":"Blizzard","floor":40.0,"key":"SMITH"},{"floor":42.0,"key":"RECALL"},{"data":"Loop","floor":49.0,"key":"SMITH"},{"data":"Amplify","floor":53.0,"key":"SMITH"}],"neow_cost":"NO_GOLD","seed_source_timestamp":0,"circlet_count":0,"master_deck":["AscendersBane","Strike_B+1","Strike_B","Strike_B","Strike_B","Defend_B","Defend_B","Defend_B+1","Zap","Dualcast","Rip and Tear","Barrage","Ball Lightning","FTL","Glacier","Seek+1","Self Repair","Ghostly+1","Ghostly","Ghostly","Turbo+1","Force Field+1","Echo Form","Coolheaded","Reboot","Defragment+1","Cold Snap","Amplify+1","BootSequence","Master of Strategy","Blizzard+1","Self Repair+1","Cold Snap","Hologram","Madness","Madness","Conserve Battery+1","Loop+1","Coolheaded"],"special_seed":0,"relics":["Cracked Core","Girya","Golden Idol","Regal Pillow","Dead Branch","Mummified Hand","Nuclear Battery","Red Mask","StoneCalendar","Prayer Wheel","Tiny Chest","Nunchaku","Inserter","Smiling Mask","Mango","Ice Cream","Pantograph","Shuriken"],"potions_floor_usage":[55,56,56],"damage_taken":[{"damage":4.0,"enemies":"2 Louse","floor":1.0,"turns":2.0},{"damage":0.0,"enemies":"Small Slimes","floor":2.0,"turns":2.0},{"damage":4.0,"enemies":"Jaw Worm","floor":4.0,"turns":4.0},{"damage":12.0,"enemies":"Looter","floor":8.0,"turns":3.0},{"damage":11.0,"enemies":"Gremlin Nob","floor":13.0,"turns":3.0},{"damage":10.0,"enemies":"Large Slime","floor":14.0,"turns":4.0},{"damage":1.0,"enemies":"Hexaghost","floor":16.0,"turns":9.0},{"damage":0.0,"enemies":"Spheric Guardian","floor":18.0,"turns":2.0},{"damage":20.0,"enemies":"Masked Bandits","floor":19.0,"turns":4.0},{"damage":8.0,"enemies":"3 Byrds","floor":22.0,"turns":4.0},{"damage":13.0,"enemies":"Slavers","floor":23.0,"turns":5.0},{"damage":3.0,"enemies":"Snake Plant","floor":28.0,"turns":4.0},{"damage":1.0,"enemies":"Gremlin Leader","floor":30.0,"turns":6.0},{"damage":0.0,"enemies":"Sentry and Sphere","floor":31.0,"turns":3.0},{"damage":12.0,"enemies":"Collector","floor":33.0,"turns":8.0},{"damage":0.0,"enemies":"Orb Walker","floor":35.0,"turns":3.0},{"damage":22.0,"enemies":"3 Darklings","floor":39.0,"turns":7.0},{"damage":0.0,"enemies":"Sphere and 2 Shapes","floor":41.0,"turns":5.0},{"damage":3.0,"enemies":"Mind Bloom Boss Battle","floor":45.0,"turns":6.0},{"damage":0.0,"enemies":"Maw","floor":46.0,"turns":7.0},{"damage":0.0,"enemies":"Nemesis","floor":48.0,"turns":5.0},{"damage":15.0,"enemies":"Time Eater","floor":50.0,"turns":13.0},{"damage":26.0,"enemies":"Donu and Deca","floor":51.0,"turns":13.0},{"damage":40,"enemies":"Shield and Spear","floor":55,"turns":8},{"damage":3,"enemies":"The Heart","floor":56,"turns":2}],"seed_played":"4018657224703641066","potions_obtained":[{"floor":1.0,"key":"Regen Potion"},{"floor":8.0,"key":"FocusPotion"},{"floor":13.0,"key":"GamblersBrew"},{"floor":16.0,"key":"Fire Potion"},{"floor":22.0,"key":"EssenceOfSteel"},{"floor":28.0,"key":"SpeedPotion"},{"floor":30.0,"key":"PowerPotion"},{"floor":31.0,"key":"SkillPotion"},{"floor":41.0,"key":"LiquidBronze"},{"floor":45.0,"key":"FocusPotion"},{"floor":55,"key":"EssenceOfSteel"}],"is_trial":false,"path_per_floor":["M","M","?","M","?","R","?","M","T","T","$","R","E","M","R","B",null,"M","?","?","?","M","E","$","R","T","R","M","R","E","M","R","B",null,"M","?","T","$","M","R","M","R","T","?","?","M","$","E","R","B","B",null,"R","$","E","B"],"character_chosen":"DEFECT","items_purchased":["Prayer Wheel","Master of Strategy","Blizzard","PowerPotion","Loop","Ice Cream","Coolheaded"],"campfire_rested":1,"item_purchase_floors":[24,38,38,38,47,47,54],"current_hp_per_floor":[60,60,36,44,23,23,23,11,11,11,11,47,36,26,26,25,60,60,40,35,35,34,28,28,28,28,28,32,32,35,35,35,30,34,35,35,35,35,27,27,35,35,35,29,49,49,49,49,49,49,49,49,49,49,33,46],"gold":42,"neow_bonus":"ONE_RARE_RELIC","is_prod":false,"is_daily":false,"chose_seed":true,"campfire_upgraded":6,"win_rate":0,"timestamp":1553053753,"path_taken":["M","M","?","M","?","R","?","M","T","?","$","R","E","M","R","BOSS","M","?","?","?","?","E","$","R","T","R","M","R","E","M","R","BOSS","M","?","?","$","M","R","M","R","T","?","?","M","$","E","R","BOSS","BOSS","R","$","E","BOSS"],"build_version":"2019-01-23","purchased_purges":2,"victory":false,"max_hp_per_floor":[71,71,71,71,71,71,71,71,71,71,71,71,71,71,71,71,71,71,71,35,35,35,35,35,35,35,35,35,35,35,35,35,35,35,35,35,35,35,35,35,35,35,35,35,49,49,49,49,49,49,49,49,49,49,49,49],"card_choices":[{"not_picked":["Hologram","Gash"],"picked":"Rip and Tear","floor":1.0},{"not_picked":["Beam Cell","Multi-Cast"],"picked":"Barrage","floor":2.0},{"not_picked":["Storm","Streamline","Blizzard"],"picked":"SKIP","floor":4.0},{"not_picked":["Streamline","Tempest","Ball Lightning"],"picked":"SKIP","floor":8.0},{"not_picked":["Streamline","Tempest"],"picked":"Ball Lightning","floor":8.0},{"not_picked":["Barrage","Beam Cell"],"picked":"FTL","floor":13.0},{"not_picked":["Coolheaded","Hologram"],"picked":"Glacier","floor":14.0},{"not_picked":["Machine Learning","Amplify"],"picked":"Seek","floor":16.0},{"not_picked":["Ball Lightning","Compile Driver","Skim"],"picked":"SKIP","floor":18.0},{"not_picked":["Tempest","Ball Lightning"],"picked":"Self Repair","floor":19.0},{"not_picked":["Steam","Rebound"],"picked":"Turbo","floor":22.0},{"not_picked":["Turbo","Rebound"],"picked":"Force Field+1","floor":23.0},{"not_picked":["Stack","Hologram"],"picked":"Echo Form","floor":28.0},{"not_picked":["Sunder","Gash"],"picked":"Coolheaded","floor":28.0},{"not_picked":["Sweeping Beam","Steam"],"picked":"Reboot","floor":30.0},{"not_picked":["Conserve Battery","Fusion"],"picked":"Defragment","floor":31.0},{"not_picked":["Compile Driver","Stack"],"picked":"Cold Snap","floor":31.0},{"not_picked":["Hyperbeam","Buffer"],"picked":"Amplify","floor":33.0},{"not_picked":["Redo+1","Beam Cell"],"picked":"BootSequence","floor":35.0},{"not_picked":["Turbo","Static Discharge","Skim"],"picked":"SKIP","floor":35.0},{"not_picked":["Barrage+1","Go for the Eyes"],"picked":"Self Repair+1","floor":39.0},{"not_picked":["Aggregate","Sunder","Compile Driver"],"picked":"SKIP","floor":39.0},{"not_picked":["Undo","Redo"],"picked":"Cold Snap","floor":41.0},{"not_picked":["Skim","Go for the Eyes+1"],"picked":"Hologram","floor":41.0},{"not_picked":["Chaos","Beam Cell"],"picked":"Conserve Battery+1","floor":46.0},{"not_picked":["Redo","Rip and Tear+1","Self Repair+1"],"picked":"SKIP","floor":46.0},{"not_picked":["Steam+1","Gash","Ball Lightning+1"],"picked":"SKIP","floor":48.0},{"not_picked":["Steam","Leap","Rebound"],"picked":"SKIP","floor":55}],"player_experience":2398429,"relics_obtained":[{"floor":9.0,"key":"Regal Pillow"},{"floor":10.0,"key":"Dead Branch"},{"floor":13.0,"key":"Mummified Hand"},{"floor":19.0,"key":"Red Mask"},{"floor":23.0,"key":"StoneCalendar"},{"floor":26.0,"key":"Tiny Chest"},{"floor":30.0,"key":"Nunchaku"},{"floor":37.0,"key":"Smiling Mask"},{"floor":45.0,"key":"Mango"},{"floor":48.0,"key":"Pantograph"},{"floor":55,"key":"Shuriken"}],"event_choices":[{"damage_healed":0.0,"max_hp_gain":0.0,"max_hp_loss":0.0,"gold_gain":0.0,"event_name":"Golden Idol","player_choice":"Take Damage","floor":3.0,"gold_loss":0.0,"damage_taken":24.0,"relics_obtained":["Golden Idol"]},{"damage_healed":0.0,"max_hp_gain":0.0,"max_hp_loss":0.0,"gold_gain":0.0,"event_name":"Shining Light","player_choice":"Entered Light","floor":5.0,"gold_loss":0.0,"damage_taken":21.0,"cards_upgraded":["Defend_B","Strike_B"]},{"damage_healed":0.0,"max_hp_gain":0.0,"max_hp_loss":0.0,"gold_gain":150.0,"event_name":"Liars Game","player_choice":"AGREE","floor":7.0,"gold_loss":0.0,"damage_taken":0.0,"cards_obtained":["Doubt"]},{"damage_healed":0.0,"max_hp_gain":0.0,"max_hp_loss":0.0,"gold_gain":0.0,"event_name":"Masked Bandits","player_choice":"Fought Bandits","floor":19.0,"gold_loss":0.0,"damage_taken":0.0},{"damage_healed":0.0,"max_hp_gain":0.0,"max_hp_loss":36.0,"gold_gain":0.0,"event_name":"Ghosts","player_choice":"Became a Ghost","floor":20.0,"gold_loss":0.0,"damage_taken":0.0,"cards_obtained":["Ghostly","Ghostly","Ghostly"]},{"damage_healed":0.0,"max_hp_gain":0.0,"max_hp_loss":0.0,"gold_gain":0.0,"event_name":"Upgrade Shrine","player_choice":"Upgraded","floor":21.0,"gold_loss":0.0,"damage_taken":0.0,"cards_upgraded":["Seek"]},{"damage_healed":0.0,"max_hp_gain":0.0,"max_hp_loss":0.0,"gold_gain":222.0,"event_name":"Tomb of Lord Red Mask","player_choice":"Wore Mask","floor":36.0,"gold_loss":0.0,"damage_taken":0.0},{"damage_healed":0.0,"max_hp_gain":0.0,"max_hp_loss":0.0,"gold_gain":0.0,"event_name":"Winding Halls","player_choice":"Embrace Madness","floor":44.0,"gold_loss":0.0,"damage_taken":6.0,"cards_obtained":["Madness","Madness"]},{"damage_healed":0.0,"max_hp_gain":0.0,"max_hp_loss":0.0,"gold_gain":0.0,"event_name":"MindBloom","player_choice":"Fight","floor":45.0,"gold_loss":0.0,"damage_taken":0.0}],"is_beta":false,"boss_relics":[{"not_picked":["Coffee Dripper","Black Star"],"picked":"Nuclear Battery"},{"not_picked":["Cursed Key","Lizard Tail"],"picked":"Inserter"}],"items_purged_floors":[11,38],"is_endless":false,"potions_floor_spawned":[1,8,13,16,22,28,30,31,41,45,48,55],"killed_by":"The Heart","ascension_level":20}