{"gold_per_floor":[114,167,167,167,167,167,198,216,289,289,202,202,233,245,245,324,324,339,339,22,32,32,32,32,43,43,43,69,69,69,83,83,83],"floor_reached":33,"playtime":604,"items_purged":[],"score":692,"play_id":"6966efa7-f194-47cb-a3df-421774d15ec4","local_time":"20190403185242","is_ascension_mode":true,"campfire_choices":[{"data":"Streamline","floor":6,"key":"SMITH"},{"data":"Loop","floor":12,"key":"SMITH"},{"data":"Loop","floor":15,"key":"SMITH"},{"floor":23,"key":"REST"},{"floor":27,"key":"REST"},{"data":"Seek","floor":29,"key":"SMITH"},{"floor":32,"key":"REST"}],"neow_cost":"NONE","seed_source_timestamp":459833036640100,"circlet_count":0,"master_deck":["AscendersBane","Strike_B","Strike_B","Strike_B","Defend_B","Defend_B","Defend_B+1","Zap+1","Dualcast","Streamline+1","Undo","Loop+1","Loop+1","Seek+1","Cold Snap","Cold Snap","Capacitor","Cold Snap","Coolheaded+1","Recycle+1"],"relics":["Cracked Core","NeowsBlessing","Symbiotic Virus","Omamori","Kunai","War Paint","Velvet Choker","Prayer Wheel","Toxic Egg 2","Matryoshka"],"potions_floor_usage":[24,28,31,31],"damage_taken":[{"damage":0,"enemies":"Small Slimes","floor":1,"turns":1},{"damage":0,"enemies":"3 Sentries","floor":7,"turns":1},{"damage":0,"enemies":"Jaw Worm","floor":8,"turns":1},{"damage":0,"enemies":"Lagavulin","floor":13,"turns":4},{"damage":6,"enemies":"Cultist","floor":14,"turns":3},{"damage":33,"enemies":"Slime Boss","floor":16,"turns":6},{"damage":21,"enemies":"Shell Parasite","floor":18,"turns":3},{"damage":0,"enemies":"Spheric Guardian","floor":21,"turns":3},{"damage":0,"enemies":"Shelled Parasite and Fungi","floor":24,"turns":1},{"damage":22,"enemies":"Snake Plant","floor":25,"turns":3},{"damage":27,"enemies":"Slavers","floor":28,"turns":5},{"damage":8,"enemies":"Sentry and Sphere","floor":31,"turns":4},{"damage":23,"enemies":"Collector","floor":33,"turns":3}],"seed_played":"-4875017688941876146","potions_obtained":[{"floor":8,"key":"LiquidBronze"},{"floor":16,"key":"PowerPotion"},{"floor":21,"key":"Explosive Potion"},{"floor":22,"key":"SmokeBomb"},{"floor":25,"key":"EssenceOfSteel"},{"floor":28,"key":"Fire Potion"}],"is_trial":false,"path_per_floor":["M","?","?","$","?","R","E","M","T","?","$","R","E","M","R","B",null,"M","?","$","M","?","R","M","M","T","R","E","R","?","M","R","B"],"character_chosen":"DEFECT","items_purchased":["Loop","Prayer Wheel"],"campfire_rested":3,"item_purchase_floors":[11,20],"current_hp_per_floor":[64,64,53,53,53,53,53,53,53,53,53,53,53,47,47,14,57,36,36,36,36,36,57,57,35,35,56,29,29,9,1,23,0],"gold":83,"neow_bonus":"THREE_ENEMY_KILL","is_prod":false,"is_daily":false,"chose_seed":false,"campfire_upgraded":4,"win_rate":0,"timestamp":1554285162,"path_taken":["M","?","?","?","?","R","E","?","T","?","$","R","E","?","R","BOSS","M","?","$","M","?","R","M","?","T","R","E","R","?","M","R","BOSS"],"build_version":"2019-01-23","purchased_purges":0,"victory":false,"max_hp_per_floor":[71,71,71,71,71,71,71,71,71,71,71,71,71,71,71,71,71,71,71,71,71,71,71,71,71,71,71,71,71,76,76,76,76],"card_choices":[{"not_picked":["Rebound","Fusion"],"picked":"Streamline","floor":1},{"not_picked":["Redo","Double Energy"],"picked":"Undo","floor":7},{"not_picked":["Reinforced Body","Compile Driver","Conserve Battery"],"picked":"SKIP","floor":8},{"not_picked":["Beam Cell","Sweeping Beam","Leap"],"picked":"SKIP","floor":13},{"not_picked":["Rainbow","Hologram","Ball Lightning"],"picked":"SKIP","floor":14},{"not_picked":["Thunder Strike","Machine Learning"],"picked":"Seek","floor":16},{"not_picked":["Sweeping Beam+1","Gash","Lockon+1"],"picked":"SKIP","floor":18},{"not_picked":["Thunder Strike","Hologram"],"picked":"Cold Snap","floor":21},{"not_picked":["Streamline","Sweeping Beam","Rip and Tear"],"picked":"SKIP","floor":21},{"not_picked":["Hologram","Redo+1"],"picked":"Capacitor","floor":25},{"not_picked":["Compile Driver","Lockon"],"picked":"Cold Snap","floor":25},{"not_picked":["Heatsinks","Go for the Eyes","BootSequence+1"],"picked":"SKIP","floor":28},{"not_picked":["Hello World","Heatsinks"],"picked":"Coolheaded+1","floor":31},{"not_picked":["Beam Cell","Compile Driver"],"picked":"Recycle+1","floor":31}],"player_experience":2840413,"relics_obtained":[{"floor":7,"key":"Omamori"},{"floor":9,"key":"Kunai"},{"floor":13,"key":"War Paint"},{"floor":26,"key":"Toxic Egg 2"},{"floor":28,"key":"Matryoshka"}],"event_choices":[{"damage_healed":0,"gold_gain":53,"player_choice":"Gained Gold","damage_taken":0,"max_hp_gain":0,"max_hp_loss":0,"event_name":"Golden Wing","floor":2,"gold_loss":0},{"damage_healed":0,"gold_gain":0,"player_choice":"Success","damage_taken":11,"relics_obtained":["Symbiotic Virus"],"max_hp_gain":0,"max_hp_loss":0,"event_name":"Scrap Ooze","floor":3,"gold_loss":0},{"cards_removed":["Strike_B"],"damage_healed":0,"gold_gain":0,"player_choice":"Offered Basic","damage_taken":0,"max_hp_gain":0,"max_hp_loss":0,"event_name":"Bonfire Elementals","floor":5,"gold_loss":0},{"damage_healed":0,"gold_gain":0,"cards_transformed":["Defend_B"],"player_choice":"Transformed","damage_taken":0,"max_hp_gain":0,"max_hp_loss":0,"event_name":"Transmorgrifier","floor":10,"gold_loss":0,"cards_obtained":["Loop"]},{"damage_healed":0,"gold_gain":0,"player_choice":"Read","damage_taken":0,"max_hp_gain":0,"max_hp_loss":0,"event_name":"The Library","floor":19,"gold_loss":0,"cards_obtained":["Cold Snap"]},{"damage_healed":0,"gold_gain":0,"player_choice":"Got Potions","damage_taken":0,"max_hp_gain":0,"max_hp_loss":0,"event_name":"Lab","floor":22,"gold_loss":0},{"damage_healed":0,"gold_gain":0,"player_choice":"Shed Blood","damage_taken":25,"max_hp_gain":5,"max_hp_loss":0,"event_name":"Forgotten Altar","floor":30,"gold_loss":0}],"is_beta":false,"boss_relics":[{"not_picked":["Coffee Dripper","Empty Cage"],"picked":"Velvet Choker"}],"items_purged_floors":[],"is_endless":false,"potions_floor_spawned":[8,16,21,25,28],"killed_by":"Collector","ascension_level":20}