{"gold_per_floor":[115,265,265,281,281,308,335,335,362,68,68,80,109,122,122,199,199,212,137,52,67,17,17,30,30,78,93,93,93,93,122,122,122],"floor_reached":33,"playtime":837,"items_purged":["Doubt","Strike_R"],"score":592,"play_id":"37065bca-564f-4698-9bc1-e6ce7a95c53d","local_time":"20190304190740","is_ascension_mode":true,"campfire_choices":[{"data":"Bash","floor":8,"key":"SMITH"},{"data":"Inflame","floor":11,"key":"SMITH"},{"data":"True Grit","floor":15,"key":"SMITH"},{"data":"Shockwave","floor":23,"key":"SMITH"},{"data":"Double Tap","floor":25,"key":"SMITH"},{"data":"Blood for Blood","floor":28,"key":"SMITH"},{"data":"Feel No Pain","floor":30,"key":"SMITH"},{"floor":32,"key":"REST"}],"neow_cost":"NONE","seed_source_timestamp":240893218957100,"circlet_count":0,"master_deck":["AscendersBane","Strike_R","Strike_R","Strike_R","Strike_R","Defend_R","Defend_R","Defend_R","Defend_R","Bash+1","Feel No Pain+1","Inflame+1","True Grit+1","Battle Trance","Double Tap+1","Shockwave+1","Blood for Blood+1","Necronomicurse"],"relics":["Burning Blood","NeowsBlessing","WarpedTongs","Bag of Marbles","Anchor","Blood Vial","Membership Card","Bronze Scales","Snecko Eye","Darkstone Periapt","Strawberry","Necronomicon","Bag of Preparation"],"potions_floor_usage":[13,18],"damage_taken":[{"damage":0,"enemies":"2 Louse","floor":1,"turns":1},{"damage":1,"enemies":"Jaw Worm","floor":4,"turns":1},{"damage":0,"enemies":"3 Sentries","floor":6,"turns":2},{"damage":4,"enemies":"Cultist","floor":12,"turns":3},{"damage":46,"enemies":"Lagavulin","floor":13,"turns":6},{"damage":11,"enemies":"Large Slime","floor":14,"turns":4},{"damage":15,"enemies":"The Guardian","floor":16,"turns":13},{"damage":12,"enemies":"Chosen","floor":18,"turns":5},{"damage":7,"enemies":"3 Byrds","floor":21,"turns":3},{"damage":11,"enemies":"Centurion and Healer","floor":24,"turns":6},{"damage":0,"enemies":"Snecko","floor":27,"turns":2},{"damage":37,"enemies":"Book of Stabbing","floor":31,"turns":4},{"damage":56,"enemies":"Collector","floor":33,"turns":7}],"seed_played":"-2377298395933977207","potions_obtained":[{"floor":1,"key":"AttackPotion"},{"floor":4,"key":"SteroidPotion"},{"floor":16,"key":"SteroidPotion"}],"is_trial":false,"path_per_floor":["M","?","?","M","?","E","T","R","T","$","R","M","E","M","R","B",null,"M","?","?","M","$","R","M","R","T","M","R","?","R","E","R","B"],"character_chosen":"IRONCLAD","items_purchased":["Membership Card","Inflame"],"campfire_rested":1,"item_purchase_floors":[10,10],"current_hp_per_floor":[74,74,74,75,70,75,75,75,75,75,75,75,35,32,32,25,63,59,59,59,60,60,60,57,57,64,72,72,57,57,28,54,0],"gold":122,"neow_bonus":"THREE_ENEMY_KILL","is_prod":false,"is_daily":false,"chose_seed":false,"campfire_upgraded":7,"win_rate":0,"timestamp":1551694060,"path_taken":["M","?","?","?","?","E","?","R","T","$","R","M","E","M","R","BOSS","M","?","?","M","$","R","M","R","T","M","R","?","R","E","R","BOSS"],"build_version":"2019-01-23","purchased_purges":2,"victory":false,"max_hp_per_floor":[75,75,75,75,75,75,75,75,75,75,75,75,75,75,75,75,75,75,75,75,75,75,75,75,75,82,82,82,88,88,88,88,88],"card_choices":[{"not_picked":["Intimidate","Combust","Perfected Strike"],"picked":"SKIP","floor":1},{"not_picked":["Rage","Headbutt"],"picked":"Feel No Pain","floor":4},{"not_picked":["Seeing Red","Sword Boomerang","Sentinel"],"picked":"SKIP","floor":6},{"not_picked":["Uppercut","Body Slam"],"picked":"True Grit","floor":12},{"not_picked":["Flex","Havoc","Infernal Blade"],"picked":"SKIP","floor":13},{"not_picked":["Twin Strike","Headbutt"],"picked":"Battle Trance","floor":14},{"not_picked":["Berserk","Dark Embrace"],"picked":"Double Tap","floor":16},{"not_picked":["Iron Wave","Blood for Blood"],"picked":"Shockwave","floor":18},{"not_picked":["Armaments","Shrug It Off"],"picked":"Blood for Blood","floor":21},{"not_picked":["Hemokinesis","Iron Wave","Armaments+1"],"picked":"SKIP","floor":24},{"not_picked":["Shrug It Off","Pommel Strike","Havoc"],"picked":"SKIP","floor":27},{"not_picked":["Flex","Headbutt","Dual Wield"],"picked":"SKIP","floor":31}],"player_experience":2011147,"relics_obtained":[{"floor":6,"key":"Anchor"},{"floor":7,"key":"Blood Vial"},{"floor":13,"key":"Bronze Scales"},{"floor":26,"key":"Strawberry"},{"floor":29,"key":"Necronomicon"},{"floor":31,"key":"Bag of Preparation"}],"event_choices":[{"damage_healed":0,"gold_gain":150,"player_choice":"AGREE","damage_taken":0,"max_hp_gain":0,"max_hp_loss":0,"event_name":"Liars Game","floor":2,"gold_loss":0,"cards_obtained":["Doubt"]},{"damage_healed":0,"gold_gain":0,"player_choice":"Rummage","damage_taken":0,"relics_obtained":["WarpedTongs"],"max_hp_gain":0,"max_hp_loss":0,"event_name":"Accursed Blacksmith","floor":3,"gold_loss":0,"cards_obtained":["Pain"]},{"damage_healed":0,"gold_gain":0,"player_choice":"Success","damage_taken":5,"relics_obtained":["Bag of Marbles"],"max_hp_gain":0,"max_hp_loss":0,"event_name":"Scrap Ooze","floor":5,"gold_loss":0},{"cards_removed":["Pain"],"damage_healed":0,"gold_gain":0,"player_choice":"Gave Gold","damage_taken":0,"max_hp_gain":0,"max_hp_loss":0,"event_name":"Beggar","floor":19,"gold_loss":75},{"damage_healed":0,"gold_gain":0,"player_choice":"Obtained Relic","damage_taken":0,"relics_obtained":["Darkstone Periapt"],"max_hp_gain":0,"max_hp_loss":0,"event_name":"Addict","floor":20,"gold_loss":85},{"damage_healed":0,"gold_gain":0,"player_choice":"Obtained Book","damage_taken":21,"max_hp_gain":0,"max_hp_loss":0,"event_name":"Cursed Tome","floor":29,"gold_loss":0}],"is_beta":false,"boss_relics":[{"not_picked":["Eternal Feather","White Beast Statue"],"picked":"Snecko Eye"}],"items_purged_floors":[10,22],"is_endless":false,"potions_floor_spawned":[1,4,12,16],"killed_by":"Collector","ascension_level":20}