{"path_per_floor":["M","?","?","$","M","R","M","M","T","R","M","M","?","M","R","B",null,"M","M"],"character_chosen":"IRONCLAD","items_purchased":[],"gold_per_floor":[119,194,164,164,180,180,200,215,238,238,252,265,265,279,279,384,384,395,410],"floor_reached":20,"campfire_rested":1,"playtime":1225,"current_hp_per_floor":[78,67,67,67,69,69,75,63,63,63,59,77,52,58,80,19,65,49,55],"items_purged":[],"gold":410,"score":227,"play_id":"dc56575b-bc61-43bc-ab2b-730e7453d325","local_time":"20180311173229","is_prod":false,"is_daily":false,"is_ascension_mode":true,"campfire_upgraded":2,"timestamp":1520782349,"path_taken":["M","?","?","?","M","R","M","M","T","R","?","M","?","?","R","BOSS","M","?","M"],"build_version":"2018-03-09","purchased_purges":0,"victory":false,"master_deck":["Bash","Infernal Blade+1","Shrug It Off","Infernal Blade+1","Warcry","Corruption","Exhume","Perfected Strike","Headbutt","Body Slam","Thunderclap","Headbutt","Entrench","Flex","Wild Strike","Pommel Strike","Seeing Red","Armaments"],"max_hp_per_floor":[80,80,80,80,80,80,80,80,80,80,80,80,80,80,80,80,80,80,80],"relics":["Burning Blood","Bronze Scales","Happy Flower","Pandora\u0027s Box"],"card_choices":[{"not_picked":["Feel No Pain","Heavy Blade"],"picked":"Infernal Blade"},{"not_picked":["Uppercut","Fire Breathing"],"picked":"Shrug It Off"},{"not_picked":["Clash","Hemokinesis"],"picked":"Infernal Blade"},{"not_picked":["Clothesline","Heavy Blade"],"picked":"Warcry"},{"not_picked":["Dropkick","Inflame"],"picked":"Corruption"},{"not_picked":["Limit Break","Bludgeon"],"picked":"Exhume"},{"not_picked":["Iron Wave","Pommel Strike"],"picked":"Seeing Red"},{"not_picked":["Bloodletting","Cleave"],"picked":"Armaments"}],"player_experience":286023,"potions_floor_usage":[1,5,5,12,12,14,18,20],"damage_taken":[{"damage":0,"enemies":"2 Louse","floor":1,"turns":1},{"damage":4,"enemies":"Jaw Worm","floor":5,"turns":3},{"damage":0,"enemies":"Small Slimes","floor":7,"turns":3},{"damage":18,"enemies":"Red Slaver","floor":8,"turns":4},{"damage":10,"enemies":"2 Fungi Beasts","floor":11,"turns":3},{"damage":3,"enemies":"Exordium Wildlife","floor":12,"turns":6},{"damage":0,"enemies":"Exordium Thugs","floor":14,"turns":4},{"damage":67,"enemies":"Slime Boss","floor":16,"turns":13},{"damage":22,"enemies":"2 Thieves","floor":18,"turns":3},{"damage":0,"enemies":"Chosen","floor":19,"turns":3},{"damage":64,"enemies":"Slaver and Parasite","floor":20,"turns":3}],"event_choices":[{"event_name":"World of Goop","player_choice":"Gather Gold","floor":2,"damage_taken":0},{"event_name":"The Woman in Blue","player_choice":"Bought 2 Potions","floor":3,"damage_taken":0},{"event_name":"Scrap Ooze","player_choice":"success","floor":13,"damage_taken":25}],"boss_relics":[{"not_picked":["Lizard Tail","Eternal Feather"],"picked":"Pandora\u0027s Box"}],"potions_floor_spawned":[1,5,12,16,19],"seed_played":"2947480091658089305","killed_by":"Slaver and Parasite","ascension_level":7,"is_trial":false}