{"gold_per_floor":[116,116,129,142,142,142,161,178,204,233,233,266,276,296,296,296],"floor_reached":16,"playtime":602,"items_purged":[],"score":208,"play_id":"46d1bacf-13d7-4bcb-a982-827ff4146dc5","local_time":"20190413142114","is_ascension_mode":true,"campfire_choices":[{"data":"Cleave","floor":11,"key":"SMITH"},{"data":"Feel No Pain","floor":15,"key":"SMITH"}],"neow_cost":"TEN_PERCENT_HP_LOSS","seed_source_timestamp":96161051777800,"circlet_count":0,"master_deck":["AscendersBane","Strike_R","Strike_R","Strike_R","Defend_R","Defend_R+1","Defend_R","Defend_R","Bash+1","Feel No Pain+1","Fire Breathing","Entrench+1","Cleave+1","Shrug It Off","Headbutt"],"relics":["Burning Blood","Red Skull","Odd Mushroom","Blood Vial"],"potions_floor_usage":[10,12,12,16],"damage_taken":[{"damage":19,"enemies":"Jaw Worm","floor":1,"turns":4},{"damage":3,"enemies":"Cultist","floor":3,"turns":3},{"damage":5,"enemies":"2 Louse","floor":4,"turns":4},{"damage":11,"enemies":"2 Fungi Beasts","floor":7,"turns":4},{"damage":10,"enemies":"Red Slaver","floor":8,"turns":6},{"damage":3,"enemies":"The Mushroom Lair","floor":10,"turns":4},{"damage":5,"enemies":"Gremlin Nob","floor":12,"turns":3},{"damage":6,"enemies":"Blue Slaver","floor":13,"turns":4},{"damage":11,"enemies":"Looter","floor":14,"turns":2},{"damage":35,"enemies":"Slime Boss","floor":16,"turns":7}],"seed_played":"-1967804081762097030","potions_obtained":[{"floor":1,"key":"FearPotion"},{"floor":6,"key":"SpeedPotion"},{"floor":6,"key":"Fire Potion"},{"floor":10,"key":"SteroidPotion"},{"floor":12,"key":"Dexterity Potion"},{"floor":14,"key":"Swift Potion"}],"is_trial":false,"path_per_floor":["M","?","M","M","?","?","M","M","T","?","R","E","M","M","R","B"],"character_chosen":"IRONCLAD","items_purchased":[],"campfire_rested":0,"item_purchase_floors":[],"current_hp_per_floor":[55,55,58,59,39,39,34,30,30,33,33,34,36,33,33,0],"gold":296,"neow_bonus":"TRANSFORM_TWO_CARDS","is_prod":false,"is_daily":false,"chose_seed":false,"campfire_upgraded":2,"win_rate":0,"timestamp":1555132874,"path_taken":["M","?","?","M","?","?","M","?","T","?","R","E","M","M","R","BOSS"],"build_version":"2019-01-23","purchased_purges":0,"victory":false,"max_hp_per_floor":[68,68,68,68,68,68,68,68,68,68,68,68,68,68,68,68],"card_choices":[{"not_picked":["Heavy Blade","Shrug It Off"],"picked":"Entrench","floor":1},{"not_picked":["Rage","Clash","Intimidate"],"picked":"SKIP","floor":3},{"not_picked":["Rage","Clash","Intimidate"],"picked":"SKIP","floor":3},{"not_picked":["Pummel","Clash","Iron Wave"],"picked":"SKIP","floor":4},{"not_picked":["Sentinel","Warcry","Headbutt"],"picked":"SKIP","floor":7},{"not_picked":["Thunderclap","Iron Wave"],"picked":"Cleave","floor":8},{"not_picked":["Heavy Blade","Flex"],"picked":"Shrug It Off","floor":10},{"not_picked":["Flex","Ghostly Armor"],"picked":"Headbutt","floor":12},{"not_picked":["Thunderclap","Bloodletting","Anger"],"picked":"SKIP","floor":13},{"not_picked":["Flex","Spot Weakness","Rupture"],"picked":"SKIP","floor":14}],"player_experience":3099905,"relics_obtained":[{"floor":9,"key":"Red Skull"},{"floor":10,"key":"Odd Mushroom"},{"floor":12,"key":"Blood Vial"}],"event_choices":[{"damage_healed":0,"gold_gain":0,"player_choice":"Upgraded","damage_taken":0,"max_hp_gain":0,"max_hp_loss":0,"event_name":"Upgrade Shrine","floor":2,"gold_loss":0,"cards_upgraded":["Bash"]},{"damage_healed":0,"gold_gain":0,"player_choice":"Entered Light","damage_taken":20,"max_hp_gain":0,"max_hp_loss":0,"event_name":"Shining Light","floor":5,"gold_loss":0,"cards_upgraded":["Entrench","Defend_R"]},{"damage_healed":0,"gold_gain":0,"player_choice":"Got Potions","damage_taken":0,"max_hp_gain":0,"max_hp_loss":0,"event_name":"Lab","floor":6,"gold_loss":0},{"damage_healed":0,"gold_gain":0,"player_choice":"Fought Mushrooms","damage_taken":0,"max_hp_gain":0,"max_hp_loss":0,"event_name":"Mushrooms","floor":10,"gold_loss":0}],"is_beta":false,"boss_relics":[],"items_purged_floors":[],"is_endless":false,"potions_floor_spawned":[1,7,10,12,14],"killed_by":"Slime Boss","ascension_level":20}