{"gold_per_floor":[115,115,115,132,152,152,185,204,204,216,216,216,227,227],"floor_reached":14,"playtime":239,"items_purged":[],"score":184,"play_id":"572db856-8911-4122-8c79-3bffb6a0c7d5","local_time":"20190328145258","is_ascension_mode":true,"campfire_choices":[{"data":"Bash","floor":6,"key":"SMITH"},{"data":"Rampage","floor":12,"key":"SMITH"}],"neow_cost":"NONE","seed_source_timestamp":46068213427200,"circlet_count":0,"master_deck":["AscendersBane","Strike_R","Strike_R","Strike_R+1","Strike_R","Defend_R","Defend_R+1","Defend_R","Defend_R","Bash+1","Second Wind","Rampage+1","True Grit","Power Through","Shockwave"],"relics":["Burning Blood","NeowsBlessing","Mummified Hand","Ornamental Fan"],"potions_floor_usage":[8,10,13,14],"damage_taken":[{"damage":0,"enemies":"Small Slimes","floor":1,"turns":1},{"damage":0,"enemies":"Cultist","floor":4,"turns":1},{"damage":0,"enemies":"2 Louse","floor":5,"turns":1},{"damage":28,"enemies":"Gremlin Nob","floor":7,"turns":4},{"damage":20,"enemies":"Gremlin Gang","floor":8,"turns":8},{"damage":4,"enemies":"Looter","floor":10,"turns":4},{"damage":20,"enemies":"Exordium Thugs","floor":13,"turns":5},{"damage":0,"enemies":"3 Sentries","floor":14,"turns":1}],"seed_played":"-8671326735055190001","potions_obtained":[{"floor":4,"key":"FearPotion"},{"floor":10,"key":"Fruit Juice"},{"floor":11,"key":"Dexterity Potion"},{"floor":11,"key":"GamblersBrew"}],"is_trial":false,"path_per_floor":["M","?","?","M","M","R","E","M","T","M","?","R","M","E"],"character_chosen":"IRONCLAD","items_purchased":[],"campfire_rested":0,"item_purchase_floors":[],"current_hp_per_floor":[74,51,51,57,63,63,41,27,27,34,34,34,20,20],"gold":227,"neow_bonus":"THREE_ENEMY_KILL","is_prod":false,"is_daily":false,"chose_seed":false,"campfire_upgraded":2,"win_rate":0,"timestamp":1553752378,"path_taken":["M","?","?","M","?","R","E","M","T","M","?","R","?","E"],"build_version":"2019-01-23","purchased_purges":0,"victory":false,"max_hp_per_floor":[75,75,75,75,75,75,75,75,75,80,80,80,80,80],"card_choices":[{"not_picked":["Headbutt","Seeing Red"],"picked":"Second Wind","floor":1},{"not_picked":["Anger","Iron Wave"],"picked":"Rampage","floor":4},{"not_picked":["Armaments","Shrug It Off"],"picked":"True Grit","floor":5},{"not_picked":["Cleave","Heavy Blade","Body Slam"],"picked":"SKIP","floor":7},{"not_picked":["Sword Boomerang","Clash","Headbutt"],"picked":"SKIP","floor":8},{"not_picked":["Iron Wave","Clothesline"],"picked":"Power Through","floor":10},{"not_picked":["Thunderclap","Seeing Red"],"picked":"Shockwave","floor":13}],"player_experience":2672059,"relics_obtained":[{"floor":7,"key":"Mummified Hand"},{"floor":9,"key":"Ornamental Fan"}],"event_choices":[{"damage_healed":0,"gold_gain":0,"player_choice":"Entered Light","damage_taken":23,"max_hp_gain":0,"max_hp_loss":0,"event_name":"Shining Light","floor":2,"gold_loss":0,"cards_upgraded":["Defend_R","Strike_R"]},{"cards_removed":["Strike_R"],"damage_healed":0,"gold_gain":0,"player_choice":"Purged","damage_taken":0,"max_hp_gain":0,"max_hp_loss":0,"event_name":"Purifier","floor":3,"gold_loss":0},{"damage_healed":0,"gold_gain":0,"player_choice":"Got Potions","damage_taken":0,"max_hp_gain":0,"max_hp_loss":0,"event_name":"Lab","floor":11,"gold_loss":0}],"is_beta":false,"boss_relics":[],"items_purged_floors":[],"is_endless":false,"potions_floor_spawned":[4,10],"killed_by":"3 Sentries","ascension_level":20}