{"gold_per_floor":[116,116,116,132,132,132,163,163,217,277,277,296,28,46,46,46],"floor_reached":16,"playtime":367,"items_purged":["Regret"],"score":266,"play_id":"1f3cf9d6-006f-4819-a1f1-a06ceea2411c","local_time":"20190313143611","is_ascension_mode":true,"campfire_choices":[{"floor":6,"key":"REST"},{"data":"Streamline","floor":8,"key":"SMITH"},{"data":"Genetic Algorithm","floor":11,"key":"SMITH"},{"data":"Defragment","floor":15,"key":"SMITH"}],"neow_cost":"NONE","seed_source_timestamp":361355758865500,"circlet_count":0,"master_deck":["AscendersBane","Strike_B","Strike_B","Strike_B","Strike_B","Defend_B","Defend_B","Defend_B","Defend_B","Zap","Dualcast","Streamline+1","Genetic Algorithm+1","Leap","White Noise","Defragment+1","Coolheaded"],"relics":["Cracked Core","NeowsBlessing","Symbiotic Virus","Gremlin Horn","Cables","Smiling Mask","Tiny Chest"],"potions_floor_usage":[10,10,16,16],"damage_taken":[{"damage":0,"enemies":"Cultist","floor":1,"turns":1},{"damage":0,"enemies":"Small Slimes","floor":4,"turns":1},{"damage":0,"enemies":"Gremlin Nob","floor":7,"turns":1},{"damage":13,"enemies":"Lagavulin","floor":10,"turns":5},{"damage":15,"enemies":"Jaw Worm","floor":12,"turns":2},{"damage":0,"enemies":"Blue Slaver","floor":14,"turns":4},{"damage":28,"enemies":"Hexaghost","floor":16,"turns":9}],"seed_played":"9084735355095572426","potions_obtained":[{"floor":4,"key":"Strength Potion"},{"floor":7,"key":"Block Potion"},{"floor":12,"key":"SteroidPotion"}],"is_trial":false,"path_per_floor":["M","?","?","M","?","R","E","R","T","E","R","M","$","M","R","B"],"character_chosen":"DEFECT","items_purchased":["Defragment","Coolheaded","Regen Potion"],"campfire_rested":1,"item_purchase_floors":[13,13,13],"current_hp_per_floor":[64,64,19,19,19,40,40,40,40,27,27,12,12,12,12,0],"gold":46,"neow_bonus":"THREE_ENEMY_KILL","is_prod":false,"is_daily":false,"chose_seed":false,"campfire_upgraded":3,"win_rate":0,"timestamp":1552455371,"path_taken":["M","?","?","M","?","R","E","R","T","E","R","M","$","M","R","BOSS"],"build_version":"2019-01-23","purchased_purges":1,"victory":false,"max_hp_per_floor":[71,71,71,71,71,71,71,71,71,71,71,71,71,71,71,71],"card_choices":[{"not_picked":["Hologram","Reprogram"],"picked":"Streamline","floor":1},{"not_picked":["Melter","Barrage"],"picked":"Genetic Algorithm","floor":4},{"not_picked":["Thunder Strike","Rebound"],"picked":"Leap","floor":7},{"not_picked":["Redo","Cold Snap"],"picked":"White Noise","floor":10},{"not_picked":["Barrage","Beam Cell","Rebound"],"picked":"SKIP","floor":12},{"not_picked":["Go for the Eyes","Leap","Tempest"],"picked":"SKIP","floor":14}],"player_experience":2227779,"relics_obtained":[{"floor":7,"key":"Cables"},{"floor":9,"key":"Smiling Mask"},{"floor":10,"key":"Tiny Chest"}],"event_choices":[{"damage_healed":0,"gold_gain":0,"player_choice":"Box","damage_taken":0,"relics_obtained":["Symbiotic Virus"],"max_hp_gain":0,"max_hp_loss":0,"event_name":"Big Fish","floor":2,"gold_loss":0,"cards_obtained":["Regret"]},{"damage_healed":0,"gold_gain":0,"player_choice":"Success","damage_taken":45,"relics_obtained":["Gremlin Horn"],"max_hp_gain":0,"max_hp_loss":0,"event_name":"Scrap Ooze","floor":3,"gold_loss":0},{"damage_healed":0,"gold_gain":0,"player_choice":"Ignored","damage_taken":0,"max_hp_gain":0,"max_hp_loss":0,"event_name":"Shining Light","floor":5,"gold_loss":0}],"is_beta":false,"boss_relics":[],"items_purged_floors":[13],"is_endless":false,"potions_floor_spawned":[4,7,12],"killed_by":"Hexaghost","ascension_level":20}