{"gold_per_floor":[117,130,130,145,145,157,194,224,263,275],"floor_reached":10,"playtime":149,"items_purged":[],"score":136,"play_id":"63d6df75-2460-460f-8601-153c9b5c6dff","local_time":"20190408194441","is_ascension_mode":true,"campfire_choices":[{"data":"Bash","floor":6,"key":"SMITH"}],"neow_cost":"NONE","seed_source_timestamp":150663113112300,"circlet_count":0,"master_deck":["AscendersBane","Strike_R","Strike_R+1","Strike_R","Strike_R+1","Strike_R","Defend_R","Defend_R","Defend_R","Defend_R","Bash+1","Disarm","Armaments","Evolve","Barricade"],"relics":["Burning Blood","NeowsBlessing","MawBank","Vajra","Whetstone"],"potions_floor_usage":[7,8],"damage_taken":[{"damage":0,"enemies":"Cultist","floor":1,"turns":1},{"damage":0,"enemies":"Jaw Worm","floor":2,"turns":1},{"damage":0,"enemies":"Small Slimes","floor":4,"turns":1},{"damage":32,"enemies":"Gremlin Nob","floor":7,"turns":4},{"damage":18,"enemies":"Looter","floor":8,"turns":3},{"damage":30,"enemies":"Gremlin Gang","floor":10,"turns":3}],"seed_played":"7282158663664581155","potions_obtained":[{"floor":2,"key":"AttackPotion"},{"floor":7,"key":"SkillPotion"}],"is_trial":false,"path_per_floor":["M","M","?","M","?","R","E","M","T","M"],"character_chosen":"IRONCLAD","items_purchased":[],"campfire_rested":0,"item_purchase_floors":[],"current_hp_per_floor":[74,75,75,75,75,75,49,37,37,7],"gold":275,"neow_bonus":"THREE_ENEMY_KILL","is_prod":false,"is_daily":false,"chose_seed":false,"campfire_upgraded":1,"win_rate":0,"timestamp":1554720281,"path_taken":["M","?","?","?","?","R","E","M","T","?"],"build_version":"2019-01-23","purchased_purges":0,"victory":false,"max_hp_per_floor":[75,75,75,75,75,75,75,75,75,75],"card_choices":[{"not_picked":["Iron Wave","Warcry"],"picked":"Sentinel","floor":1},{"not_picked":["Clothesline","Headbutt","Cleave"],"picked":"SKIP","floor":2},{"not_picked":["Headbutt","Shrug It Off"],"picked":"Armaments","floor":4},{"not_picked":["Wild Strike","Clothesline"],"picked":"Evolve","floor":7},{"not_picked":["True Grit","Shrug It Off"],"picked":"Barricade","floor":8}],"player_experience":2986609,"relics_obtained":[{"floor":7,"key":"Vajra"},{"floor":9,"key":"Whetstone"}],"event_choices":[{"damage_healed":0,"gold_gain":0,"player_choice":"1 cards matched","damage_taken":0,"max_hp_gain":0,"max_hp_loss":0,"event_name":"Match and Keep!","floor":3,"gold_loss":0,"cards_obtained":["Disarm"]},{"cards_removed":["Sentinel"],"damage_healed":0,"gold_gain":0,"player_choice":"Gave Card","damage_taken":0,"relics_obtained":["MawBank"],"max_hp_gain":0,"max_hp_loss":0,"event_name":"WeMeetAgain","floor":5,"gold_loss":0}],"is_beta":false,"boss_relics":[],"items_purged_floors":[],"is_endless":false,"potions_floor_spawned":[2,7],"killed_by":"Gremlin Gang","ascension_level":20}