{"gold_per_floor":[111,261,31,306,319,347,347,347,347,27,57,57,76,26,26,103,103,113,113,113,113,113,113,113,113,160,176,202,213,213,229,229,308,308,327,340,8,27,27,59,59,91,163,179,212,230,243,243,243,243],"floor_reached":50,"playtime":1920,"items_purged":["Regret","Doubt","Strike_B"],"score":1337,"play_id":"09fd9aec-f674-4ce0-b726-2579d34658bd","local_time":"20190409202059","is_ascension_mode":true,"campfire_choices":[{"data":"Biased Cognition","floor":7.0,"key":"SMITH"},{"data":"Loop","floor":12.0,"key":"SMITH"},{"data":"Hologram","floor":15.0,"key":"SMITH"},{"data":"Ghostly","floor":23.0,"key":"SMITH"},{"data":"Ghostly","floor":25.0,"key":"SMITH"},{"floor":30.0,"key":"REST"},{"data":"Echo Form","floor":32.0,"key":"SMITH"},{"floor":41,"key":"REST"},{"floor":49,"key":"RECALL"}],"neow_cost":"NONE","seed_source_timestamp":237329843938100,"circlet_count":0,"master_deck":["AscendersBane","Strike_B","Strike_B","Defend_B","Defend_B","Defend_B","Defend_B","Zap","Dualcast","Ball Lightning","Biased Cognition+1","Loop+1","Coolheaded","Hologram+1","Echo Form+1","Turbo+1","Ghostly+1","Ghostly","Ghostly+1","White Noise","Consume+1","Rainbow+1","Conserve Battery+1","Chill","Distraction","Coolheaded","Warcry+1","Writhe"],"special_seed":0,"relics":["Cracked Core","NeowsBlessing","OrangePellets","Smiling Mask","Thread and Needle","Membership Card","Letter Opener","Inserter","Blood Vial","Lantern","Pen Nib","Fusion Hammer","Tiny Chest","Happy Flower","PrismaticShard","Shuriken","Darkstone Periapt","Cables","War Paint"],"potions_floor_usage":[33,44,46],"damage_taken":[{"damage":0.0,"enemies":"2 Louse","floor":1.0,"turns":1.0},{"damage":0.0,"enemies":"Small Slimes","floor":5.0,"turns":1.0},{"damage":0.0,"enemies":"Gremlin Nob","floor":6.0,"turns":1.0},{"damage":4.0,"enemies":"Lagavulin","floor":11.0,"turns":6.0},{"damage":0.0,"enemies":"Cultist","floor":13.0,"turns":3.0},{"damage":11.0,"enemies":"The Guardian","floor":16.0,"turns":8.0},{"damage":20.0,"enemies":"Chosen","floor":18.0,"turns":4.0},{"damage":7.0,"enemies":"Shell Parasite","floor":27.0,"turns":4.0},{"damage":10.0,"enemies":"Book of Stabbing","floor":28.0,"turns":6.0},{"damage":0.0,"enemies":"Centurion and Healer","floor":29.0,"turns":7.0},{"damage":0.0,"enemies":"Snecko","floor":31.0,"turns":7.0},{"damage":14,"enemies":"Collector","floor":33,"turns":9},{"damage":28,"enemies":"3 Darklings","floor":35,"turns":6},{"damage":0,"enemies":"3 Shapes","floor":36,"turns":3},{"damage":7,"enemies":"Sphere and 2 Shapes","floor":38,"turns":7},{"damage":0,"enemies":"Giant Head","floor":40,"turns":8},{"damage":6,"enemies":"Nemesis","floor":42,"turns":11},{"damage":3,"enemies":"3 Darklings","floor":44,"turns":3},{"damage":0,"enemies":"Giant Head","floor":45,"turns":6},{"damage":18,"enemies":"4 Shapes","floor":46,"turns":4},{"damage":0,"enemies":"Maw","floor":47,"turns":8},{"damage":25,"enemies":"Donu and Deca","floor":50,"turns":3}],"seed_played":"-8126775481928324542","potions_obtained":[{"floor":1.0,"key":"Ancient Potion"},{"floor":6.0,"key":"Ancient Potion"},{"floor":16.0,"key":"Explosive Potion"},{"floor":36,"key":"PowerPotion"},{"floor":46,"key":"Fruit Juice"}],"is_trial":false,"path_per_floor":["M","?","$","?","M","E","R","?","T","$","E","R","M","$","R","B",null,"M","?","?","T","?","R","?","R","T","M","E","M","R","M","R","B",null,"M","M","$","M","$","E","R","E","T","M","E","M","M","?","R","B"],"character_chosen":"DEFECT","items_purchased":["OrangePellets","Membership Card","Loop","Coolheaded","Tiny Chest","Happy Flower","Chill","PrismaticShard"],"campfire_rested":2,"item_purchase_floors":[3,10,10,10,37,37,37,37],"current_hp_per_floor":[64,64,64,64,64,64,64,59,59,59,55,55,55,55,55,44,64,44,35,35,35,28,28,28,28,28,23,15,17,29,31,31,19,35,9,11,11,6,6,8,20,16,16,15,17,6,8,23,23,0],"gold":243,"neow_bonus":"THREE_ENEMY_KILL","is_prod":false,"is_daily":false,"chose_seed":false,"campfire_upgraded":6,"win_rate":0,"timestamp":1554808859,"path_taken":["M","?","$","?","?","E","R","?","T","?","E","R","M","$","R","BOSS","M","?","?","?","?","R","?","R","T","M","E","?","R","M","R","BOSS","M","M","$","M","?","E","R","E","T","M","E","M","?","?","R","BOSS"],"build_version":"2019-01-23","purchased_purges":3,"victory":false,"max_hp_per_floor":[71,71,71,71,71,71,71,71,71,71,71,71,71,71,71,71,71,71,35,35,35,40,40,40,40,40,40,40,40,40,40,40,40,40,40,40,40,40,40,40,40,40,40,40,40,45,45,51,51,51],"card_choices":[{"not_picked":["BootSequence","Rebound","Streamline"],"picked":"SKIP","floor":1.0},{"not_picked":["Barrage","BootSequence"],"picked":"Ball Lightning","floor":5.0},{"not_picked":["Creative AI","Doom and Gloom"],"picked":"Biased Cognition","floor":6.0},{"not_picked":["Compile Driver","Stack","Auto Shields"],"picked":"SKIP","floor":11.0},{"not_picked":["Leap","Steam"],"picked":"Hologram","floor":13.0},{"not_picked":["Machine Learning","Thunder Strike"],"picked":"Echo Form","floor":16.0},{"not_picked":["Undo","Conserve Battery"],"picked":"Turbo","floor":18.0},{"not_picked":["Skim","Reinforced Body","Barrage"],"picked":"SKIP","floor":27.0},{"not_picked":["Stack","Hologram"],"picked":"White Noise","floor":28.0},{"not_picked":["Rebound","Reinforced Body"],"picked":"Consume+1","floor":29.0},{"not_picked":["Rebound","Ball Lightning","Sweeping Beam"],"picked":"SKIP","floor":31.0},{"not_picked":["Multi-Cast","Hyperbeam"],"picked":"Rainbow","floor":33},{"not_picked":["Blizzard","Heatsinks"],"picked":"Conserve Battery+1","floor":35},{"not_picked":["Rip and Tear","Static Discharge+1","Fusion"],"picked":"SKIP","floor":36},{"not_picked":["Barrage","Ball Lightning","Stack+1"],"picked":"SKIP","floor":38},{"not_picked":["Steam","Iron Wave"],"picked":"Distraction","floor":40},{"not_picked":["Barrage","Limit Break","Compile Driver"],"picked":"SKIP","floor":42},{"not_picked":["Sweeping Beam","Forethought"],"picked":"Coolheaded","floor":44},{"not_picked":["Deadly Poison","Steam+1","Catalyst"],"picked":"SKIP","floor":45},{"not_picked":["Lockon","Anger"],"picked":"Warcry+1","floor":46},{"not_picked":["Beam Cell","Riddle With Holes","Anger"],"picked":"SKIP","floor":47}],"player_experience":3014625,"relics_obtained":[{"floor":6.0,"key":"Smiling Mask"},{"floor":11.0,"key":"Letter Opener"},{"floor":21.0,"key":"Blood Vial"},{"floor":26.0,"key":"Lantern"},{"floor":28.0,"key":"Pen Nib"},{"floor":40,"key":"Shuriken"},{"floor":42,"key":"Darkstone Periapt"},{"floor":43,"key":"Cables"},{"floor":45,"key":"War Paint"}],"event_choices":[{"damage_healed":0.0,"max_hp_gain":0.0,"max_hp_loss":0.0,"gold_gain":150.0,"event_name":"Liars Game","player_choice":"AGREE","floor":2.0,"gold_loss":0.0,"damage_taken":0.0,"cards_obtained":["Doubt"]},{"damage_healed":0.0,"max_hp_gain":0.0,"max_hp_loss":0.0,"gold_gain":275.0,"event_name":"Golden Shrine","player_choice":"Desecrate","floor":4.0,"gold_loss":0.0,"damage_taken":0.0,"cards_obtained":["Regret"]},{"damage_healed":0.0,"max_hp_gain":0.0,"max_hp_loss":0.0,"gold_gain":0.0,"event_name":"Scrap Ooze","player_choice":"Success","floor":8.0,"gold_loss":0.0,"damage_taken":5.0,"relics_obtained":["Thread and Needle"]},{"damage_healed":0.0,"max_hp_gain":0.0,"max_hp_loss":36.0,"gold_gain":0.0,"event_name":"Ghosts","player_choice":"Became a Ghost","floor":19.0,"gold_loss":0.0,"damage_taken":0.0,"cards_obtained":["Ghostly","Ghostly","Ghostly"]},{"damage_healed":0.0,"max_hp_gain":0.0,"max_hp_loss":0.0,"gold_gain":0.0,"event_name":"The Mausoleum","player_choice":"Ignored","floor":20.0,"gold_loss":0.0,"damage_taken":0.0},{"damage_healed":0.0,"max_hp_gain":5.0,"max_hp_loss":0.0,"gold_gain":0.0,"event_name":"Forgotten Altar","player_choice":"Shed Blood","floor":22.0,"gold_loss":0.0,"damage_taken":12.0},{"cards_removed":["Strike_B"],"damage_healed":0.0,"max_hp_gain":0.0,"max_hp_loss":0.0,"gold_gain":0.0,"event_name":"Back to Basics","player_choice":"Elegance","floor":24.0,"gold_loss":0.0,"damage_taken":0.0},{"damage_healed":9,"gold_gain":0,"player_choice":"Writhe","damage_taken":0,"max_hp_gain":0,"max_hp_loss":0,"event_name":"Winding Halls","floor":48,"gold_loss":0,"cards_obtained":["Writhe"]}],"is_beta":false,"boss_relics":[{"not_picked":["Black Star","Coffee Dripper"],"picked":"Inserter"},{"not_picked":["Philosopher\u0027s Stone","Busted Crown"],"picked":"Fusion Hammer"}],"items_purged_floors":[10,14,37],"is_endless":false,"potions_floor_spawned":[1,6,16,27,28,36,40,46],"killed_by":"Donu and Deca","ascension_level":20}