{"gold_per_floor":[110,5,22,22,22,22,55,73,146,165,5,5,40,55,55,150,150,50,10,10,10,10,10,10,10,10,10],"floor_reached":27,"playtime":860,"items_purged":["Strike_R"],"score":618,"play_id":"7ba1d5c4-f0c8-47f7-b41a-0bb5d3e283c5","local_time":"20190403214053","is_ascension_mode":true,"campfire_choices":[{"data":"Bash","floor":6.0,"key":"SMITH"},{"data":"Inflame","floor":12.0,"key":"SMITH"},{"data":"Feel No Pain","floor":15.0,"key":"SMITH"},{"floor":24,"key":"REST"}],"neow_cost":"NONE","seed_source_timestamp":469622303515900,"circlet_count":0,"master_deck":["AscendersBane","Strike_R","Strike_R","Strike_R","Strike_R","Defend_R","Defend_R","Defend_R","Defend_R+1","Bash+1","Evolve","Feel No Pain+1","True Grit+1","Shrug It Off","Inflame+1","Flame Barrier","Corruption","Demon Form","Shrug It Off","True Grit+1","Feel No Pain+1","Necronomicurse","Disarm+1"],"special_seed":0,"relics":["Burning Blood","NeowsBlessing","Golden Idol","Strawberry","Mummified Hand","Blue Candle","Ectoplasm","Necronomicon","Vajra","War Paint","Mercury Hourglass"],"potions_floor_usage":[23,25,27],"damage_taken":[{"damage":0.0,"enemies":"Jaw Worm","floor":1.0,"turns":1.0},{"damage":0.0,"enemies":"Cultist","floor":3.0,"turns":1.0},{"damage":0.0,"enemies":"3 Sentries","floor":7.0,"turns":2.0},{"damage":4.0,"enemies":"Small Slimes","floor":8.0,"turns":6.0},{"damage":3.0,"enemies":"Exordium Thugs","floor":10.0,"turns":8.0},{"damage":3.0,"enemies":"Lagavulin","floor":13.0,"turns":7.0},{"damage":13.0,"enemies":"Red Slaver","floor":14.0,"turns":5.0},{"damage":39.0,"enemies":"Hexaghost","floor":16.0,"turns":9.0},{"damage":17.0,"enemies":"2 Thieves","floor":18.0,"turns":5.0},{"damage":1.0,"enemies":"Chosen","floor":20.0,"turns":6.0},{"damage":18.0,"enemies":"Sentry and Sphere","floor":21.0,"turns":6.0},{"damage":9,"enemies":"Gremlin Leader","floor":23,"turns":7},{"damage":55,"enemies":"Slavers","floor":25,"turns":7},{"damage":3,"enemies":"Snake Plant","floor":27,"turns":3}],"seed_played":"8096439241543503702","potions_obtained":[{"floor":1.0,"key":"LiquidBronze"},{"floor":8.0,"key":"Fire Potion"},{"floor":16.0,"key":"FearPotion"},{"floor":19.0,"key":"Regen Potion"},{"floor":21.0,"key":"AttackPotion"},{"floor":25,"key":"AttackPotion"}],"is_trial":false,"path_per_floor":["M","$","M","?","?","R","E","M","T","M","$","R","E","M","R","B",null,"M","?","M","M","?","E","R","E","T","M"],"character_chosen":"IRONCLAD","items_purchased":["Feel No Pain","True Grit","Corruption"],"campfire_rested":1,"item_purchase_floors":[2,2,11],"current_hp_per_floor":[74,74,75,49,49,49,62,64,64,67,67,67,70,63,63,30,69,58,58,78,66,45,42,66,17,17,14],"gold":10,"neow_bonus":"THREE_ENEMY_KILL","is_prod":false,"is_daily":false,"chose_seed":false,"campfire_upgraded":3,"win_rate":0,"timestamp":1554295253,"path_taken":["M","$","M","?","?","R","E","M","T","?","?","R","E","M","R","BOSS","M","?","M","?","?","E","R","E","T","M"],"build_version":"2019-01-23","purchased_purges":1,"victory":false,"max_hp_per_floor":[75,75,75,75,75,75,82,82,82,82,82,82,82,82,82,82,82,82,82,82,82,82,82,82,82,82,82],"card_choices":[{"not_picked":["Armaments","Shrug It Off"],"picked":"Evolve","floor":1.0},{"not_picked":["Ghostly Armor","Clash"],"picked":"Shrug It Off","floor":3.0},{"not_picked":["Uppercut","Hemokinesis"],"picked":"Inflame","floor":7.0},{"not_picked":["Sword Boomerang","Headbutt"],"picked":"Flame Barrier","floor":8.0},{"not_picked":["Sword Boomerang","Cleave","Warcry"],"picked":"SKIP","floor":10.0},{"not_picked":["Iron Wave","Combust","Perfected Strike"],"picked":"SKIP","floor":13.0},{"not_picked":["Pommel Strike","Fire Breathing","Havoc"],"picked":"SKIP","floor":14.0},{"not_picked":["Dark Embrace","Brutality"],"picked":"Demon Form","floor":16.0},{"not_picked":["Pommel Strike","Armaments"],"picked":"Shrug It Off","floor":18.0},{"not_picked":["Corruption","Heavy Blade+1"],"picked":"True Grit","floor":20.0},{"not_picked":["Twin Strike+1","Sword Boomerang"],"picked":"Feel No Pain+1","floor":21.0},{"not_picked":["Infernal Blade","Seeing Red"],"picked":"Disarm+1","floor":23},{"not_picked":["Twin Strike","Blood for Blood","Clothesline"],"picked":"SKIP","floor":25},{"not_picked":["Twin Strike","Blood for Blood","Clothesline"],"picked":"SKIP","floor":25}],"player_experience":2849534,"relics_obtained":[{"floor":7.0,"key":"Strawberry"},{"floor":9.0,"key":"Mummified Hand"},{"floor":13.0,"key":"Blue Candle"},{"floor":22.0,"key":"Necronomicon"},{"floor":23,"key":"Vajra"},{"floor":25,"key":"War Paint"},{"floor":26,"key":"Mercury Hourglass"}],"event_choices":[{"damage_healed":0.0,"max_hp_gain":0.0,"max_hp_loss":0.0,"gold_gain":0.0,"event_name":"Golden Idol","player_choice":"Take Damage","floor":4.0,"gold_loss":0.0,"damage_taken":26.0,"relics_obtained":["Golden Idol"]},{"damage_healed":0.0,"max_hp_gain":0.0,"max_hp_loss":0.0,"gold_gain":0.0,"event_name":"Upgrade Shrine","player_choice":"Upgraded","floor":5.0,"gold_loss":0.0,"damage_taken":0.0,"cards_upgraded":["True Grit"]},{"damage_healed":0.0,"max_hp_gain":0.0,"max_hp_loss":0.0,"gold_gain":0.0,"event_name":"The Woman in Blue","player_choice":"Bought 3 Potions","floor":19.0,"gold_loss":0.0,"damage_taken":0.0},{"damage_healed":0.0,"max_hp_gain":0.0,"max_hp_loss":0.0,"gold_gain":0.0,"event_name":"Cursed Tome","player_choice":"Obtained Book","floor":22.0,"gold_loss":0.0,"damage_taken":21.0}],"is_beta":false,"boss_relics":[{"not_picked":["Black Star","Black Blood"],"picked":"Ectoplasm"}],"items_purged_floors":[11],"is_endless":false,"potions_floor_spawned":[1,8,14,16,21,25],"killed_by":"Snake Plant","ascension_level":20}