{"gold_per_floor":[214,224,224,234,234,263,263,4,58,92,110,136,148,171,183,272,284,310,322,352,383,395,407,446,458],"floor_reached":25,"playtime":1143,"items_purged":[],"score":423,"play_id":"2d22183e-9cc0-423b-9eef-ca2341b08811","local_time":"20181121143026","is_ascension_mode":true,"campfire_choices":[{"floor":7.0,"key":"REST"},{"data":"Caltrops","floor":13.0,"key":"SMITH"},{"data":"Cloak And Dagger","floor":15.0,"key":"SMITH"},{"data":"A Thousand Cuts","floor":23,"key":"SMITH"}],"neow_cost":"NONE","seed_source_timestamp":972950569625058,"circlet_count":0,"master_deck":["AscendersBane","Defend_G","Defend_G","Defend_G","Defend_G","Strike_G","Strike_G","Strike_G","Survivor","Neutralize+1","Flying Knee","Cloak And Dagger+1","Dash","Backstab","Caltrops+1","Backstab","Crippling Poison","A Thousand Cuts+1","Escape Plan+1","Corpse Explosion+1","A Thousand Cuts+1","Ghostly","Ghostly","Ghostly","Ghostly","Ghostly","Bane","Noxious Fumes","Catalyst+1"],"special_seed":0,"relics":["Ring of the Snake","Happy Flower","Omamori","Mercury Hourglass","Tiny Chest","Lantern","MawBank","Astrolabe","Bottled Flame"],"potions_floor_usage":[21,21],"damage_taken":[{"damage":4.0,"enemies":"Jaw Worm","floor":1.0,"turns":7.0},{"damage":1.0,"enemies":"Cultist","floor":2.0,"turns":4.0},{"damage":6.0,"enemies":"2 Louse","floor":4.0,"turns":2.0},{"damage":29.0,"enemies":"Gremlin Nob","floor":6.0,"turns":6.0},{"damage":9.0,"enemies":"3 Sentries","floor":10.0,"turns":7.0},{"damage":0.0,"enemies":"Blue Slaver","floor":11.0,"turns":2.0},{"damage":2.0,"enemies":"Lagavulin","floor":12.0,"turns":6.0},{"damage":0.0,"enemies":"Exordium Wildlife","floor":14.0,"turns":2.0},{"damage":15,"enemies":"The Guardian","floor":16,"turns":10},{"damage":6,"enemies":"Chosen","floor":18,"turns":4},{"damage":0,"enemies":"Spheric Guardian","floor":20,"turns":4},{"damage":1,"enemies":"Chosen and Byrds","floor":21,"turns":7},{"damage":26,"enemies":"Slavers","floor":24,"turns":3},{"damage":9,"enemies":"Centurion and Healer","floor":25,"turns":1}],"seed_played":"3984608369901837912","potions_obtained":[{"floor":6.0,"key":"Swift Potion"},{"floor":10.0,"key":"Block Potion"},{"floor":12.0,"key":"Weak Potion"},{"floor":16,"key":"Block Potion"}],"is_trial":false,"path_per_floor":["M","M","?","M","?","E","R","$","T","E","M","E","R","M","R","B",null,"M","?","M","M","$","R","E","M"],"character_chosen":"THE_SILENT","items_purchased":["Mercury Hourglass"],"campfire_rested":1,"item_purchase_floors":[8],"current_hp_per_floor":[59,58,58,52,45,16,37,37,37,28,28,26,26,26,26,11,55,49,35,35,34,34,34,8,0],"gold":458,"neow_bonus":"HUNDRED_GOLD","is_prod":false,"is_daily":false,"chose_seed":false,"campfire_upgraded":3,"win_rate":0,"timestamp":1542781826,"path_taken":["M","M","?","?","?","E","R","$","T","E","M","E","R","M","R","BOSS","M","?","M","M","$","R","E","M"],"build_version":"2018-11-15","purchased_purges":0,"victory":false,"max_hp_per_floor":[70,70,70,70,70,70,70,70,70,70,70,70,70,70,70,70,70,70,35,35,35,35,35,35,35],"card_choices":[{"not_picked":["Dagger Throw","Choke"],"picked":"Flying Knee","floor":1.0},{"not_picked":["PiercingWail","Bouncing Flask"],"picked":"Cloak And Dagger","floor":2.0},{"not_picked":["Underhanded Strike","Riddle With Holes"],"picked":"Dash","floor":4.0},{"not_picked":["Deflect","Skewer"],"picked":"Backstab","floor":6.0},{"not_picked":["Well Laid Plans","Deflect"],"picked":"Caltrops","floor":10.0},{"not_picked":["Deadly Poison","Poisoned Stab"],"picked":"Backstab","floor":11.0},{"not_picked":["Blade Dance","Endless Agony"],"picked":"Crippling Poison","floor":12.0},{"not_picked":["Concentrate","Poisoned Stab","Prepared"],"picked":"SKIP","floor":14.0},{"not_picked":["Wraith Form v2","Glass Knife"],"picked":"A Thousand Cuts","floor":16},{"not_picked":["Outmaneuver","Backstab","Dagger Spray"],"picked":"SKIP","floor":18},{"not_picked":["Flying Knee","Dagger Spray+1"],"picked":"Bane","floor":20},{"not_picked":["Dodge and Roll","Predator"],"picked":"Noxious Fumes","floor":21},{"not_picked":["Infinite Blades","Sucker Punch"],"picked":"Catalyst+1","floor":24}],"player_experience":527559,"relics_obtained":[{"floor":6.0,"key":"Omamori"},{"floor":9.0,"key":"Tiny Chest"},{"floor":10.0,"key":"Lantern"},{"floor":12.0,"key":"MawBank"},{"floor":24,"key":"Bottled Flame"}],"event_choices":[{"damage_healed":0.0,"max_hp_gain":0.0,"max_hp_loss":0.0,"gold_gain":0.0,"event_name":"Accursed Blacksmith","player_choice":"Forge","floor":3.0,"gold_loss":0.0,"damage_taken":0.0,"cards_upgraded":["Neutralize"]},{"damage_healed":0.0,"max_hp_gain":0.0,"max_hp_loss":0.0,"gold_gain":0.0,"event_name":"Scrap Ooze","player_choice":"Success","floor":5.0,"gold_loss":0.0,"damage_taken":7.0,"relics_obtained":["Happy Flower"]},{"damage_healed":0,"gold_gain":0,"player_choice":"Became a Ghost","damage_taken":0,"max_hp_gain":0,"max_hp_loss":35,"event_name":"Ghosts","floor":19,"gold_loss":0,"cards_obtained":["Ghostly","Ghostly","Ghostly","Ghostly","Ghostly"]}],"is_beta":true,"boss_relics":[{"not_picked":["Empty Cage","Eternal Feather"],"picked":"Astrolabe"}],"items_purged_floors":[],"is_endless":false,"potions_floor_spawned":[6,10,12,16,20],"killed_by":"Centurion and Healer","ascension_level":13}