{"gold_per_floor":[17,17,29,43,63,63,213,213,213,213,230,69,69,95,95,167,167,182,197,197,209,103,103,132,144,197,208,208],"floor_reached":28,"playtime":1151,"items_purged":["Defend_B"],"score":480,"play_id":"4522fa5a-f0d3-4ab8-bead-45fc802c8a9d","local_time":"20190218110846","is_ascension_mode":true,"campfire_choices":[{"data":"Defragment","floor":6,"key":"SMITH"},{"data":"Doubt","floor":8,"key":"PURGE"},{"floor":10,"key":"REST"},{"data":"Defend_B","floor":13,"key":"PURGE"},{"data":"Defend_B","floor":15,"key":"PURGE"},{"floor":23,"key":"REST"}],"neow_cost":"NO_GOLD","seed_source_timestamp":349447507731300,"circlet_count":0,"master_deck":["AscendersBane","Strike_B","Strike_B","Strike_B","Strike_B","Defend_B+1","Zap+1","Dualcast","Cold Snap","Cold Snap","Defragment+1","Cold Snap","Biased Cognition","Glacier","Gash","Defragment+1","BootSequence","Ball Lightning","Amplify+1","Gash"],"relics":["Cracked Core","Peace Pipe","Bottled Tornado","Inserter","Emotion Chip","War Paint"],"potions_floor_usage":[5,16,16,19,25,25],"damage_taken":[{"damage":4,"enemies":"Small Slimes","floor":1,"turns":3},{"damage":0,"enemies":"Cultist","floor":3,"turns":3},{"damage":0,"enemies":"2 Louse","floor":4,"turns":2},{"damage":32,"enemies":"Gremlin Gang","floor":5,"turns":6},{"damage":3,"enemies":"Looter","floor":11,"turns":3},{"damage":16,"enemies":"Gremlin Nob","floor":14,"turns":4},{"damage":42,"enemies":"Hexaghost","floor":16,"turns":11},{"damage":13,"enemies":"3 Byrds","floor":18,"turns":5},{"damage":23,"enemies":"Shell Parasite","floor":19,"turns":7},{"damage":2,"enemies":"Cultist and Chosen","floor":21,"turns":8},{"damage":15,"enemies":"Book of Stabbing","floor":24,"turns":6},{"damage":12,"enemies":"3 Cultists","floor":25,"turns":5},{"damage":0,"enemies":"Snecko","floor":27,"turns":5},{"damage":0,"enemies":"Snake Plant","floor":28,"turns":1}],"seed_played":"741859270777749036","potions_obtained":[{"floor":3,"key":"Block Potion"},{"floor":14,"key":"Swift Potion"},{"floor":16,"key":"Strength Potion"},{"floor":18,"key":"GamblersBrew"},{"floor":21,"key":"SpeedPotion"}],"is_trial":false,"path_per_floor":["M","?","M","M","M","R","?","R","T","R","M","$","R","E","R","B",null,"M","M","?","M","$","R","E","M","T","M","M"],"character_chosen":"DEFECT","items_purchased":["Regen Potion","Ball Lightning","Fire Potion"],"campfire_rested":2,"item_purchase_floors":[12,22,22],"current_hp_per_floor":[60,60,60,60,28,28,28,28,28,49,46,46,46,30,30,3,54,41,18,18,16,16,37,22,10,10,10,10],"gold":208,"neow_bonus":"ONE_RARE_RELIC","is_prod":false,"is_daily":false,"chose_seed":false,"campfire_upgraded":1,"win_rate":0,"timestamp":1550455726,"path_taken":["M","?","?","M","M","R","?","R","T","R","M","$","R","E","R","BOSS","M","M","?","M","$","R","E","?","T","M","M"],"build_version":"2019-01-23","purchased_purges":1,"victory":false,"max_hp_per_floor":[71,71,71,71,71,71,71,71,71,71,71,71,71,71,71,71,71,71,71,71,71,71,71,71,71,71,71,71],"card_choices":[{"not_picked":["Fusion","Sweeping Beam"],"picked":"Cold Snap","floor":1},{"not_picked":["Leap","Beam Cell"],"picked":"Cold Snap","floor":3},{"not_picked":["Tempest","Hologram","Lockon"],"picked":"SKIP","floor":4},{"not_picked":["Reboot","Ball Lightning"],"picked":"Defragment","floor":5},{"not_picked":["Tempest","Barrage"],"picked":"Cold Snap","floor":11},{"not_picked":["Leap","Double Energy","Meteor Strike"],"picked":"SKIP","floor":14},{"not_picked":["Thunder Strike","Buffer"],"picked":"Biased Cognition","floor":16},{"not_picked":["Gash","Barrage"],"picked":"Glacier","floor":18},{"not_picked":["Cold Snap","Gash","Go for the Eyes"],"picked":"SKIP","floor":19},{"not_picked":["Cold Snap","Go for the Eyes"],"picked":"Gash","floor":19},{"not_picked":["Hologram","Beam Cell"],"picked":"BootSequence","floor":21},{"not_picked":["Aggregate","Heatsinks"],"picked":"Amplify","floor":24},{"not_picked":["Sweeping Beam","Stack","Beam Cell"],"picked":"SKIP","floor":25},{"not_picked":["Lockon","Streamline"],"picked":"Gash","floor":27}],"player_experience":1613136,"relics_obtained":[{"floor":14,"key":"Bottled Tornado"},{"floor":24,"key":"Emotion Chip"},{"floor":26,"key":"War Paint"}],"event_choices":[{"damage_healed":0,"gold_gain":0,"player_choice":"Upgraded","damage_taken":0,"max_hp_gain":0,"max_hp_loss":0,"event_name":"Upgrade Shrine","floor":2,"gold_loss":0,"cards_upgraded":["Zap"]},{"damage_healed":0,"gold_gain":150,"player_choice":"AGREE","damage_taken":0,"max_hp_gain":0,"max_hp_loss":0,"event_name":"Liars Game","floor":7,"gold_loss":0,"cards_obtained":["Doubt"]},{"damage_healed":0,"gold_gain":0,"player_choice":"Copied","damage_taken":0,"max_hp_gain":0,"max_hp_loss":0,"event_name":"Duplicator","floor":20,"gold_loss":0,"cards_obtained":["Defragment"]}],"is_beta":false,"boss_relics":[{"not_picked":["Coffee Dripper","Runic Pyramid"],"picked":"Inserter"}],"items_purged_floors":[12],"is_endless":false,"potions_floor_spawned":[3,14,16,18,21],"killed_by":"Snake Plant","ascension_level":20}