{"gold_per_floor":[116,116,134,53,18,52,52,92,143,143,143,182,200,221,221,320,320,340,363,125,125,125,156,156,171,171,171,211,35,49,49,49,140,203,221,1220,1220,1239,865,865,890,294,346,361,361,385,385,420,420,420,420,420,420,60,98,98],"floor_reached":57,"playtime":2625,"items_purged":["Strike_R","Normality","Normality","Bash+1"],"score":2857,"play_id":"3623ba2d-475b-4d11-ba7c-e064c678b680","local_time":"20190318231606","is_ascension_mode":true,"campfire_choices":[{"data":"Fiend Fire","floor":7.0,"key":"SMITH"},{"data":"Shockwave","floor":10.0,"key":"SMITH"},{"data":"Bash","floor":15.0,"key":"SMITH"},{"floor":24.0,"key":"REST"},{"data":"Evolve","floor":27.0,"key":"SMITH"},{"data":"Barricade","floor":32.0,"key":"SMITH"},{"data":"Entrench","floor":47,"key":"SMITH"},{"floor":49,"key":"RECALL"},{"data":"Shrug It Off","floor":53,"key":"SMITH"}],"neow_cost":"NONE","seed_source_timestamp":125460669385200,"circlet_count":0,"master_deck":["AscendersBane","Strike_R+1","Strike_R+1","Defend_R+1","Defend_R+1","Defend_R+1","Defend_R","Evolve+1","Ghostly Armor+1","Fiend Fire+1","Shockwave+1","Shrug It Off+1","Impervious","Bludgeon+1","Second Wind+1","Battle Trance","Armaments+1","Feed","Discovery","Entrench+1","Armaments+1","Barricade+1","Twin Strike","Barricade+1","Impervious","Body Slam","Entrench+1"],"special_seed":0,"relics":["Burning Blood","NeowsBlessing","Golden Idol","Ancient Tea Set","War Paint","Bronze Scales","Pen Nib","Runic Pyramid","Bag of Preparation","Nilry\u0027s Codex","Pear","Red Skull","Tiny House","Oddly Smooth Stone","Pocketwatch","Anchor","Whetstone","DollysMirror","Kunai"],"potions_floor_usage":[33,33,40,56],"damage_taken":[{"damage":0.0,"enemies":"Jaw Worm","floor":1.0,"turns":1.0},{"damage":0.0,"enemies":"Small Slimes","floor":3.0,"turns":2.0},{"damage":0.0,"enemies":"Gremlin Nob","floor":6.0,"turns":1.0},{"damage":20.0,"enemies":"3 Sentries","floor":8.0,"turns":10.0},{"damage":2.0,"enemies":"Lagavulin","floor":12.0,"turns":7.0},{"damage":10.0,"enemies":"2 Louse","floor":13.0,"turns":2.0},{"damage":6.0,"enemies":"Exordium Thugs","floor":14.0,"turns":4.0},{"damage":18.0,"enemies":"The Guardian","floor":16.0,"turns":17.0},{"damage":17.0,"enemies":"3 Byrds","floor":18.0,"turns":4.0},{"damage":0.0,"enemies":"Chosen","floor":19.0,"turns":2.0},{"damage":37.0,"enemies":"Gremlin Leader","floor":23.0,"turns":3.0},{"damage":0.0,"enemies":"Sentry and Sphere","floor":25.0,"turns":2.0},{"damage":11.0,"enemies":"Book of Stabbing","floor":28.0,"turns":4.0},{"damage":21.0,"enemies":"Shelled Parasite and Fungi","floor":30.0,"turns":4.0},{"damage":36,"enemies":"Collector","floor":33,"turns":8},{"damage":6,"enemies":"3 Darklings","floor":35,"turns":14},{"damage":13,"enemies":"3 Shapes","floor":38,"turns":8},{"damage":0,"enemies":"Reptomancer","floor":40,"turns":2},{"damage":0,"enemies":"Maw","floor":41,"turns":9},{"damage":0,"enemies":"3 Darklings","floor":44,"turns":12},{"damage":0,"enemies":"Jaw Worm Horde","floor":46,"turns":7},{"damage":36,"enemies":"Nemesis","floor":48,"turns":5},{"damage":25,"enemies":"Donu and Deca","floor":50,"turns":13},{"damage":24,"enemies":"Time Eater","floor":51,"turns":9},{"damage":26,"enemies":"Shield and Spear","floor":55,"turns":8},{"damage":82,"enemies":"The Heart","floor":56,"turns":9}],"seed_played":"-4187904898453243198","potions_obtained":[{"floor":1.0,"key":"GamblersBrew"},{"floor":12.0,"key":"BloodPotion"},{"floor":14.0,"key":"Fruit Juice"},{"floor":18.0,"key":"Swift Potion"},{"floor":19.0,"key":"Strength Potion"},{"floor":28.0,"key":"Strength Potion"},{"floor":34,"key":"FairyPotion"},{"floor":41,"key":"Weak Potion"},{"floor":48,"key":"SpeedPotion"}],"is_trial":false,"path_per_floor":["M","?","M","$","?","E","R","E","T","R","?","E","M","M","R","B",null,"M","M","$","?","$","E","R","M","T","R","E","$","M","?","R","B",null,"M","?","?","M","$","E","M","$","T","M","?","M","R","E","R","B","B",null,"R","$","E","B",null],"character_chosen":"IRONCLAD","items_purchased":["Fiend Fire","Bag of Preparation","Discovery","Entrench","Impervious","SmokeBomb","Oddly Smooth Stone","Pocketwatch","DollysMirror"],"campfire_rested":1,"item_purchase_floors":[4,20,29,29,39,39,42,42,54],"current_hp_per_floor":[74,48,54,54,72,75,75,61,61,61,38,42,45,50,50,38,70,59,65,65,44,44,23,50,56,56,56,51,51,39,39,39,9,77,77,77,77,74,74,80,86,86,86,96,96,106,106,76,76,57,39,92,92,92,72,17],"gold":98,"neow_bonus":"THREE_ENEMY_KILL","is_prod":false,"is_daily":false,"chose_seed":false,"campfire_upgraded":7,"win_rate":0,"timestamp":1552918566,"path_taken":["M","?","M","$","?","E","R","E","T","R","?","E","?","M","R","BOSS","M","M","$","?","?","E","R","M","T","R","E","$","M","?","R","BOSS","M","?","?","M","$","E","?","$","T","M","?","?","R","E","R","BOSS","BOSS","R","$","E","BOSS"],"build_version":"2019-01-23","purchased_purges":4,"victory":true,"max_hp_per_floor":[75,75,75,75,75,75,75,75,75,75,75,75,75,80,80,80,80,80,80,80,80,80,90,90,90,90,90,90,90,93,93,93,93,98,98,98,98,102,102,102,102,102,102,106,106,110,110,110,110,110,110,110,110,110,110,110],"card_choices":[{"not_picked":["Heavy Blade","Clash"],"picked":"Evolve","floor":1.0},{"not_picked":["Pummel","Headbutt"],"picked":"Ghostly Armor","floor":3.0},{"not_picked":["Sever Soul","Burning Pact"],"picked":"Shockwave","floor":6.0},{"not_picked":["Hemokinesis","Cleave"],"picked":"Shrug It Off","floor":8.0},{"not_picked":["Armaments","Wild Strike"],"picked":"Impervious","floor":12.0},{"not_picked":["Bloodletting","Headbutt","Rage"],"picked":"SKIP","floor":13.0},{"not_picked":["Wild Strike","Shockwave","Warcry"],"picked":"SKIP","floor":14.0},{"not_picked":["Limit Break","Brutality"],"picked":"Bludgeon","floor":16.0},{"not_picked":["Anger","Thunderclap"],"picked":"Second Wind+1","floor":18.0},{"not_picked":["Wild Strike","Corruption"],"picked":"Battle Trance","floor":19.0},{"not_picked":["Blood for Blood+1","Rage"],"picked":"Armaments+1","floor":23.0},{"not_picked":["Sever Soul","Cleave","Flex"],"picked":"SKIP","floor":25.0},{"not_picked":["Thunderclap","Havoc"],"picked":"Feed","floor":28.0},{"not_picked":["Pommel Strike","Blood for Blood"],"picked":"Armaments+1","floor":30.0},{"not_picked":["Dark Embrace","Feed"],"picked":"Barricade","floor":33},{"not_picked":["Cleave+1","Havoc","Combust"],"picked":"SKIP","floor":35},{"not_picked":["Sword Boomerang","Pommel Strike","Carnage"],"picked":"SKIP","floor":38},{"not_picked":["Pummel","Shrug It Off","Anger"],"picked":"SKIP","floor":41},{"not_picked":["Shrug It Off","Brutality","Iron Wave+1"],"picked":"SKIP","floor":44},{"not_picked":["Spot Weakness","Reckless Charge+1","Wild Strike"],"picked":"SKIP","floor":46},{"not_picked":["True Grit","Offering"],"picked":"Body Slam","floor":48},{"not_picked":["Corruption","Warcry","Pummel"],"picked":"SKIP","floor":55}],"player_experience":2362742,"relics_obtained":[{"floor":6.0,"key":"Ancient Tea Set"},{"floor":8.0,"key":"War Paint"},{"floor":9.0,"key":"Bronze Scales"},{"floor":12.0,"key":"Pen Nib"},{"floor":21.0,"key":"Nilry\u0027s Codex"},{"floor":23.0,"key":"Pear"},{"floor":28.0,"key":"Red Skull"},{"floor":43,"key":"Anchor"},{"floor":48,"key":"Whetstone"},{"floor":55,"key":"Kunai"}],"event_choices":[{"damage_healed":0.0,"max_hp_gain":0.0,"max_hp_loss":0.0,"gold_gain":0.0,"event_name":"Golden Idol","player_choice":"Take Damage","floor":2.0,"gold_loss":0.0,"damage_taken":26.0,"relics_obtained":["Golden Idol"]},{"damage_healed":18.0,"max_hp_gain":0.0,"max_hp_loss":0.0,"gold_gain":0.0,"event_name":"The Cleric","player_choice":"Healed","floor":5.0,"gold_loss":35.0,"damage_taken":0.0},{"damage_healed":0.0,"max_hp_gain":0.0,"max_hp_loss":0.0,"gold_gain":0.0,"event_name":"Shining Light","player_choice":"Entered Light","floor":11.0,"gold_loss":0.0,"damage_taken":23.0,"cards_upgraded":["Defend_R","Strike_R"]},{"damage_healed":0.0,"max_hp_gain":0.0,"max_hp_loss":0.0,"gold_gain":0.0,"event_name":"Cursed Tome","player_choice":"Obtained Book","floor":21.0,"gold_loss":0.0,"damage_taken":21.0},{"damage_healed":0.0,"max_hp_gain":0.0,"max_hp_loss":0.0,"gold_gain":0.0,"cards_transformed":["Strike_R","Strike_R"],"event_name":"Drug Dealer","player_choice":"Became Test Subject","floor":31.0,"gold_loss":0.0,"damage_taken":0.0,"cards_obtained":["Barricade","Twin Strike"]},{"damage_healed":0,"gold_gain":999,"player_choice":"Gold","damage_taken":0,"max_hp_gain":0,"max_hp_loss":0,"event_name":"MindBloom","floor":36,"gold_loss":0,"cards_obtained":["Normality","Normality"]},{"damage_healed":0,"gold_gain":0,"player_choice":"Upgraded","damage_taken":0,"max_hp_gain":0,"max_hp_loss":0,"event_name":"Upgrade Shrine","floor":37,"gold_loss":0,"cards_upgraded":["Barricade"]},{"damage_healed":0,"gold_gain":0,"player_choice":"0 cards matched","damage_taken":0,"max_hp_gain":0,"max_hp_loss":0,"event_name":"Match and Keep!","floor":45,"gold_loss":0,"cards_obtained":[]}],"is_beta":false,"boss_relics":[{"not_picked":["Lizard Tail","Runic Cube"],"picked":"Runic Pyramid"},{"not_picked":["Orrery","Black Blood"],"picked":"Tiny House"}],"items_purged_floors":[20,39,42,54],"is_endless":false,"potions_floor_spawned":[1,12,14,18,19,28,41,48],"ascension_level":20}