{"gold_per_floor":[110,33,33,183,183,210,210,241,241,256,284,284,284,315,315,392,392,404,404,24,34,34,34,34,52,75,102,102,113,113,133,133,207,207,226,1225,1225,1245,898,898,929,929,929,502,502,502,513,548,548,548,548,548,548,34,69,69],"floor_reached":56,"playtime":2278,"items_purged":["Normality","Normality"],"score":2225,"play_id":"efaf8265-36cd-466e-92b0-e3e395478b38","local_time":"20190331221109","is_ascension_mode":true,"campfire_choices":[{"data":"Consume","floor":7.0,"key":"SMITH"},{"data":"Darkness","floor":13.0,"key":"SMITH"},{"data":"Loop","floor":15.0,"key":"SMITH"},{"data":"Loop","floor":23.0,"key":"SMITH"},{"data":"Seek","floor":28.0,"key":"SMITH"},{"data":"Capacitor","floor":30.0,"key":"SMITH"},{"data":"Turbo","floor":32.0,"key":"SMITH"},{"data":"Biased Cognition","floor":40.0,"key":"SMITH"},{"floor":42.0,"key":"RECALL"},{"data":"White Noise","floor":46.0,"key":"SMITH"},{"data":"Dualcast","floor":49.0,"key":"SMITH"},{"data":"BootSequence","floor":53.0,"key":"SMITH"}],"neow_cost":"NONE","seed_source_timestamp":210542112563600,"circlet_count":0,"master_deck":["AscendersBane","Defend_B","Defend_B","Defend_B","Defend_B","Zap","Dualcast+1","Consume+1","Self Repair","Darkness+1","Loop+1","Seek+1","Cold Snap","Capacitor+1","Glacier","Loop+1","Rainbow","Multi-Cast","Turbo+1","BootSequence+1","Biased Cognition+1","Cold Snap+1","White Noise+1","Cold Snap","Leap+1","Master of Strategy"],"special_seed":0,"relics":["Cracked Core","NeowsBlessing","Dead Branch","PreservedInsect","Ginger","Blue Candle","Nuclear Battery","Anchor","ClockworkSouvenir","Pen Nib","Potion Belt","Empty Cage","Medical Kit","Pear","Omamori","Vajra","Pantograph","Strawberry"],"potions_floor_usage":[56,56,56,56],"damage_taken":[{"damage":0.0,"enemies":"Cultist","floor":1.0,"turns":1.0},{"damage":0.0,"enemies":"Gremlin Nob","floor":6.0,"turns":1.0},{"damage":0.0,"enemies":"Lagavulin","floor":8.0,"turns":1.0},{"damage":5.0,"enemies":"Small Slimes","floor":10.0,"turns":4.0},{"damage":14.0,"enemies":"Gremlin Nob","floor":11.0,"turns":3.0},{"damage":0.0,"enemies":"Lagavulin","floor":14.0,"turns":4.0},{"damage":28.0,"enemies":"Slime Boss","floor":16.0,"turns":4.0},{"damage":7.0,"enemies":"Chosen","floor":18.0,"turns":4.0},{"damage":10.0,"enemies":"3 Byrds","floor":21.0,"turns":7.0},{"damage":16.0,"enemies":"Snake Plant","floor":25.0,"turns":3.0},{"damage":13.0,"enemies":"Centurion and Healer","floor":29.0,"turns":11.0},{"damage":0.0,"enemies":"Snecko","floor":31.0,"turns":3.0},{"damage":19.0,"enemies":"Automaton","floor":33.0,"turns":16.0},{"damage":7.0,"enemies":"Orb Walker","floor":35.0,"turns":4.0},{"damage":17.0,"enemies":"3 Shapes","floor":38.0,"turns":5.0},{"damage":6.0,"enemies":"Reptomancer","floor":41.0,"turns":5.0},{"damage":0.0,"enemies":"Writhing Mass","floor":47.0,"turns":5.0},{"damage":0.0,"enemies":"Giant Head","floor":48.0,"turns":7.0},{"damage":0.0,"enemies":"Awakened One","floor":50.0,"turns":17.0},{"damage":17.0,"enemies":"Time Eater","floor":51.0,"turns":6.0},{"damage":0.0,"enemies":"Shield and Spear","floor":55.0,"turns":7.0},{"damage":80,"enemies":"The Heart","floor":56,"turns":11}],"seed_played":"-3679924623083386147","potions_obtained":[{"floor":1.0,"key":"SneckoOil"},{"floor":10.0,"key":"GamblersBrew"},{"floor":11.0,"key":"Block Potion"},{"floor":14.0,"key":"AttackPotion"},{"floor":21.0,"key":"Fire Potion"},{"floor":31.0,"key":"Dexterity Potion"},{"floor":41.0,"key":"SpeedPotion"},{"floor":48.0,"key":"Ancient Potion"}],"is_trial":false,"path_per_floor":["M","$","$","?","?","E","R","E","T","M","E","?","R","E","R","B",null,"M","?","$","M","?","R","?","M","T","T","R","M","R","M","R","B",null,"M","?","?","M","$","R","E","R","T","$","?","R","M","E","R","B","B",null,"R","$","E","B"],"character_chosen":"DEFECT","items_purchased":["Self Repair","Capacitor","Glacier","ClockworkSouvenir","Medical Kit","Swift Potion","Omamori","Swift Potion","Swift Potion","Cold Snap","Energy Potion","Master of Strategy","Pantograph"],"campfire_rested":0,"item_purchase_floors":[2,20,20,20,39,39,44,44,44,44,54,54,54],"current_hp_per_floor":[64,64,64,64,64,71,71,71,71,71,57,57,57,57,57,36,62,62,62,62,59,59,59,59,50,50,50,50,44,44,51,51,39,63,63,63,63,53,53,53,54,54,64,64,64,64,71,77,77,77,74,76,76,76,84,4],"gold":69,"neow_bonus":"THREE_ENEMY_KILL","is_prod":false,"is_daily":false,"chose_seed":false,"campfire_upgraded":11,"win_rate":0,"timestamp":1554037869,"path_taken":["M","?","$","?","?","E","R","E","T","M","E","?","R","E","R","BOSS","M","?","$","M","?","R","?","M","T","?","R","M","R","M","R","BOSS","M","?","?","M","?","R","E","R","T","$","?","R","M","E","R","BOSS","BOSS","R","$","E","BOSS"],"build_version":"2019-01-23","purchased_purges":2,"victory":false,"max_hp_per_floor":[71,71,71,71,71,71,71,71,71,71,71,71,71,71,71,71,71,71,71,71,71,71,71,71,71,71,71,71,71,71,71,71,71,71,71,71,71,71,71,71,71,71,81,81,77,77,77,77,77,77,77,77,77,77,84,84],"card_choices":[{"not_picked":["White Noise","Redo"],"picked":"Consume","floor":1.0},{"not_picked":["Skim","Streamline","Conserve Battery"],"picked":"SKIP","floor":6.0},{"not_picked":["Gash","Streamline"],"picked":"Darkness","floor":8.0},{"not_picked":["FTL","Compile Driver","Auto Shields"],"picked":"SKIP","floor":10.0},{"not_picked":["Streamline","Heatsinks","Aggregate"],"picked":"SKIP","floor":11.0},{"not_picked":["Stack","Darkness"],"picked":"Loop","floor":14.0},{"not_picked":["Rainbow","Biased Cognition"],"picked":"Seek","floor":16.0},{"not_picked":["Aggregate","Streamline"],"picked":"Cold Snap","floor":18.0},{"not_picked":["Sweeping Beam","Undo"],"picked":"Loop","floor":21.0},{"not_picked":["Ball Lightning","Hologram"],"picked":"Turbo","floor":25.0},{"not_picked":["Gash","Doom and Gloom","Meteor Strike"],"picked":"SKIP","floor":29.0},{"not_picked":["Ball Lightning+1","Rebound"],"picked":"BootSequence","floor":31.0},{"not_picked":["Fission","Machine Learning"],"picked":"Biased Cognition","floor":33.0},{"not_picked":["Steam","Hello World","Consume"],"picked":"SKIP","floor":35.0},{"not_picked":["Sweeping Beam","Scrape"],"picked":"Cold Snap+1","floor":38.0},{"not_picked":["Steam","Stack"],"picked":"White Noise","floor":41.0},{"not_picked":["Ball Lightning","Go for the Eyes+1"],"picked":"Leap+1","floor":47.0},{"not_picked":["Fusion","Melter","Reprogram"],"picked":"SKIP","floor":48.0},{"not_picked":["Scrape","Fusion","Reinforced Body"],"picked":"SKIP","floor":55.0}],"player_experience":2788473,"relics_obtained":[{"floor":6.0,"key":"Dead Branch"},{"floor":8.0,"key":"PreservedInsect"},{"floor":11.0,"key":"Ginger"},{"floor":14.0,"key":"Blue Candle"},{"floor":26.0,"key":"Pen Nib"},{"floor":27.0,"key":"Potion Belt"},{"floor":43.0,"key":"Pear"},{"floor":48.0,"key":"Vajra"},{"floor":55.0,"key":"Strawberry"}],"event_choices":[{"damage_healed":0.0,"max_hp_gain":0.0,"max_hp_loss":0.0,"gold_gain":150.0,"event_name":"Liars Game","player_choice":"AGREE","floor":4.0,"gold_loss":0.0,"damage_taken":0.0,"cards_obtained":["Doubt"]},{"cards_removed":["Doubt"],"damage_healed":0.0,"max_hp_gain":0.0,"max_hp_loss":0.0,"gold_gain":0.0,"event_name":"Living Wall","player_choice":"Forget","floor":5.0,"gold_loss":0.0,"damage_taken":0.0},{"cards_removed":["Strike_B"],"damage_healed":0.0,"max_hp_gain":0.0,"max_hp_loss":0.0,"gold_gain":0.0,"event_name":"Purifier","player_choice":"Purged","floor":12.0,"gold_loss":0.0,"damage_taken":0.0},{"damage_healed":0.0,"max_hp_gain":0.0,"max_hp_loss":0.0,"gold_gain":0.0,"event_name":"The Mausoleum","player_choice":"Opened","floor":19.0,"gold_loss":0.0,"damage_taken":0.0,"relics_obtained":["Anchor"],"cards_obtained":["Writhe"]},{"damage_healed":0.0,"max_hp_gain":0.0,"max_hp_loss":0.0,"gold_gain":0.0,"cards_transformed":["Strike_B","Strike_B"],"event_name":"Drug Dealer","player_choice":"Became Test Subject","floor":22.0,"gold_loss":0.0,"damage_taken":0.0,"cards_obtained":["Rainbow","Multi-Cast"]},{"damage_healed":0.0,"max_hp_gain":0.0,"max_hp_loss":0.0,"gold_gain":0.0,"event_name":"Beggar","player_choice":"Ignored","floor":24.0,"gold_loss":0.0,"damage_taken":0.0},{"damage_healed":0.0,"max_hp_gain":0.0,"max_hp_loss":0.0,"gold_gain":999.0,"event_name":"MindBloom","player_choice":"Gold","floor":36.0,"gold_loss":0.0,"damage_taken":0.0,"cards_obtained":["Normality","Normality"]},{"damage_healed":0.0,"max_hp_gain":0.0,"max_hp_loss":0.0,"gold_gain":0.0,"event_name":"Mysterious Sphere","player_choice":"Ignored","floor":37.0,"gold_loss":0.0,"damage_taken":0.0},{"damage_healed":0.0,"max_hp_gain":0.0,"max_hp_loss":4.0,"gold_gain":0.0,"event_name":"Winding Halls","player_choice":"Max HP","floor":45.0,"gold_loss":0.0,"damage_taken":0.0}],"is_beta":false,"boss_relics":[{"not_picked":["Eternal Feather","Ectoplasm"],"picked":"Nuclear Battery"},{"not_picked":["Runic Pyramid","Tiny House"],"picked":"Empty Cage"}],"items_purged_floors":[39,44],"is_endless":false,"potions_floor_spawned":[1,10,11,14,21,31,41,48],"killed_by":"The Heart","ascension_level":20}