{"gold_per_floor":[110,110,185,200,214,214,228,259,308,35,60,60,60,60,60,60],"floor_reached":16,"playtime":608,"items_purged":["Injury"],"score":158,"play_id":"b157af44-84d4-4127-b3e9-d0cc44d417a3","local_time":"20181125181018","is_ascension_mode":true,"campfire_choices":[{"floor":6,"key":"REST"},{"floor":12,"key":"REST"},{"floor":15,"key":"REST"}],"neow_cost":"NONE","seed_source_timestamp":106563240087999,"circlet_count":0,"master_deck":["AscendersBane","Strike_B","Strike_B","Strike_B","Strike_B","Defend_B","Defend_B","Defend_B","Defend_B","Zap","Dualcast","Trip","Force Field","Conserve Battery","Melter","Static Discharge","Barrage","Heatsinks","Static Discharge"],"relics":["Cracked Core","Golden Idol","Odd Mushroom","Juzu Bracelet"],"potions_floor_usage":[7,11,11],"damage_taken":[{"damage":5,"enemies":"Small Slimes","floor":1,"turns":3},{"damage":1,"enemies":"2 Louse","floor":4,"turns":3},{"damage":6,"enemies":"Jaw Worm","floor":5,"turns":4},{"damage":27,"enemies":"Exordium Wildlife","floor":7,"turns":4},{"damage":33,"enemies":"The Mushroom Lair","floor":8,"turns":6},{"damage":6,"enemies":"3 Louse","floor":11,"turns":3},{"damage":48,"enemies":"The Guardian","floor":16,"turns":6}],"seed_played":"-7445545967930848192","potions_obtained":[{"floor":4,"key":"AttackPotion"},{"floor":8,"key":"Weak Potion"}],"is_trial":false,"path_per_floor":["M","?","?","M","M","R","M","?","T","$","M","R","$","?","R","B"],"character_chosen":"DEFECT","items_purchased":["Regen Potion","AttackPotion","Heatsinks"],"campfire_rested":3,"item_purchase_floors":[10,10,10],"current_hp_per_floor":[59,59,48,47,41,62,35,2,2,2,5,26,26,26,47,0],"gold":60,"neow_bonus":"RANDOM_COLORLESS","is_prod":false,"is_daily":false,"chose_seed":false,"campfire_upgraded":0,"win_rate":0,"timestamp":1543162218,"path_taken":["M","?","?","M","M","R","?","?","T","$","M","R","?","?","R","BOSS"],"build_version":"2018-11-15","purchased_purges":1,"victory":false,"max_hp_per_floor":[71,71,71,71,71,71,71,71,71,71,71,71,71,71,71,71],"card_choices":[{"not_picked":["Compile Driver","Lockon"],"picked":"Force Field","floor":1},{"not_picked":["Skim","Streamline"],"picked":"Conserve Battery","floor":4},{"not_picked":["Steam","Heatsinks"],"picked":"Melter","floor":5},{"not_picked":["Steam Power","Streamline"],"picked":"Static Discharge","floor":7},{"not_picked":["Consume","Rebound"],"picked":"Barrage","floor":8},{"not_picked":["Hologram","Turbo"],"picked":"Static Discharge","floor":11}],"player_experience":785559,"relics_obtained":[{"floor":8,"key":"Odd Mushroom"},{"floor":9,"key":"Juzu Bracelet"}],"event_choices":[{"damage_healed":0,"gold_gain":0,"player_choice":"Take Wound","damage_taken":0,"relics_obtained":["Golden Idol"],"max_hp_gain":0,"max_hp_loss":0,"event_name":"Golden Idol","floor":2,"gold_loss":0,"cards_obtained":["Injury"]},{"damage_healed":0,"gold_gain":75,"player_choice":"Gather Gold","damage_taken":11,"max_hp_gain":0,"max_hp_loss":0,"event_name":"World of Goop","floor":3,"gold_loss":0},{"damage_healed":0,"gold_gain":0,"player_choice":"Fought Mushrooms","damage_taken":0,"max_hp_gain":0,"max_hp_loss":0,"event_name":"Mushrooms","floor":8,"gold_loss":0},{"damage_healed":0,"gold_gain":0,"player_choice":"Searched \u00270\u0027 times","damage_taken":0,"max_hp_gain":0,"max_hp_loss":0,"event_name":"Dead Adventurer","floor":14,"gold_loss":0}],"is_beta":false,"boss_relics":[],"items_purged_floors":[10],"is_endless":false,"potions_floor_spawned":[4,8],"killed_by":"The Guardian","ascension_level":15}