{"gold_per_floor":[116,116,116,116,131,163,188,188,188,188,263,263,293,306,306,380,380,396,321,321,339,66,66,83,83,83,94,109,109],"floor_reached":29,"playtime":659,"items_purged":[],"score":612,"play_id":"38154a2d-6f56-4487-bca7-dd5dbc5592a6","local_time":"20190412124235","is_ascension_mode":true,"campfire_choices":[{"data":"Whirlwind","floor":8,"key":"SMITH"},{"data":"Demon Form","floor":10,"key":"SMITH"},{"data":"Bash","floor":15,"key":"SMITH"},{"data":"Fiend Fire","floor":23,"key":"SMITH"},{"data":"Uppercut","floor":25,"key":"SMITH"}],"neow_cost":"NONE","seed_source_timestamp":3785791743400,"circlet_count":0,"master_deck":["AscendersBane","Strike_R","Strike_R+1","Strike_R+1","Defend_R","Defend_R","Defend_R","Defend_R","Bash+1","Demon Form+1","Whirlwind+1","Seeing Red","Fiend Fire+1","Uppercut+1","Second Wind"],"relics":["Burning Blood","NeowsBlessing","Art of War","Odd Mushroom","Anchor","Whetstone","Singing Bowl","Snecko Eye","Bottled Tornado","Nunchaku"],"potions_floor_usage":[],"damage_taken":[{"damage":0,"enemies":"Small Slimes","floor":1,"turns":1},{"damage":1,"enemies":"2 Louse","floor":5,"turns":2},{"damage":0,"enemies":"Gremlin Nob","floor":6,"turns":1},{"damage":12,"enemies":"The Mushroom Lair","floor":7,"turns":2},{"damage":15,"enemies":"Lagavulin","floor":13,"turns":5},{"damage":1,"enemies":"Cultist","floor":14,"turns":3},{"damage":0,"enemies":"Slime Boss","floor":16,"turns":7},{"damage":2,"enemies":"3 Byrds","floor":18,"turns":3},{"damage":5,"enemies":"Shell Parasite","floor":21,"turns":2},{"damage":12,"enemies":"Snake Plant","floor":24,"turns":3},{"damage":27,"enemies":"Shelled Parasite and Fungi","floor":27,"turns":4},{"damage":11,"enemies":"Centurion and Healer","floor":28,"turns":5},{"damage":14,"enemies":"Slavers","floor":29,"turns":2}],"seed_played":"5010154029253685593","potions_obtained":[{"floor":13,"key":"Ancient Potion"},{"floor":16,"key":"LiquidBronze"}],"is_trial":false,"path_per_floor":["M","?","$","?","M","E","?","R","T","R","?","T","E","M","R","B",null,"M","?","?","M","$","R","M","R","T","M","M","E"],"character_chosen":"IRONCLAD","items_purchased":["Bottled Tornado"],"campfire_rested":0,"item_purchase_floors":[22],"current_hp_per_floor":[74,74,74,74,75,75,69,69,69,69,58,58,51,56,56,62,73,77,77,55,56,56,56,52,52,52,33,30,16],"gold":109,"neow_bonus":"THREE_ENEMY_KILL","is_prod":false,"is_daily":false,"chose_seed":false,"campfire_upgraded":5,"win_rate":0,"timestamp":1555040555,"path_taken":["M","?","$","?","?","E","?","R","T","R","?","?","E","M","R","BOSS","M","?","?","M","?","R","M","R","T","M","?","E"],"build_version":"2019-01-23","purchased_purges":0,"victory":false,"max_hp_per_floor":[75,75,75,75,75,75,75,75,75,75,75,75,77,77,77,77,77,77,77,82,82,82,82,84,84,84,86,88,88],"card_choices":[{"not_picked":["Clash","Warcry","Heavy Blade"],"picked":"SKIP","floor":1},{"not_picked":["Shockwave","Body Slam"],"picked":"Whirlwind","floor":5},{"not_picked":["Reckless Charge","Dual Wield","Bludgeon"],"picked":"SKIP","floor":6},{"not_picked":["Sword Boomerang","Dropkick","Heavy Blade"],"picked":"Singing Bowl","floor":13},{"not_picked":["Carnage","Cleave"],"picked":"Seeing Red","floor":14},{"not_picked":["Dark Embrace","Limit Break"],"picked":"Fiend Fire","floor":16},{"not_picked":["Thunderclap","Iron Wave"],"picked":"Uppercut","floor":18},{"not_picked":["Pommel Strike","Twin Strike"],"picked":"Second Wind","floor":21},{"not_picked":["Perfected Strike","Clothesline","Cleave+1"],"picked":"Singing Bowl","floor":24},{"not_picked":["Headbutt","Fiend Fire","Shrug It Off"],"picked":"Singing Bowl","floor":27},{"not_picked":["Battle Trance","Havoc","Intimidate"],"picked":"Singing Bowl","floor":28}],"player_experience":3071595,"relics_obtained":[{"floor":6,"key":"Art of War"},{"floor":7,"key":"Odd Mushroom"},{"floor":9,"key":"Anchor"},{"floor":12,"key":"Whetstone"},{"floor":13,"key":"Singing Bowl"},{"floor":26,"key":"Nunchaku"}],"event_choices":[{"damage_healed":0,"gold_gain":0,"cards_transformed":["Strike_R"],"player_choice":"Change","damage_taken":0,"max_hp_gain":0,"max_hp_loss":0,"event_name":"Living Wall","floor":2,"gold_loss":0,"cards_obtained":["Havoc"]},{"damage_healed":0,"gold_gain":0,"cards_transformed":["Havoc"],"player_choice":"Transformed","damage_taken":0,"max_hp_gain":0,"max_hp_loss":0,"event_name":"Transmorgrifier","floor":4,"gold_loss":0,"cards_obtained":["Demon Form"]},{"damage_healed":0,"gold_gain":0,"player_choice":"Fought Mushrooms","damage_taken":0,"max_hp_gain":0,"max_hp_loss":0,"event_name":"Mushrooms","floor":7,"gold_loss":0},{"damage_healed":0,"gold_gain":75,"player_choice":"Gather Gold","damage_taken":11,"max_hp_gain":0,"max_hp_loss":0,"event_name":"World of Goop","floor":11,"gold_loss":0},{"cards_removed":["Strike_R"],"damage_healed":0,"gold_gain":0,"player_choice":"Gave Gold","damage_taken":0,"max_hp_gain":0,"max_hp_loss":0,"event_name":"Beggar","floor":19,"gold_loss":75},{"damage_healed":0,"gold_gain":0,"player_choice":"Shed Blood","damage_taken":27,"max_hp_gain":5,"max_hp_loss":0,"event_name":"Forgotten Altar","floor":20,"gold_loss":0}],"is_beta":false,"boss_relics":[{"not_picked":["Sozu","Ectoplasm"],"picked":"Snecko Eye"}],"items_purged_floors":[],"is_endless":false,"potions_floor_spawned":[13,16,18],"killed_by":"Slavers","ascension_level":20}