{"gold_per_floor":[112,112,128,154,154,154,188,188,238,274,298,336,359,359,359,453,453,467,517,517,41,55,55,93,114,114,157,157,181,195,195,195,288,288,309,324,324,339,354,354],"floor_reached":40,"playtime":1494,"items_purged":["Strike_R"],"score":992,"play_id":"53268605-3601-40a2-aed0-f9d5699b1c13","local_time":"20190309145707","is_ascension_mode":true,"campfire_choices":[{"data":"Bash","floor":6.0,"key":"SMITH"},{"data":"Demon Form","floor":8.0,"key":"SMITH"},{"data":"Shrug It Off","floor":15.0,"key":"SMITH"},{"data":"Immolate","floor":23.0,"key":"SMITH"},{"data":"True Grit","floor":28.0,"key":"SMITH"},{"floor":32.0,"key":"REST"}],"neow_cost":"NONE","seed_source_timestamp":15755186018600,"circlet_count":0,"master_deck":["AscendersBane","Defend_R","Defend_R+1","Defend_R+1","Defend_R","Bash+1","Flame Barrier+1","Corruption+1","Demon Form+1","Shrug It Off+1","Immolate+1","Metallicize+1","Battle Trance","Limit Break","Evolve","Heavy Blade+1","True Grit+1","Second Wind","Ghostly Armor","Entrench","Offering","Cleave+1","Dual Wield+1","Anger+1","Whirlwind","Power Through","True Grit"],"special_seed":0,"relics":["Burning Blood","NeowsBlessing","Golden Idol","Bag of Preparation","PreservedInsect","War Paint","Mummified Hand","Vajra","Black Star","Blood Vial","Bronze Scales","Happy Flower","Anchor","Sundial","Bottled Flame","Nilry\u0027s Codex","Astrolabe"],"potions_floor_usage":[33,33],"damage_taken":[{"damage":0.0,"enemies":"Cultist","floor":1.0,"turns":1.0},{"damage":0.0,"enemies":"Jaw Worm","floor":3.0,"turns":1.0},{"damage":0.0,"enemies":"3 Sentries","floor":7.0,"turns":2.0},{"damage":3.0,"enemies":"Lagavulin","floor":10.0,"turns":5.0},{"damage":0.0,"enemies":"Small Slimes","floor":11.0,"turns":4.0},{"damage":32.0,"enemies":"3 Sentries","floor":12.0,"turns":10.0},{"damage":0.0,"enemies":"Exordium Wildlife","floor":13.0,"turns":4.0},{"damage":1.0,"enemies":"Hexaghost","floor":16.0,"turns":8.0},{"damage":6.0,"enemies":"2 Thieves","floor":18.0,"turns":4.0},{"damage":1.0,"enemies":"Chosen","floor":22.0,"turns":5.0},{"damage":35.0,"enemies":"Gremlin Leader","floor":24.0,"turns":6.0},{"damage":0.0,"enemies":"Sentry and Sphere","floor":25.0,"turns":4.0},{"damage":26.0,"enemies":"Slavers","floor":27.0,"turns":5.0},{"damage":1.0,"enemies":"Centurion and Healer","floor":29.0,"turns":6.0},{"damage":0.0,"enemies":"Snake Plant","floor":30.0,"turns":2.0},{"damage":33,"enemies":"Automaton","floor":33,"turns":7},{"damage":6,"enemies":"Orb Walker","floor":35,"turns":3},{"damage":6,"enemies":"3 Darklings","floor":36,"turns":5},{"damage":19,"enemies":"Transient","floor":38,"turns":6},{"damage":21,"enemies":"Sphere and 2 Shapes","floor":39,"turns":4},{"damage":16,"enemies":"Giant Head","floor":40,"turns":5}],"seed_played":"4205808064203397346","potions_obtained":[{"floor":1.0,"key":"SkillPotion"},{"floor":3.0,"key":"SpeedPotion"},{"floor":12.0,"key":"Fire Potion"},{"floor":24.0,"key":"Poison Potion"},{"floor":27.0,"key":"Swift Potion"},{"floor":30.0,"key":"SkillPotion"},{"floor":36,"key":"SteroidPotion"}],"is_trial":false,"path_per_floor":["M","?","M","T","?","R","E","R","T","E","M","E","M","?","R","B",null,"M","?","?","$","M","R","E","M","T","E","R","M","M","?","R","B",null,"M","M","?","M","M","E"],"character_chosen":"IRONCLAD","items_purchased":["Limit Break","Evolve","Blood Vial","Energy Potion"],"campfire_rested":1,"item_purchase_floors":[21,21,21,21],"current_hp_per_floor":[74,48,54,54,47,47,53,53,53,56,62,36,42,19,19,24,62,62,62,62,62,69,69,42,50,50,32,32,39,47,26,48,23,62,64,66,66,55,42,28],"gold":354,"neow_bonus":"THREE_ENEMY_KILL","is_prod":false,"is_daily":false,"chose_seed":false,"campfire_upgraded":5,"win_rate":0,"timestamp":1552111027,"path_taken":["M","?","M","?","?","R","E","R","T","E","M","E","?","?","R","BOSS","M","?","?","$","M","R","E","M","T","E","R","M","M","?","R","BOSS","M","M","?","M","M","E"],"build_version":"2019-01-23","purchased_purges":1,"victory":false,"max_hp_per_floor":[75,75,75,75,75,75,75,75,75,75,75,75,75,75,75,75,75,75,75,75,75,75,75,75,75,75,75,75,75,75,75,75,75,75,75,75,71,71,71,71],"card_choices":[{"not_picked":["Clash","Body Slam"],"picked":"Flame Barrier","floor":1.0},{"not_picked":["Uppercut","Clothesline"],"picked":"Corruption","floor":3.0},{"not_picked":["Perfected Strike","Thunderclap"],"picked":"Demon Form","floor":7.0},{"not_picked":["Uppercut","Wild Strike"],"picked":"Shrug It Off","floor":10.0},{"not_picked":["Thunderclap","Cleave","Spot Weakness"],"picked":"SKIP","floor":11.0},{"not_picked":["Searing Blow","Iron Wave","Warcry"],"picked":"SKIP","floor":12.0},{"not_picked":["Searing Blow","Iron Wave","Warcry"],"picked":"SKIP","floor":12.0},{"not_picked":["Warcry","Cleave","Anger"],"picked":"SKIP","floor":13.0},{"not_picked":["Berserk","Limit Break"],"picked":"Immolate","floor":16.0},{"not_picked":["Carnage","Spot Weakness+1"],"picked":"Metallicize+1","floor":18.0},{"not_picked":["Iron Wave+1","Headbutt"],"picked":"Heavy Blade+1","floor":22.0},{"not_picked":["Iron Wave","Anger"],"picked":"True Grit","floor":24.0},{"not_picked":["Carnage","Clash","Metallicize"],"picked":"SKIP","floor":25.0},{"not_picked":["Uppercut","Headbutt+1"],"picked":"Second Wind","floor":27.0},{"not_picked":["Cleave","Dark Embrace"],"picked":"Ghostly Armor","floor":29.0},{"not_picked":["True Grit","Cleave"],"picked":"Entrench","floor":30.0},{"not_picked":["Immolate","Juggernaut"],"picked":"Offering","floor":33},{"not_picked":["Anger","Wild Strike+1","Infernal Blade"],"picked":"SKIP","floor":35},{"not_picked":["Cleave+1","Intimidate"],"picked":"Whirlwind","floor":36},{"not_picked":["Dropkick","Cleave"],"picked":"Power Through","floor":38},{"not_picked":["Combust","Anger"],"picked":"True Grit","floor":39}],"player_experience":2089431,"relics_obtained":[{"floor":4.0,"key":"Bag of Preparation"},{"floor":7.0,"key":"PreservedInsect"},{"floor":9.0,"key":"War Paint"},{"floor":10.0,"key":"Mummified Hand"},{"floor":12.0,"key":"Vajra"},{"floor":24.0,"key":"Bronze Scales"},{"floor":24.0,"key":"Happy Flower"},{"floor":26.0,"key":"Anchor"},{"floor":27.0,"key":"Sundial"},{"floor":27.0,"key":"Bottled Flame"},{"floor":31.0,"key":"Nilry\u0027s Codex"}],"event_choices":[{"damage_healed":0.0,"max_hp_gain":0.0,"max_hp_loss":0.0,"gold_gain":0.0,"event_name":"Golden Idol","player_choice":"Take Damage","floor":2.0,"gold_loss":0.0,"damage_taken":26.0,"relics_obtained":["Golden Idol"]},{"cards_removed":["Strike_R"],"damage_healed":0.0,"max_hp_gain":0.0,"max_hp_loss":0.0,"gold_gain":0.0,"event_name":"Golden Wing","player_choice":"Card Removal","floor":5.0,"gold_loss":0.0,"damage_taken":7.0},{"damage_healed":0.0,"max_hp_gain":0.0,"max_hp_loss":0.0,"gold_gain":0.0,"event_name":"Shining Light","player_choice":"Entered Light","floor":14.0,"gold_loss":0.0,"damage_taken":23.0,"cards_upgraded":["Flame Barrier","Corruption"]},{"damage_healed":0.0,"max_hp_gain":0.0,"max_hp_loss":0.0,"gold_gain":50.0,"event_name":"Nest","player_choice":"Stole From Cult","floor":19.0,"gold_loss":0.0,"damage_taken":0.0},{"damage_healed":0.0,"max_hp_gain":0.0,"max_hp_loss":0.0,"gold_gain":0.0,"event_name":"The Library","player_choice":"Read","floor":20.0,"gold_loss":0.0,"damage_taken":0.0,"cards_obtained":["Battle Trance"]},{"damage_healed":0.0,"max_hp_gain":0.0,"max_hp_loss":0.0,"gold_gain":0.0,"event_name":"Cursed Tome","player_choice":"Obtained Book","floor":31.0,"gold_loss":0.0,"damage_taken":21.0},{"damage_healed":0,"gold_gain":0,"player_choice":"Max HP","damage_taken":0,"max_hp_gain":0,"max_hp_loss":4,"event_name":"Winding Halls","floor":37,"gold_loss":0}],"is_beta":false,"boss_relics":[{"not_picked":["Tiny House","Runic Cube"],"picked":"Black Star"},{"not_picked":["Runic Dome","Black Blood"],"picked":"Astrolabe"}],"items_purged_floors":[21],"is_endless":false,"potions_floor_spawned":[1,3,12,16,22,24,27,29,30,36],"killed_by":"Giant Head","ascension_level":20}