{"gold_per_floor":[16,31,49,49,67,94,94,121,166,199,199,199,199,211,211,285,285,303,313,313,323,248,248,282,282,282,33,33,33,33,61,73,161,173,197,209,231,243],"floor_reached":38,"playtime":1426,"items_purged":["Defend_B"],"score":885,"play_id":"5244bda2-dd1e-4c07-8184-7e8e7f2540d6","local_time":"20190219111948","is_ascension_mode":true,"campfire_choices":[{"data":"Dualcast","floor":7,"key":"SMITH"},{"data":"Streamline","floor":11,"key":"SMITH"},{"data":"Tempest","floor":15,"key":"SMITH"},{"data":"Sunder","floor":23,"key":"SMITH"},{"floor":25,"key":"REST"},{"data":"Creative AI","floor":28,"key":"SMITH"},{"data":"Creative AI","floor":30,"key":"SMITH"},{"floor":32,"key":"REST"}],"neow_cost":"NO_GOLD","seed_source_timestamp":436234018137700,"circlet_count":0,"master_deck":["AscendersBane","Strike_B+1","Strike_B","Strike_B+1","Defend_B","Defend_B","Defend_B","Zap","Dualcast+1","Electrodynamics+1","Tempest+1","Chill","Creative AI+1","Streamline+1","Creative AI+1","White Noise","Biased Cognition","Sunder+1","Reinforced Body","Loop","Amplify","Creative AI","Creative AI","Cold Snap"],"relics":["Cracked Core","Bag of Marbles","Question Card","Lantern","Potion Belt","Gremlin Horn","Velvet Choker","Cables","Whetstone","Letter Opener","MawBank","Runic Dome"],"potions_floor_usage":[16,19,24,33],"damage_taken":[{"damage":5,"enemies":"Small Slimes","floor":1,"turns":3},{"damage":6,"enemies":"2 Louse","floor":2,"turns":3},{"damage":0,"enemies":"Cultist","floor":3,"turns":3},{"damage":9,"enemies":"Blue Slaver","floor":5,"turns":3},{"damage":3,"enemies":"3 Sentries","floor":6,"turns":4},{"damage":10,"enemies":"Lagavulin","floor":8,"turns":7},{"damage":8,"enemies":"Gremlin Nob","floor":10,"turns":3},{"damage":0,"enemies":"Exordium Wildlife","floor":14,"turns":2},{"damage":6,"enemies":"Slime Boss","floor":16,"turns":6},{"damage":18,"enemies":"2 Thieves","floor":18,"turns":3},{"damage":1,"enemies":"3 Byrds","floor":19,"turns":3},{"damage":0,"enemies":"Cultist and Chosen","floor":21,"turns":3},{"damage":26,"enemies":"Book of Stabbing","floor":24,"turns":4},{"damage":29,"enemies":"Slavers","floor":31,"turns":2},{"damage":16,"enemies":"Automaton","floor":33,"turns":9},{"damage":19,"enemies":"Orb Walker","floor":35,"turns":3},{"damage":13,"enemies":"3 Shapes","floor":37,"turns":2},{"damage":28,"enemies":"Spire Growth","floor":38,"turns":3}],"seed_played":"8512755137107022714","potions_obtained":[{"floor":1,"key":"SpeedPotion"},{"floor":5,"key":"Dexterity Potion"},{"floor":10,"key":"FearPotion"},{"floor":14,"key":"Weak Potion"},{"floor":19,"key":"FocusPotion"},{"floor":31,"key":"Block Potion"},{"floor":37,"key":"Fire Potion"}],"is_trial":false,"path_per_floor":["M","M","M","?","M","E","R","E","T","E","R","?","?","M","R","B",null,"M","M","?","M","?","R","E","R","T","$","R","T","R","E","R","B",null,"M","?","M","M"],"character_chosen":"DEFECT","items_purchased":["Amplify"],"campfire_rested":2,"item_purchase_floors":[27],"current_hp_per_floor":[59,53,53,53,44,41,41,31,31,23,23,23,28,28,28,22,63,45,44,44,44,44,44,18,40,40,40,40,40,40,11,33,17,61,42,42,29,1],"gold":243,"neow_bonus":"THREE_RARE_CARDS","is_prod":false,"is_daily":false,"chose_seed":false,"campfire_upgraded":6,"win_rate":0,"timestamp":1550542788,"path_taken":["M","M","M","?","M","E","R","E","T","E","R","?","?","M","R","BOSS","M","M","?","?","?","R","E","R","T","$","R","?","R","E","R","BOSS","M","?","M","?"],"build_version":"2019-01-23","purchased_purges":1,"victory":false,"max_hp_per_floor":[71,71,71,71,71,71,71,71,71,71,71,71,76,76,76,76,76,76,76,76,76,76,76,76,76,76,76,76,76,76,76,76,76,76,76,76,76,76],"card_choices":[{"not_picked":["Biased Cognition","Creative AI"],"picked":"Electrodynamics","floor":0},{"not_picked":["Auto Shields","Beam Cell","Go for the Eyes"],"picked":"SKIP","floor":1},{"not_picked":["Gash","Genetic Algorithm"],"picked":"Tempest","floor":2},{"not_picked":["Ball Lightning","Turbo"],"picked":"Chill","floor":3},{"not_picked":["Tempest","Sweeping Beam","Gash"],"picked":"SKIP","floor":5},{"not_picked":["Beam Cell","Skim"],"picked":"Creative AI","floor":6},{"not_picked":["Stack","Chaos"],"picked":"Streamline","floor":8},{"not_picked":["Rebound","Redo","Leap"],"picked":"Creative AI","floor":10},{"not_picked":["Stack","Doom and Gloom","Conserve Battery"],"picked":"White Noise","floor":14},{"not_picked":["Core Surge","Rainbow","Hyperbeam"],"picked":"Biased Cognition","floor":16},{"not_picked":["Turbo","Compile Driver","Steam","Gash"],"picked":"SKIP","floor":18},{"not_picked":["Conserve Battery","Redo","Ball Lightning","Go for the Eyes"],"picked":"SKIP","floor":19},{"not_picked":["Steam","Compile Driver","Conserve Battery"],"picked":"Reinforced Body","floor":21},{"not_picked":["Streamline","Reprogram+1","Compile Driver"],"picked":"Loop","floor":24},{"not_picked":["Conserve Battery","Chaos+1","Beam Cell+1"],"picked":"Creative AI","floor":31},{"not_picked":["Machine Learning","All For One","Meteor Strike"],"picked":"Creative AI","floor":33},{"not_picked":["Aggregate+1","Rebound","Compile Driver","Static Discharge"],"picked":"SKIP","floor":35},{"not_picked":["Ball Lightning","Compile Driver+1","Sweeping Beam+1"],"picked":"Cold Snap","floor":37}],"player_experience":1626871,"relics_obtained":[{"floor":6,"key":"Bag of Marbles"},{"floor":8,"key":"Question Card"},{"floor":9,"key":"Lantern"},{"floor":10,"key":"Potion Belt"},{"floor":24,"key":"Cables"},{"floor":26,"key":"Whetstone"},{"floor":29,"key":"Letter Opener"},{"floor":31,"key":"MawBank"}],"event_choices":[{"damage_healed":0,"gold_gain":0,"player_choice":"Grow","damage_taken":0,"max_hp_gain":0,"max_hp_loss":0,"event_name":"Living Wall","floor":4,"gold_loss":0,"cards_upgraded":["Electrodynamics"]},{"damage_healed":0,"gold_gain":0,"player_choice":"Searched \u00271\u0027 times","damage_taken":0,"relics_obtained":["Gremlin Horn"],"max_hp_gain":0,"max_hp_loss":0,"event_name":"Dead Adventurer","floor":12,"gold_loss":0},{"damage_healed":0,"gold_gain":0,"player_choice":"Donut","damage_taken":0,"max_hp_gain":5,"max_hp_loss":0,"event_name":"Big Fish","floor":13,"gold_loss":0},{"damage_healed":0,"gold_gain":0,"player_choice":"1 cards matched","damage_taken":0,"max_hp_gain":0,"max_hp_loss":0,"event_name":"Match and Keep!","floor":20,"gold_loss":0,"cards_obtained":["Sunder"]},{"cards_removed":["Strike_B"],"damage_healed":0,"gold_gain":0,"player_choice":"Gave Gold","damage_taken":0,"max_hp_gain":0,"max_hp_loss":0,"event_name":"Beggar","floor":22,"gold_loss":75},{"damage_healed":0,"gold_gain":0,"player_choice":"Ignored","damage_taken":0,"max_hp_gain":0,"max_hp_loss":0,"event_name":"SecretPortal","floor":36,"gold_loss":0}],"is_beta":false,"boss_relics":[{"not_picked":["FrozenCore","Fusion Hammer"],"picked":"Velvet Choker"},{"not_picked":["Cursed Key","Philosopher\u0027s Stone"],"picked":"Runic Dome"}],"items_purged_floors":[27],"is_endless":false,"potions_floor_spawned":[1,5,10,14,19,31,37],"killed_by":"Spire Growth","ascension_level":20}