{"gold_per_floor":[117,60,60,70,89,121,121,176,202,202,222,241,274,297,297,297],"floor_reached":16,"playtime":444,"items_purged":[],"score":240,"play_id":"4def013a-cdfb-49b7-b825-a882fc4763f0","local_time":"20190426133044","is_ascension_mode":true,"campfire_choices":[{"data":"Bash","floor":7,"key":"SMITH"},{"data":"Carnage","floor":15,"key":"SMITH"}],"neow_cost":"NONE","seed_source_timestamp":351714225066600,"circlet_count":0,"master_deck":["AscendersBane","Strike_R","Strike_R","Strike_R","Strike_R+1","Strike_R","Defend_R","Defend_R","Defend_R+1","Defend_R","Bash+1","Pommel Strike","Battle Trance","Carnage+1","Shrug It Off","True Grit","Feel No Pain"],"relics":["Burning Blood","NeowsBlessing","Dream Catcher","Tiny Chest","Happy Flower","Ornamental Fan","Paper Frog","Odd Mushroom"],"potions_floor_usage":[6,6,8],"damage_taken":[{"damage":0,"enemies":"2 Louse","floor":1,"turns":1},{"damage":0,"enemies":"Small Slimes","floor":4,"turns":1},{"damage":0,"enemies":"Cultist","floor":5,"turns":1},{"damage":17,"enemies":"3 Sentries","floor":6,"turns":5},{"damage":28,"enemies":"Lagavulin","floor":8,"turns":6},{"damage":9,"enemies":"Large Slime","floor":11,"turns":7},{"damage":3,"enemies":"3 Louse","floor":12,"turns":3},{"damage":16,"enemies":"3 Sentries","floor":13,"turns":7},{"damage":13,"enemies":"The Mushroom Lair","floor":14,"turns":3},{"damage":0,"enemies":"Slime Boss","floor":16,"turns":4}],"seed_played":"-1901144507719794848","potions_obtained":[{"floor":4,"key":"SkillPotion"},{"floor":6,"key":"Block Potion"},{"floor":12,"key":"SpeedPotion"}],"is_trial":false,"path_per_floor":["M","$","?","M","M","E","R","E","T","?","M","M","E","?","R","B"],"character_chosen":"IRONCLAD","items_purchased":["PowerPotion"],"campfire_rested":0,"item_purchase_floors":[2],"current_hp_per_floor":[74,74,51,57,63,52,52,30,30,30,27,30,20,13,13,13],"gold":297,"neow_bonus":"THREE_ENEMY_KILL","is_prod":false,"is_daily":false,"chose_seed":false,"campfire_upgraded":2,"win_rate":0,"timestamp":1556253044,"path_taken":["M","$","?","M","M","E","R","E","T","?","M","?","E","?","R","BOSS"],"build_version":"2019-01-23","purchased_purges":0,"victory":false,"max_hp_per_floor":[75,75,75,75,75,75,75,75,75,75,75,75,75,75,75,75],"card_choices":[{"not_picked":["Anger","Clash"],"picked":"Pommel Strike","floor":1},{"not_picked":["Intimidate","Clash"],"picked":"Cleave","floor":4},{"not_picked":["Pommel Strike","Clash"],"picked":"Battle Trance","floor":5},{"not_picked":["Warcry","Dual Wield","Clash"],"picked":"SKIP","floor":6},{"not_picked":["Wild Strike","Juggernaut"],"picked":"Carnage","floor":8},{"not_picked":["Anger","Cleave"],"picked":"Shrug It Off","floor":11},{"not_picked":["Iron Wave","Perfected Strike","Pommel Strike"],"picked":"SKIP","floor":12},{"not_picked":["Clash","Cleave"],"picked":"True Grit","floor":13},{"not_picked":["Clothesline","Anger"],"picked":"Feel No Pain","floor":14}],"player_experience":3385254,"relics_obtained":[{"floor":6,"key":"Dream Catcher"},{"floor":8,"key":"Tiny Chest"},{"floor":9,"key":"Happy Flower"},{"floor":13,"key":"Paper Frog"},{"floor":14,"key":"Odd Mushroom"}],"event_choices":[{"damage_healed":0,"gold_gain":0,"player_choice":"Entered Light","damage_taken":23,"max_hp_gain":0,"max_hp_loss":0,"event_name":"Shining Light","floor":3,"gold_loss":0,"cards_upgraded":["Defend_R","Strike_R"]},{"cards_removed":["Cleave"],"damage_healed":0,"gold_gain":0,"player_choice":"Gave Card","damage_taken":0,"relics_obtained":["Ornamental Fan"],"max_hp_gain":0,"max_hp_loss":0,"event_name":"WeMeetAgain","floor":10,"gold_loss":0},{"damage_healed":0,"gold_gain":0,"player_choice":"Fought Mushrooms","damage_taken":0,"max_hp_gain":0,"max_hp_loss":0,"event_name":"Mushrooms","floor":14,"gold_loss":0}],"is_beta":false,"boss_relics":[],"items_purged_floors":[],"is_endless":false,"potions_floor_spawned":[4,6,12],"killed_by":"Slime Boss","ascension_level":20}