{"gold_per_floor":[361,375,73,91,109,136,136,147,173,173,204,204,234,234,234,313,313,326,326,326,286],"floor_reached":21,"playtime":920,"items_purged":[],"score":374,"play_id":"7945d7ec-491c-4aa9-a4db-12cf54c2f57e","local_time":"20190413141101","is_ascension_mode":true,"campfire_choices":[{"data":"True Grit","floor":7,"key":"SMITH"},{"data":"Barricade","floor":10,"key":"SMITH"},{"data":"Rampage","floor":12,"key":"SMITH"},{"data":"Shrug It Off","floor":15,"key":"SMITH"}],"neow_cost":"PERCENT_DAMAGE","seed_source_timestamp":95228351224700,"circlet_count":0,"master_deck":["AscendersBane","Strike_R","Strike_R","Defend_R","Defend_R","Defend_R","Defend_R","Bash","True Grit+1","Ghostly Armor","Feel No Pain","Barricade+1","Rampage+1","Shrug It Off+1","Immolate+1","Combust+1","Uppercut+1","Rupture+1"],"relics":["Burning Blood","PreservedInsect","Gremlin Horn","Bronze Scales","Omamori","Odd Mushroom","Astrolabe"],"potions_floor_usage":[6,6,11],"damage_taken":[{"damage":12,"enemies":"Cultist","floor":1,"turns":4},{"damage":1,"enemies":"2 Louse","floor":2,"turns":4},{"damage":3,"enemies":"Small Slimes","floor":4,"turns":4},{"damage":17,"enemies":"Red Slaver","floor":5,"turns":6},{"damage":54,"enemies":"Gremlin Nob","floor":6,"turns":6},{"damage":9,"enemies":"3 Louse","floor":8,"turns":6},{"damage":10,"enemies":"3 Sentries","floor":11,"turns":11},{"damage":13,"enemies":"The Mushroom Lair","floor":13,"turns":6},{"damage":11,"enemies":"Slime Boss","floor":16,"turns":20},{"damage":9,"enemies":"Chosen","floor":18,"turns":7},{"damage":38,"enemies":"Colosseum Slavers","floor":19,"turns":3},{"damage":3,"enemies":"2 Thieves","floor":21,"turns":2}],"seed_played":"1778298290211175206","potions_obtained":[{"floor":2,"key":"Regen Potion"},{"floor":4,"key":"Regen Potion"},{"floor":6,"key":"Ancient Potion"},{"floor":8,"key":"Regen Potion"},{"floor":16,"key":"SpeedPotion"}],"is_trial":false,"path_per_floor":["M","M","$","M","M","E","R","M","T","R","E","R","?","?","R","B",null,"M","?","?","M"],"character_chosen":"IRONCLAD","items_purchased":["PreservedInsect","Feel No Pain","PowerPotion"],"campfire_rested":0,"item_purchase_floors":[3,3,3],"current_hp_per_floor":[44,49,49,52,41,33,33,30,30,30,41,41,34,34,34,29,64,61,29,29,26],"gold":286,"neow_bonus":"TWO_FIFTY_GOLD","is_prod":false,"is_daily":false,"chose_seed":false,"campfire_upgraded":4,"win_rate":0,"timestamp":1555132261,"path_taken":["M","M","$","?","M","E","R","M","T","R","E","R","?","?","R","BOSS","M","?","?","?"],"build_version":"2019-01-23","purchased_purges":0,"victory":false,"max_hp_per_floor":[75,75,75,75,75,75,75,75,75,75,75,75,75,75,75,75,75,75,75,75,75],"card_choices":[{"not_picked":["Clash","Havoc"],"picked":"True Grit","floor":1},{"not_picked":["Thunderclap","Warcry"],"picked":"Ghostly Armor","floor":2},{"not_picked":["Armaments","Dual Wield","Iron Wave"],"picked":"SKIP","floor":4},{"not_picked":["Clash","Anger","Shrug It Off"],"picked":"SKIP","floor":5},{"not_picked":["Metallicize","Shockwave"],"picked":"Barricade","floor":6},{"not_picked":["Power Through","Rupture","Heavy Blade"],"picked":"SKIP","floor":8},{"not_picked":["Clash","Headbutt"],"picked":"Rampage","floor":11},{"not_picked":["Headbutt","Sentinel"],"picked":"Shrug It Off","floor":13},{"not_picked":["Limit Break","Bludgeon"],"picked":"Immolate","floor":16},{"not_picked":["Intimidate","Wild Strike","Sever Soul"],"picked":"SKIP","floor":18}],"player_experience":3098985,"relics_obtained":[{"floor":6,"key":"Gremlin Horn"},{"floor":9,"key":"Bronze Scales"},{"floor":11,"key":"Omamori"},{"floor":13,"key":"Odd Mushroom"}],"event_choices":[{"damage_healed":0,"gold_gain":0,"player_choice":"Fought Mushrooms","damage_taken":0,"max_hp_gain":0,"max_hp_loss":0,"event_name":"Mushrooms","floor":13,"gold_loss":0},{"damage_healed":0,"gold_gain":0,"player_choice":"Searched \u00270\u0027 times","damage_taken":0,"max_hp_gain":0,"max_hp_loss":0,"event_name":"Dead Adventurer","floor":14,"gold_loss":0},{"damage_healed":0,"gold_gain":0,"player_choice":"Fight","damage_taken":0,"max_hp_gain":0,"max_hp_loss":0,"event_name":"Colosseum","floor":19,"gold_loss":0},{"damage_healed":0,"gold_gain":0,"player_choice":"Fled From Nobs","damage_taken":0,"max_hp_gain":0,"max_hp_loss":0,"event_name":"Colosseum","floor":19,"gold_loss":0},{"damage_healed":0,"gold_gain":0,"player_choice":"Upgraded","damage_taken":0,"max_hp_gain":0,"max_hp_loss":0,"event_name":"Upgrade Shrine","floor":20,"gold_loss":0,"cards_upgraded":["Immolate"]}],"is_beta":false,"boss_relics":[{"not_picked":["Black Blood","Sozu"],"picked":"Astrolabe"}],"items_purged_floors":[],"is_endless":false,"potions_floor_spawned":[2,4,6,8,16],"killed_by":"2 Thieves","ascension_level":20}