{"gold_per_floor":[109,74,91,105,25,25,25,59,107,127,127,142,3,3,3,74,74,54,74,74,74,86,86,101,112,112,135,135,61,80,31,31,106,106,123,123,141,29,0,0,12,12,12,12,28,28,61,9,9,9],"floor_reached":51,"playtime":2571,"items_purged":["Writhe"],"score":1169,"play_id":"363df760-944f-4e29-b4d8-6e4ae9486450","local_time":"20181125204358","is_ascension_mode":true,"campfire_choices":[{"data":"Darkness","floor":6,"key":"SMITH"},{"floor":11,"key":"REST"},{"data":"Storm","floor":15,"key":"SMITH"},{"floor":23,"key":"REST"},{"floor":28,"key":"REST"},{"floor":32,"key":"REST"},{"data":"White Noise","floor":40,"key":"SMITH"},{"data":"Amplify","floor":44,"key":"SMITH"},{"data":"Creative AI","floor":46,"key":"SMITH"},{"floor":49,"key":"REST"}],"neow_cost":"NONE","seed_source_timestamp":113801242804297,"circlet_count":0,"master_deck":["AscendersBane","Strike_B","Strike_B","Strike_B","Strike_B","Defend_B","Defend_B","Defend_B","Defend_B","Zap","Dualcast","Darkness+1","Self Repair","Storm","Storm+1","Cold Snap","Chill","Hello World","Creative AI+1","Cold Snap","Static Discharge","Chill","White Noise+1","Cold Snap","Chill","Loop","Seek","Ball Lightning","Amplify+1","Cold Snap","Storm","Chaos","Defragment+1","FTL+1"],"relics":["Cracked Core","Dream Catcher","Regal Pillow","Orichalcum","Lizard Tail","MutagenicStrength","Mango","Letter Opener","Bronze Scales","Eternal Feather","Red Mask","Frozen Egg 2","Pen Nib"],"potions_floor_usage":[8,8,18,18,22,33],"damage_taken":[{"damage":8,"enemies":"Jaw Worm","floor":1,"turns":4},{"damage":7,"enemies":"Small Slimes","floor":3,"turns":4},{"damage":1,"enemies":"Cultist","floor":4,"turns":3},{"damage":25,"enemies":"3 Sentries","floor":8,"turns":6},{"damage":40,"enemies":"Exordium Wildlife","floor":10,"turns":7},{"damage":0,"enemies":"2 Fungi Beasts","floor":12,"turns":3},{"damage":33,"enemies":"Slime Boss","floor":16,"turns":9},{"damage":25,"enemies":"2 Thieves","floor":18,"turns":4},{"damage":29,"enemies":"Spheric Guardian","floor":19,"turns":6},{"damage":27,"enemies":"Snecko","floor":22,"turns":6},{"damage":18,"enemies":"Snake Plant","floor":24,"turns":3},{"damage":15,"enemies":"Centurion and Healer","floor":25,"turns":9},{"damage":25,"enemies":"Shelled Parasite and Fungi","floor":30,"turns":4},{"damage":88,"enemies":"Champ","floor":33,"turns":10},{"damage":14,"enemies":"3 Darklings","floor":35,"turns":3},{"damage":28,"enemies":"Orb Walker","floor":37,"turns":4},{"damage":2,"enemies":"Sphere and 2 Shapes","floor":41,"turns":3},{"damage":13,"enemies":"4 Shapes","floor":45,"turns":5},{"damage":111,"enemies":"Giant Head","floor":47,"turns":8},{"damage":60,"enemies":"Time Eater","floor":50,"turns":8}],"seed_played":"-7766551537106976308","potions_obtained":[{"floor":4,"key":"SkillPotion"},{"floor":7,"key":"SpeedPotion"},{"floor":12,"key":"Strength Potion"},{"floor":16,"key":"PowerPotion"},{"floor":22,"key":"GamblersBrew"},{"floor":45,"key":"SteroidPotion"},{"floor":47,"key":"SpeedPotion"}],"is_trial":false,"path_per_floor":["M","?","M","M","$","R","?","E","T","M","R","M","$","?","R","B",null,"M","M","?","T","M","R","M","M","T","T","R","$","M","$","R","B",null,"M","?","M","$","?","R","M","$","T","R","M","R","E","$","R","B",null],"character_chosen":"DEFECT","items_purchased":["Self Repair","Hello World","EntropicBrew","Loop","PowerPotion","Storm","SpeedPotion"],"campfire_rested":5,"item_purchase_floors":[5,13,13,29,31,38,48],"current_hp_per_floor":[56,71,64,63,63,63,63,45,45,12,48,55,55,71,71,45,65,47,25,25,39,12,52,34,26,26,26,66,66,48,48,85,13,67,60,77,56,56,56,74,72,72,72,85,79,85,49,49,85,25],"gold":9,"neow_bonus":"RANDOM_COMMON_RELIC","is_prod":false,"is_daily":false,"chose_seed":false,"campfire_upgraded":5,"win_rate":0,"timestamp":1543171438,"path_taken":["M","?","M","M","$","R","?","E","T","M","R","?","$","?","R","BOSS","M","M","?","?","M","R","?","M","T","?","R","$","M","$","R","BOSS","M","?","M","$","?","R","M","$","T","R","M","R","E","?","R","BOSS"],"build_version":"2018-11-15","purchased_purges":1,"victory":true,"max_hp_per_floor":[71,71,71,71,71,71,71,71,71,71,71,71,71,71,71,71,71,71,71,71,85,85,85,85,85,85,85,85,85,85,85,85,85,85,85,85,85,85,85,85,85,85,85,85,85,85,85,85,85,85],"card_choices":[{"not_picked":["Turbo","Stack","Go for the Eyes"],"picked":"SKIP","floor":1},{"not_picked":["Steam","Leap","Rebound"],"picked":"SKIP","floor":3},{"not_picked":["Lockon","Go for the Eyes"],"picked":"Darkness","floor":4},{"not_picked":["Amplify","Rebound"],"picked":"Storm","floor":8},{"not_picked":["Ball Lightning","Redo"],"picked":"Storm","floor":10},{"not_picked":["Redo","Steam"],"picked":"Cold Snap","floor":11},{"not_picked":["Hologram","Streamline"],"picked":"Chill","floor":12},{"not_picked":["Buffer","Reboot"],"picked":"Creative AI","floor":16},{"not_picked":["Stack","Streamline","Turbo"],"picked":"SKIP","floor":18},{"not_picked":["Barrage+1","Turbo"],"picked":"Cold Snap","floor":19},{"not_picked":["Steam Power+1","Capacitor"],"picked":"Static Discharge","floor":22},{"not_picked":["Stack","Turbo"],"picked":"Chill","floor":23},{"not_picked":["Rebound","Beam Cell"],"picked":"White Noise","floor":24},{"not_picked":["Steam","FTL"],"picked":"Cold Snap","floor":25},{"not_picked":["Streamline","Reinforced Body"],"picked":"Chill","floor":28},{"not_picked":["Sweeping Beam","Tempest"],"picked":"Seek","floor":30},{"not_picked":["Heatsinks","Go for the Eyes"],"picked":"Ball Lightning","floor":32},{"not_picked":["Multi-Cast","Reboot"],"picked":"Amplify","floor":33},{"not_picked":["Sweeping Beam","Coolheaded","Scrape"],"picked":"SKIP","floor":35},{"not_picked":["Genetic Algorithm","Thunder Strike"],"picked":"Cold Snap","floor":37},{"not_picked":["Hologram+1","Barrage"],"picked":"Chaos","floor":41},{"not_picked":["Compile Driver","Rebound","Stack"],"picked":"SKIP","floor":45},{"not_picked":["Loop+1","Blizzard"],"picked":"Defragment+1","floor":47},{"not_picked":["Auto Shields","Consume"],"picked":"FTL+1","floor":49}],"player_experience":791167,"relics_obtained":[{"floor":8,"key":"Regal Pillow"},{"floor":9,"key":"Orichalcum"},{"floor":21,"key":"Mango"},{"floor":26,"key":"Letter Opener"},{"floor":27,"key":"Bronze Scales"},{"floor":43,"key":"Frozen Egg 2"},{"floor":47,"key":"Pen Nib"}],"event_choices":[{"damage_healed":17,"gold_gain":0,"player_choice":"Healed","damage_taken":0,"max_hp_gain":0,"max_hp_loss":0,"event_name":"The Cleric","floor":2,"gold_loss":35},{"damage_healed":0,"gold_gain":0,"player_choice":"Got Potions","damage_taken":0,"max_hp_gain":0,"max_hp_loss":0,"event_name":"Lab","floor":7,"gold_loss":0},{"damage_healed":23,"gold_gain":0,"player_choice":"Banana","damage_taken":0,"max_hp_gain":0,"max_hp_loss":0,"event_name":"Big Fish","floor":14,"gold_loss":0},{"damage_healed":0,"gold_gain":0,"player_choice":"Inject Mutagens","damage_taken":0,"relics_obtained":["MutagenicStrength"],"max_hp_gain":0,"max_hp_loss":0,"event_name":"Drug Dealer","floor":20,"gold_loss":0},{"damage_healed":17,"gold_gain":0,"player_choice":"Writhe","damage_taken":0,"max_hp_gain":0,"max_hp_loss":0,"event_name":"Winding Halls","floor":36,"gold_loss":0,"cards_obtained":["Writhe"]},{"damage_healed":0,"gold_gain":0,"player_choice":"Paid","damage_taken":0,"relics_obtained":["Red Mask"],"max_hp_gain":0,"max_hp_loss":0,"event_name":"Tomb of Lord Red Mask","floor":39,"gold_loss":29}],"is_beta":false,"boss_relics":[{"not_picked":["Philosopher\u0027s Stone","Fusion Hammer"],"picked":"Lizard Tail"},{"not_picked":["White Beast Statue","Astrolabe"],"picked":"Eternal Feather"}],"items_purged_floors":[38],"is_endless":false,"potions_floor_spawned":[4,12,16,22,45,47],"ascension_level":15}