{"gold_per_floor":[119,62,62,62,79,109,109,139,139,154,79,79,105,105,105,180,180,180],"floor_reached":18,"playtime":519,"items_purged":[],"score":382,"play_id":"11e6b611-198a-4b3e-886b-0e05396df156","local_time":"20190312210556","is_ascension_mode":true,"campfire_choices":[{"data":"Streamline","floor":7,"key":"SMITH"},{"data":"Blizzard","floor":15,"key":"SMITH"}],"neow_cost":"CURSE","seed_source_timestamp":298187147810700,"circlet_count":0,"master_deck":["AscendersBane","Strike_B+1","Strike_B+1","Defend_B","Defend_B","Zap","Dualcast","Biased Cognition","Cold Snap","Streamline+1","Cold Snap","Genetic Algorithm","Leap","Blizzard+1","Undo","Seek","Scrape+1","Amplify+1","Self Repair+1"],"relics":["Cracked Core","Dodecahedron","Bottled Tornado","Odd Mushroom","Astrolabe"],"potions_floor_usage":[6,13],"damage_taken":[{"damage":7,"enemies":"Small Slimes","floor":1,"turns":4},{"damage":3,"enemies":"2 Louse","floor":5,"turns":2},{"damage":14,"enemies":"Lagavulin","floor":6,"turns":5},{"damage":0,"enemies":"Gremlin Nob","floor":8,"turns":3},{"damage":0,"enemies":"Cultist","floor":10,"turns":3},{"damage":5,"enemies":"The Mushroom Lair","floor":13,"turns":4},{"damage":32,"enemies":"The Guardian","floor":16,"turns":16},{"damage":0,"enemies":"3 Byrds","floor":18,"turns":1}],"seed_played":"6647943822540074378","potions_obtained":[{"floor":5,"key":"SkillPotion"},{"floor":8,"key":"SkillPotion"},{"floor":13,"key":"EssenceOfSteel"}],"is_trial":false,"path_per_floor":["M","$","?","?","M","E","R","E","T","M","$","?","?","?","R","B",null,"M"],"character_chosen":"DEFECT","items_purchased":["Cold Snap","Blizzard"],"campfire_rested":0,"item_purchase_floors":[2,11],"current_hp_per_floor":[57,57,57,57,54,40,40,40,40,40,40,19,14,37,37,5,55,55],"gold":180,"neow_bonus":"THREE_RARE_CARDS","is_prod":false,"is_daily":false,"chose_seed":false,"campfire_upgraded":2,"win_rate":0,"timestamp":1552392356,"path_taken":["M","$","?","?","?","E","R","E","T","M","?","?","?","?","R","BOSS","M"],"build_version":"2019-01-23","purchased_purges":0,"victory":false,"max_hp_per_floor":[71,71,71,71,71,71,71,71,71,71,71,71,71,71,71,71,71,71],"card_choices":[{"not_picked":["Thunder Strike","Creative AI"],"picked":"Biased Cognition","floor":0},{"not_picked":["Stack","BootSequence","Sweeping Beam"],"picked":"SKIP","floor":1},{"not_picked":["Hologram","Reinforced Body"],"picked":"Streamline","floor":5},{"not_picked":["Stack","Conserve Battery"],"picked":"Cold Snap","floor":6},{"not_picked":["Rainbow","Lockon"],"picked":"Genetic Algorithm","floor":8},{"not_picked":["Rip and Tear","Aggregate"],"picked":"Leap","floor":10},{"not_picked":["Melter","Hello World"],"picked":"Undo","floor":13},{"not_picked":["Hyperbeam","Biased Cognition"],"picked":"Seek","floor":16}],"player_experience":2219602,"relics_obtained":[{"floor":6,"key":"Dodecahedron"},{"floor":8,"key":"Bottled Tornado"},{"floor":13,"key":"Odd Mushroom"}],"event_choices":[{"cards_removed":["Clumsy"],"damage_healed":0,"gold_gain":0,"player_choice":"Forget","damage_taken":0,"max_hp_gain":0,"max_hp_loss":0,"event_name":"Living Wall","floor":3,"gold_loss":0},{"cards_removed":["Defend_B"],"damage_healed":0,"gold_gain":0,"player_choice":"Offered Basic","damage_taken":0,"max_hp_gain":0,"max_hp_loss":0,"event_name":"Bonfire Elementals","floor":4,"gold_loss":0},{"damage_healed":0,"gold_gain":0,"player_choice":"Entered Light","damage_taken":21,"max_hp_gain":0,"max_hp_loss":0,"event_name":"Shining Light","floor":12,"gold_loss":0,"cards_upgraded":["Strike_B","Strike_B"]},{"damage_healed":0,"gold_gain":0,"player_choice":"Fought Mushrooms","damage_taken":0,"max_hp_gain":0,"max_hp_loss":0,"event_name":"Mushrooms","floor":13,"gold_loss":0},{"damage_healed":23,"gold_gain":0,"player_choice":"Banana","damage_taken":0,"max_hp_gain":0,"max_hp_loss":0,"event_name":"Big Fish","floor":14,"gold_loss":0}],"is_beta":false,"boss_relics":[{"not_picked":["Inserter","Pandora\u0027s Box"],"picked":"Astrolabe"}],"items_purged_floors":[],"is_endless":false,"potions_floor_spawned":[5,8,13],"killed_by":"3 Byrds","ascension_level":20}