{"gold_per_floor":[112,112,112,125,125,125,125,160,208,35,35,35,74,93,93,192,192,210,135,47,47,68,68,86,105,129,27,27,27,51,51,51,150,150,169,190,190,213,213,213],"floor_reached":40,"playtime":1445,"items_purged":[],"score":834,"play_id":"b6407893-b296-4627-aa62-1f8b473cd26c","local_time":"20190323155126","is_ascension_mode":true,"campfire_choices":[{"data":"Loop","floor":6,"key":"SMITH"},{"data":"Self Repair","floor":11,"key":"SMITH"},{"data":"Rip and Tear","floor":15,"key":"SMITH"},{"data":"Creative AI","floor":23,"key":"SMITH"},{"data":"Recycle","floor":29,"key":"SMITH"},{"data":"Echo Form","floor":32,"key":"SMITH"}],"neow_cost":"NONE","seed_source_timestamp":334595530784600,"circlet_count":0,"master_deck":["AscendersBane","Zap","Dualcast","Loop+1","Self Repair+1","Chill","Conserve Battery","Rip and Tear+1","Echo Form+1","Darkness","Stack","Amplify","Creative AI+1","BootSequence","Conserve Battery","Recycle+1","Chill","Coolheaded","Enlightenment","Chill","Biased Cognition","Loop","Reinforced Body","Turbo+1","Skim"],"relics":["Cracked Core","NeowsBlessing","Golden Idol","Question Card","Happy Flower","Centennial Puzzle","Calipers","Pandora\u0027s Box","Anchor","Nuclear Battery"],"potions_floor_usage":[13,16,24,40,40],"damage_taken":[{"damage":0,"enemies":"Small Slimes","floor":1,"turns":1},{"damage":0,"enemies":"Jaw Worm","floor":4,"turns":1},{"damage":0,"enemies":"3 Sentries","floor":8,"turns":1},{"damage":43,"enemies":"Gremlin Nob","floor":13,"turns":4},{"damage":4,"enemies":"Cultist","floor":14,"turns":3},{"damage":10,"enemies":"The Guardian","floor":16,"turns":11},{"damage":19,"enemies":"2 Thieves","floor":18,"turns":3},{"damage":10,"enemies":"Chosen","floor":22,"turns":5},{"damage":5,"enemies":"Snecko","floor":24,"turns":5},{"damage":12,"enemies":"Centurion and Healer","floor":25,"turns":5},{"damage":31,"enemies":"Cultist and Chosen","floor":30,"turns":4},{"damage":24,"enemies":"Automaton","floor":33,"turns":13},{"damage":12,"enemies":"3 Shapes","floor":35,"turns":6},{"damage":5,"enemies":"Orb Walker","floor":36,"turns":5},{"damage":13,"enemies":"4 Shapes","floor":38,"turns":10},{"damage":71,"enemies":"Reptomancer","floor":40,"turns":3}],"seed_played":"-6748179190125333159","potions_obtained":[{"floor":1,"key":"Regen Potion"},{"floor":8,"key":"Energy Potion"},{"floor":14,"key":"Energy Potion"},{"floor":18,"key":"SneckoOil"},{"floor":25,"key":"Strength Potion"},{"floor":38,"key":"GamblersBrew"}],"is_trial":false,"path_per_floor":["M","?","?","M","?","R","$","E","T","$","R","$","E","M","R","B",null,"M","?","$","?","M","R","M","M","T","$","$","R","M","?","R","B",null,"M","M","?","M","?","E"],"character_chosen":"DEFECT","items_purchased":["Centennial Puzzle","Recycle","Enlightenment"],"campfire_rested":0,"item_purchase_floors":[10,20,27],"current_hp_per_floor":[64,40,40,40,40,40,40,40,40,40,40,40,19,25,25,25,60,51,51,51,51,61,61,66,71,71,71,71,71,50,50,50,46,65,71,71,71,71,71,0],"gold":213,"neow_bonus":"THREE_ENEMY_KILL","is_prod":false,"is_daily":false,"chose_seed":false,"campfire_upgraded":6,"win_rate":0,"timestamp":1553323886,"path_taken":["M","?","?","?","?","R","$","E","T","?","R","?","E","M","R","BOSS","M","?","$","?","M","R","M","M","T","?","$","R","M","?","R","BOSS","M","M","?","M","?","E"],"build_version":"2019-01-23","purchased_purges":0,"victory":false,"max_hp_per_floor":[71,71,71,71,71,71,71,71,71,71,71,71,71,71,71,71,71,71,71,71,71,71,71,71,71,71,71,71,71,71,71,71,71,71,71,71,71,71,71,71],"card_choices":[{"not_picked":["Hologram","Scrape"],"picked":"Loop","floor":1},{"not_picked":["Ball Lightning","Cold Snap"],"picked":"Self Repair","floor":4},{"not_picked":["Double Energy","Compile Driver"],"picked":"Chill","floor":8},{"not_picked":["Stack","Fusion","Genetic Algorithm"],"picked":"Conserve Battery","floor":13},{"not_picked":["Ball Lightning","Melter","Lockon"],"picked":"Rip and Tear","floor":14},{"not_picked":["Multi-Cast","Fission","Core Surge"],"picked":"Echo Form","floor":16},{"not_picked":["Doom and Gloom","Static Discharge","Undo"],"picked":"Conserve Battery","floor":18},{"not_picked":["Barrage","Ball Lightning+1","Rebound"],"picked":"Chill","floor":22},{"not_picked":["Go for the Eyes","Fusion+1","Leap"],"picked":"Coolheaded","floor":24},{"not_picked":["Go for the Eyes","Force Field","Darkness","FTL"],"picked":"SKIP","floor":25},{"not_picked":["Force Field+1","Go for the Eyes+1","Conserve Battery"],"picked":"Chill","floor":30},{"not_picked":["Hyperbeam","Amplify","Seek"],"picked":"Biased Cognition","floor":33},{"not_picked":["Leap","Barrage","Conserve Battery+1"],"picked":"Loop","floor":35},{"not_picked":["Steam+1","Steam Power","Rebound"],"picked":"Reinforced Body","floor":36},{"not_picked":["Go for the Eyes+1","Hologram","Ball Lightning"],"picked":"Turbo+1","floor":38}],"player_experience":2503693,"relics_obtained":[{"floor":8,"key":"Question Card"},{"floor":9,"key":"Happy Flower"},{"floor":13,"key":"Calipers"}],"event_choices":[{"damage_healed":0,"gold_gain":0,"player_choice":"Take Damage","damage_taken":24,"relics_obtained":["Golden Idol"],"max_hp_gain":0,"max_hp_loss":0,"event_name":"Golden Idol","floor":2,"gold_loss":0},{"cards_removed":["Strike_B"],"damage_healed":0,"gold_gain":0,"player_choice":"Offered Basic","damage_taken":0,"max_hp_gain":0,"max_hp_loss":0,"event_name":"Bonfire Elementals","floor":3,"gold_loss":0},{"damage_healed":0,"gold_gain":0,"cards_transformed":["Strike_B"],"player_choice":"Change","damage_taken":0,"max_hp_gain":0,"max_hp_loss":0,"event_name":"Living Wall","floor":5,"gold_loss":0,"cards_obtained":["Storm"]},{"cards_removed":["Fusion"],"damage_healed":0,"gold_gain":0,"player_choice":"Gave Gold","damage_taken":0,"max_hp_gain":0,"max_hp_loss":0,"event_name":"Beggar","floor":19,"gold_loss":75},{"damage_healed":0,"gold_gain":0,"player_choice":"Ignored","damage_taken":0,"max_hp_gain":0,"max_hp_loss":0,"event_name":"Vampires","floor":21,"gold_loss":0},{"damage_healed":0,"gold_gain":0,"player_choice":"Gave Potion","damage_taken":0,"relics_obtained":["Anchor"],"max_hp_gain":0,"max_hp_loss":0,"event_name":"WeMeetAgain","floor":31,"gold_loss":0},{"damage_healed":0,"gold_gain":0,"player_choice":"Ignored","damage_taken":0,"max_hp_gain":0,"max_hp_loss":0,"event_name":"Tomb of Lord Red Mask","floor":37,"gold_loss":0},{"damage_healed":0,"gold_gain":0,"cards_transformed":["Storm"],"player_choice":"Transformed","damage_taken":0,"max_hp_gain":0,"max_hp_loss":0,"event_name":"Transmorgrifier","floor":39,"gold_loss":0,"cards_obtained":["Skim"]}],"is_beta":false,"boss_relics":[{"not_picked":["Orrery","Eternal Feather"],"picked":"Pandora\u0027s Box"},{"not_picked":["Black Star","Velvet Choker"],"picked":"Nuclear Battery"}],"items_purged_floors":[],"is_endless":false,"potions_floor_spawned":[1,8,14,18,25,38],"killed_by":"Reptomancer","ascension_level":20}