{"gold_per_floor":[115,40,115,134,145,145,145,145,172,172,205,205,230,248,248,377,377,390,146,162,162,162,162,186,210,262,281,281],"floor_reached":28,"playtime":2899,"items_purged":["Strike_R","Strike_R"],"score":210,"play_id":"f6e66f90-753e-4ed7-bb6e-c2bd71c09356","local_time":"20190118224631","is_ascension_mode":false,"campfire_choices":[{"data":"Whirlwind","floor":6.0,"key":"SMITH"},{"data":"Burning Pact","floor":8.0,"key":"SMITH"},{"data":"Rampage","floor":10.0,"key":"SMITH"},{"floor":15.0,"key":"REST"},{"data":"Battle Trance","floor":23.0,"key":"SMITH"}],"neow_cost":"PERCENT_DAMAGE","seed_source_timestamp":13664334579300,"circlet_count":0,"master_deck":["Strike_R","Strike_R","Strike_R","Defend_R","Defend_R","Bash","Entrench","Rampage+1","Flex","Burning Pact+1","Whirlwind+1","Dropkick","Pommel Strike","Dropkick","Impervious","Warcry","Battle Trance+1","Writhe","Whirlwind+1"],"special_seed":0,"relics":["Burning Blood","Golden Idol","Blood Vial","Odd Mushroom","White Beast Statue","Bronze Scales","WingedGreaves","Red Skull"],"potions_floor_usage":[28],"damage_taken":[{"damage":1.0,"enemies":"Cultist","floor":1.0,"turns":3.0},{"damage":0.0,"enemies":"Small Slimes","floor":4.0,"turns":3.0},{"damage":5.0,"enemies":"2 Louse","floor":5.0,"turns":3.0},{"damage":0.0,"enemies":"The Mushroom Lair","floor":11.0,"turns":2.0},{"damage":11.0,"enemies":"Blue Slaver","floor":13.0,"turns":4.0},{"damage":0.0,"enemies":"2 Fungi Beasts","floor":14.0,"turns":2.0},{"damage":62.0,"enemies":"Hexaghost","floor":16.0,"turns":9.0},{"damage":26.0,"enemies":"3 Byrds","floor":18.0,"turns":6.0},{"damage":32.0,"enemies":"2 Thieves","floor":20.0,"turns":3.0},{"damage":6.0,"enemies":"Chosen and Byrds","floor":24.0,"turns":4.0},{"damage":20.0,"enemies":"Snecko","floor":25.0,"turns":5.0},{"damage":20.0,"enemies":"Centurion and Healer","floor":27.0,"turns":3.0},{"damage":21,"enemies":"Sentry and Sphere","floor":28,"turns":5}],"seed_played":"189080986059805705","potions_obtained":[{"floor":11.0,"key":"Block Potion"},{"floor":13.0,"key":"PowerPotion"},{"floor":18.0,"key":"Poison Potion"},{"floor":20.0,"key":"PowerPotion"},{"floor":24.0,"key":"Poison Potion"},{"floor":25.0,"key":"AttackPotion"},{"floor":27.0,"key":"Fire Potion"}],"is_trial":false,"path_per_floor":["M","$","?","M","M","R","?","R","T","R","?","?","M","M","R","B",null,"M","$","M","?","?","R","M","M","T","M","M"],"character_chosen":"IRONCLAD","items_purchased":["Bronze Scales"],"campfire_rested":1,"item_purchase_floors":[19],"current_hp_per_floor":[61,61,50,56,57,57,37,37,37,37,45,50,47,55,80,26,85,65,65,41,41,41,41,43,31,31,19,0],"gold":281,"neow_bonus":"TRANSFORM_TWO_CARDS","is_prod":false,"is_daily":false,"chose_seed":false,"campfire_upgraded":4,"win_rate":0,"timestamp":1547819191,"path_taken":["M","$","?","M","M","R","?","R","T","R","?","?","M","M","R","BOSS","M","$","M","?","?","R","M","M","T","M","M"],"build_version":"2019-01-17v2","purchased_purges":2,"victory":false,"max_hp_per_floor":[80,80,80,80,80,80,80,80,80,80,80,85,85,85,85,85,85,85,85,85,85,85,85,85,85,85,85,85],"card_choices":[{"not_picked":["Shrug It Off","Fire Breathing"],"picked":"Flex","floor":1.0},{"not_picked":["Rampage","Havoc"],"picked":"Burning Pact","floor":4.0},{"not_picked":["Havoc","Armaments"],"picked":"Whirlwind","floor":5.0},{"not_picked":["True Grit","Evolve"],"picked":"Dropkick","floor":11.0},{"not_picked":["Spot Weakness","Power Through"],"picked":"Pommel Strike","floor":13.0},{"not_picked":["Havoc","Dual Wield"],"picked":"Dropkick","floor":14.0},{"not_picked":["Berserk","Dark Embrace"],"picked":"Impervious","floor":16.0},{"not_picked":["Havoc","Body Slam"],"picked":"Warcry","floor":18.0},{"not_picked":["Sentinel+1","Perfected Strike"],"picked":"Battle Trance","floor":20.0},{"not_picked":["Power Through","Dropkick","Sword Boomerang"],"picked":"SKIP","floor":24.0},{"not_picked":["Wild Strike+1","Infernal Blade+1","Clothesline"],"picked":"SKIP","floor":25.0},{"not_picked":["Perfected Strike","Heavy Blade","Clash"],"picked":"SKIP","floor":27.0}],"player_experience":60278,"relics_obtained":[{"floor":9.0,"key":"Blood Vial"},{"floor":11.0,"key":"Odd Mushroom"},{"floor":26.0,"key":"Red Skull"}],"event_choices":[{"damage_healed":0.0,"max_hp_gain":0.0,"max_hp_loss":0.0,"gold_gain":75.0,"event_name":"World of Goop","player_choice":"Gather Gold","floor":3.0,"gold_loss":0.0,"damage_taken":11.0},{"damage_healed":0.0,"max_hp_gain":0.0,"max_hp_loss":0.0,"gold_gain":0.0,"event_name":"Golden Idol","player_choice":"Take Damage","floor":7.0,"gold_loss":0.0,"damage_taken":20.0,"relics_obtained":["Golden Idol"]},{"damage_healed":0.0,"max_hp_gain":0.0,"max_hp_loss":0.0,"gold_gain":0.0,"event_name":"Mushrooms","player_choice":"Fought Mushrooms","floor":11.0,"gold_loss":0.0,"damage_taken":0.0},{"damage_healed":0.0,"max_hp_gain":5.0,"max_hp_loss":0.0,"gold_gain":0.0,"event_name":"Big Fish","player_choice":"Donut","floor":12.0,"gold_loss":0.0,"damage_taken":0.0},{"damage_healed":0.0,"max_hp_gain":0.0,"max_hp_loss":0.0,"gold_gain":0.0,"event_name":"The Mausoleum","player_choice":"Opened","floor":21.0,"gold_loss":0.0,"damage_taken":0.0,"relics_obtained":["WingedGreaves"],"cards_obtained":["Writhe"]},{"damage_healed":0.0,"max_hp_gain":0.0,"max_hp_loss":0.0,"gold_gain":0.0,"event_name":"Duplicator","player_choice":"Copied","floor":22.0,"gold_loss":0.0,"damage_taken":0.0,"cards_obtained":["Whirlwind"]}],"is_beta":false,"boss_relics":[{"not_picked":["Black Star","Lizard Tail"],"picked":"White Beast Statue"}],"items_purged_floors":[2,19],"is_endless":false,"potions_floor_spawned":[11,13,18,20,24,25,27],"killed_by":"Sentry and Sphere","ascension_level":0}