{"gold_per_floor":[19,39,64,88,98,133,133,146,146,69,69,69,69,79,79,156,156,168,138,63,78,78],"floor_reached":22,"playtime":660,"items_purged":["Strike_R"],"score":368,"play_id":"75cdd0e8-1fdb-44d5-a477-4db198c3b735","local_time":"20190306161456","is_ascension_mode":true,"campfire_choices":[{"data":"Entrench","floor":7,"key":"SMITH"},{"data":"Limit Break","floor":12,"key":"SMITH"},{"data":"Bash","floor":15,"key":"SMITH"}],"neow_cost":"NO_GOLD","seed_source_timestamp":138978584309700,"circlet_count":0,"master_deck":["AscendersBane","Strike_R+1","Strike_R","Strike_R","Strike_R","Defend_R","Defend_R+1","Defend_R","Defend_R","Bash+1","Battle Trance","Entrench+1","Cleave","Shrug It Off","Limit Break+1","Limit Break","Rage"],"relics":["Burning Blood","FossilizedHelix","Vajra","Ancient Tea Set","Bronze Scales","Lantern","Regal Pillow","Runic Dome"],"potions_floor_usage":[6,8,21],"damage_taken":[{"damage":0,"enemies":"Cultist","floor":1,"turns":3},{"damage":7,"enemies":"Jaw Worm","floor":2,"turns":4},{"damage":0,"enemies":"2 Louse","floor":5,"turns":2},{"damage":30,"enemies":"3 Sentries","floor":6,"turns":7},{"damage":0,"enemies":"Lots of Slimes","floor":8,"turns":2},{"damage":0,"enemies":"Blue Slaver","floor":14,"turns":3},{"damage":17,"enemies":"The Guardian","floor":16,"turns":12},{"damage":8,"enemies":"3 Byrds","floor":18,"turns":2},{"damage":16,"enemies":"Shell Parasite","floor":21,"turns":4},{"damage":54,"enemies":"3 Cultists","floor":22,"turns":5}],"seed_played":"7150406796638690336","potions_obtained":[{"floor":2,"key":"Explosive Potion"},{"floor":5,"key":"FearPotion"},{"floor":6,"key":"SkillPotion"},{"floor":8,"key":"Ancient Potion"},{"floor":19,"key":"LiquidBronze"},{"floor":21,"key":"Fruit Juice"}],"is_trial":false,"path_per_floor":["M","M","T","T","M","E","R","M","T","$","?","R","?","M","R","B",null,"M","?","$","M","M"],"character_chosen":"IRONCLAD","items_purchased":["Limit Break"],"campfire_rested":0,"item_purchase_floors":[10],"current_hp_per_floor":[74,73,73,73,75,51,51,57,57,57,34,34,16,22,22,11,59,57,57,57,52,0],"gold":78,"neow_bonus":"ONE_RARE_RELIC","is_prod":false,"is_daily":false,"chose_seed":false,"campfire_upgraded":3,"win_rate":0,"timestamp":1551856496,"path_taken":["M","M","?","?","?","E","R","M","T","$","?","R","?","M","R","BOSS","M","?","$","?","M"],"build_version":"2019-01-23","purchased_purges":1,"victory":false,"max_hp_per_floor":[75,75,75,75,75,75,75,75,75,75,75,75,75,75,75,75,75,75,75,75,80,80],"card_choices":[{"not_picked":["Heavy Blade","Warcry"],"picked":"Battle Trance","floor":1},{"not_picked":["Spot Weakness","Twin Strike"],"picked":"Entrench","floor":2},{"not_picked":["Pummel","Pommel Strike"],"picked":"Cleave","floor":5},{"not_picked":["Carnage","Pummel","Sword Boomerang"],"picked":"SKIP","floor":6},{"not_picked":["Havoc","Headbutt"],"picked":"Shrug It Off","floor":8},{"not_picked":["Battle Trance","Anger","Thunderclap"],"picked":"SKIP","floor":14},{"not_picked":["Reaper","Brutality"],"picked":"Limit Break","floor":16},{"not_picked":["Clothesline","Armaments","Wild Strike+1"],"picked":"SKIP","floor":18},{"not_picked":["Shrug It Off","Combust"],"picked":"Rage","floor":21}],"player_experience":2039413,"relics_obtained":[{"floor":3,"key":"Vajra"},{"floor":4,"key":"Ancient Tea Set"},{"floor":6,"key":"Bronze Scales"},{"floor":9,"key":"Lantern"}],"event_choices":[{"damage_healed":0,"gold_gain":0,"player_choice":"Entered Light","damage_taken":23,"max_hp_gain":0,"max_hp_loss":0,"event_name":"Shining Light","floor":11,"gold_loss":0,"cards_upgraded":["Strike_R","Defend_R"]},{"damage_healed":0,"gold_gain":0,"player_choice":"Success","damage_taken":18,"relics_obtained":["Regal Pillow"],"max_hp_gain":0,"max_hp_loss":0,"event_name":"Scrap Ooze","floor":13,"gold_loss":0},{"damage_healed":0,"gold_gain":0,"player_choice":"Bought 2 Potions","damage_taken":0,"max_hp_gain":0,"max_hp_loss":0,"event_name":"The Woman in Blue","floor":19,"gold_loss":0}],"is_beta":false,"boss_relics":[{"not_picked":["Empty Cage","Philosopher\u0027s Stone"],"picked":"Runic Dome"}],"items_purged_floors":[20],"is_endless":false,"potions_floor_spawned":[2,5,6,8,21],"killed_by":"3 Cultists","ascension_level":20}