{"gold_per_floor":[113,83,99,19,94,122,138,138,165,165,315,346,360,29,29,108,108,118,118,168,6,19,19,36,61,135,135],"floor_reached":27,"playtime":1252,"items_purged":[],"score":549,"play_id":"2a86f52f-1405-438e-88d8-c86583f8fc7f","local_time":"20190324190135","is_ascension_mode":true,"campfire_choices":[{"floor":8,"key":"REST"},{"data":"Chaos","floor":10,"key":"SMITH"},{"floor":15,"key":"REST"},{"floor":23,"key":"REST"}],"neow_cost":"NONE","seed_source_timestamp":880959128095266,"circlet_count":0,"master_deck":["AscendersBane","Strike_B","Strike_B","Strike_B","Strike_B","Defend_B","Defend_B","Defend_B","Defend_B","Zap","Dualcast","Chaos","Darkness","Hello World","Redo","Chaos+1","Doubt","Storm","Hello World","Echo Form","Redo","Storm","Cold Snap","Steam","Capacitor"],"relics":["Cracked Core","NeowsBlessing","Vajra","Juzu Bracelet","Ice Cream","Bird Faced Urn","White Beast Statue","Art of War","Blue Candle"],"potions_floor_usage":[12,12,18,18,19,22,24,25],"damage_taken":[{"damage":0,"enemies":"Jaw Worm","floor":1,"turns":1},{"damage":0,"enemies":"Cultist","floor":3,"turns":1},{"damage":0,"enemies":"Gremlin Nob","floor":6,"turns":1},{"damage":0,"enemies":"2 Louse","floor":7,"turns":1},{"damage":0,"enemies":"3 Sentries","floor":12,"turns":6},{"damage":19,"enemies":"Blue Slaver","floor":13,"turns":4},{"damage":42,"enemies":"Hexaghost","floor":16,"turns":8},{"damage":17,"enemies":"Spheric Guardian","floor":18,"turns":7},{"damage":32,"enemies":"Colosseum Slavers","floor":19,"turns":5},{"damage":1,"enemies":"Chosen","floor":22,"turns":7},{"damage":27,"enemies":"Snake Plant","floor":24,"turns":4},{"damage":57,"enemies":"Book of Stabbing","floor":25,"turns":5},{"damage":14,"enemies":"Centurion and Healer","floor":27,"turns":1}],"seed_played":"1041083092123189966","potions_obtained":[{"floor":2,"key":"Fire Potion"},{"floor":2,"key":"Swift Potion"},{"floor":7,"key":"Block Potion"},{"floor":12,"key":"Dexterity Potion"},{"floor":16,"key":"Explosive Potion"},{"floor":18,"key":"Dexterity Potion"},{"floor":22,"key":"Poison Potion"},{"floor":24,"key":"SkillPotion"},{"floor":25,"key":"Strength Potion"}],"is_trial":false,"path_per_floor":["M","?","M","$","?","E","M","R","T","R","?","E","M","$","R","B",null,"M","?","?","$","M","R","M","E","T","M"],"character_chosen":"DEFECT","items_purchased":["Hello World","Bird Faced Urn","PowerPotion","Storm","Cold Snap"],"campfire_rested":3,"item_purchase_floors":[4,14,21,21,21],"current_hp_per_floor":[64,64,64,64,53,53,53,71,71,71,71,71,52,52,71,35,62,57,33,33,33,44,65,46,5,5,0],"gold":135,"neow_bonus":"THREE_ENEMY_KILL","is_prod":false,"is_daily":false,"chose_seed":false,"campfire_upgraded":1,"win_rate":0,"timestamp":1553446895,"path_taken":["M","?","?","$","?","E","M","R","T","R","?","E","M","?","R","BOSS","M","?","?","$","M","R","M","E","T","M"],"build_version":"2019-01-23","purchased_purges":0,"victory":false,"max_hp_per_floor":[71,71,71,71,71,71,71,71,71,71,71,71,71,71,71,71,71,71,71,71,71,71,71,71,71,71,71],"card_choices":[{"not_picked":["Sweeping Beam","Reprogram"],"picked":"Chaos","floor":1},{"not_picked":["Undo","Barrage"],"picked":"Darkness","floor":3},{"not_picked":["Reinforced Body","Steam"],"picked":"Redo","floor":6},{"not_picked":["Gash","BootSequence"],"picked":"Chaos","floor":7},{"not_picked":["Darkness","Reprogram"],"picked":"Storm","floor":12},{"not_picked":["Go for the Eyes","Ball Lightning"],"picked":"Hello World","floor":13},{"not_picked":["Machine Learning","All For One"],"picked":"Echo Form","floor":16},{"not_picked":["Coolheaded","Stack"],"picked":"Redo","floor":18},{"not_picked":["Lockon","Compile Driver"],"picked":"Steam","floor":22},{"not_picked":["Scrape+1","Genetic Algorithm"],"picked":"Capacitor","floor":24},{"not_picked":["Compile Driver","Coolheaded","Sweeping Beam"],"picked":"SKIP","floor":25}],"player_experience":1128609,"relics_obtained":[{"floor":6,"key":"Vajra"},{"floor":9,"key":"Juzu Bracelet"},{"floor":12,"key":"Ice Cream"},{"floor":25,"key":"Art of War"},{"floor":26,"key":"Blue Candle"}],"event_choices":[{"damage_healed":0,"gold_gain":0,"player_choice":"Bought 2 Potions","damage_taken":0,"max_hp_gain":0,"max_hp_loss":0,"event_name":"The Woman in Blue","floor":2,"gold_loss":0},{"damage_healed":0,"gold_gain":75,"player_choice":"Gather Gold","damage_taken":11,"max_hp_gain":0,"max_hp_loss":0,"event_name":"World of Goop","floor":5,"gold_loss":0},{"damage_healed":0,"gold_gain":150,"player_choice":"AGREE","damage_taken":0,"max_hp_gain":0,"max_hp_loss":0,"event_name":"Liars Game","floor":11,"gold_loss":0,"cards_obtained":["Doubt"]},{"damage_healed":0,"gold_gain":0,"player_choice":"Fight","damage_taken":0,"max_hp_gain":0,"max_hp_loss":0,"event_name":"Colosseum","floor":19,"gold_loss":0},{"damage_healed":0,"gold_gain":0,"player_choice":"Fled From Nobs","damage_taken":0,"max_hp_gain":0,"max_hp_loss":0,"event_name":"Colosseum","floor":19,"gold_loss":0},{"damage_healed":0,"gold_gain":50,"player_choice":"Stole From Cult","damage_taken":0,"max_hp_gain":0,"max_hp_loss":0,"event_name":"Nest","floor":20,"gold_loss":0}],"is_beta":false,"boss_relics":[{"not_picked":["Pandora\u0027s Box","Snecko Eye"],"picked":"White Beast Statue"}],"items_purged_floors":[],"is_endless":false,"potions_floor_spawned":[7,12,16,18,19,22,24,25],"killed_by":"Centurion and Healer","ascension_level":18}