{"gold_per_floor":[112,112,112,127,52,116,116,145,191,216,235,54,54,70,70,145,145,155,155,171,171,441,441,441],"floor_reached":24,"playtime":892,"items_purged":["Defend_B"],"score":474,"play_id":"461d971d-75be-4619-b53b-36f97d6a207b","local_time":"20190317215614","is_ascension_mode":true,"campfire_choices":[{"data":"Zap","floor":7,"key":"SMITH"},{"data":"Consume","floor":13,"key":"SMITH"},{"floor":15,"key":"REST"},{"floor":23,"key":"REST"}],"neow_cost":"NONE","seed_source_timestamp":39435932944600,"circlet_count":0,"master_deck":["AscendersBane","Strike_B","Defend_B","Zap+1","Dualcast","Coolheaded","Glacier","Undo","Consume+1","Cold Snap","Recycle","Buffer","Capacitor"],"relics":["Cracked Core","NeowsBlessing","Tiny Chest","Ancient Tea Set","Oddly Smooth Stone","Emotion Chip","Empty Cage"],"potions_floor_usage":[8,20,24],"damage_taken":[{"damage":0,"enemies":"Cultist","floor":1,"turns":1},{"damage":0,"enemies":"Small Slimes","floor":4,"turns":1},{"damage":0,"enemies":"Lagavulin","floor":6,"turns":1},{"damage":19,"enemies":"3 Sentries","floor":8,"turns":13},{"damage":19,"enemies":"Lagavulin","floor":10,"turns":13},{"damage":0,"enemies":"Jaw Worm","floor":11,"turns":6},{"damage":7,"enemies":"Exordium Wildlife","floor":14,"turns":4},{"damage":26,"enemies":"The Guardian","floor":16,"turns":21},{"damage":0,"enemies":"Spheric Guardian","floor":18,"turns":8},{"damage":4,"enemies":"3 Byrds","floor":20,"turns":7},{"damage":73,"enemies":"Slavers","floor":24,"turns":5}],"seed_played":"-6044110229430926004","potions_obtained":[{"floor":4,"key":"FocusPotion"},{"floor":6,"key":"EssenceOfSteel"},{"floor":11,"key":"FairyPotion"}],"is_trial":false,"path_per_floor":["M","$","?","M","?","E","R","E","T","E","M","$","R","M","R","B",null,"M","?","M","T","?","R","E"],"character_chosen":"DEFECT","items_purchased":["Consume","Cold Snap"],"campfire_rested":2,"item_purchase_floors":[12,12],"current_hp_per_floor":[64,64,64,64,64,64,64,45,45,26,26,26,26,19,40,14,57,57,57,53,53,18,39,0],"gold":441,"neow_bonus":"THREE_ENEMY_KILL","is_prod":false,"is_daily":false,"chose_seed":false,"campfire_upgraded":2,"win_rate":0,"timestamp":1552827374,"path_taken":["M","$","?","?","?","E","R","E","T","E","M","$","R","M","R","BOSS","M","?","M","?","?","R","E"],"build_version":"2019-01-23","purchased_purges":1,"victory":false,"max_hp_per_floor":[71,71,71,71,71,71,71,71,71,71,71,71,71,71,71,71,71,71,71,71,71,71,71,71],"card_choices":[{"not_picked":["Stack","Gash"],"picked":"Coolheaded","floor":1},{"not_picked":["Steam","Compile Driver","Barrage"],"picked":"SKIP","floor":4},{"not_picked":["Stack","Skim","Hello World"],"picked":"SKIP","floor":6},{"not_picked":["Beam Cell","Tempest"],"picked":"Glacier","floor":8},{"not_picked":["Turbo","Compile Driver"],"picked":"Undo","floor":10},{"not_picked":["Ball Lightning","Force Field","Hologram"],"picked":"SKIP","floor":11},{"not_picked":["Turbo","Double Energy"],"picked":"Recycle","floor":14},{"not_picked":["Thunder Strike","Amplify"],"picked":"Buffer","floor":16},{"not_picked":["Consume","Steam Power"],"picked":"Capacitor","floor":18},{"not_picked":["Sweeping Beam+1","Beam Cell+1","Go for the Eyes+1"],"picked":"SKIP","floor":20}],"player_experience":2335407,"relics_obtained":[{"floor":6,"key":"Tiny Chest"},{"floor":8,"key":"Ancient Tea Set"},{"floor":9,"key":"Oddly Smooth Stone"},{"floor":10,"key":"Emotion Chip"}],"event_choices":[{"cards_removed":["Defend_B"],"damage_healed":0,"gold_gain":0,"player_choice":"Purged","damage_taken":0,"max_hp_gain":0,"max_hp_loss":0,"event_name":"Purifier","floor":3,"gold_loss":0},{"cards_removed":["Strike_B"],"damage_healed":0,"gold_gain":0,"player_choice":"Card Removal","damage_taken":0,"max_hp_gain":0,"max_hp_loss":0,"event_name":"The Cleric","floor":5,"gold_loss":75},{"cards_removed":["Strike_B"],"damage_healed":0,"gold_gain":0,"player_choice":"Elegance","damage_taken":0,"max_hp_gain":0,"max_hp_loss":0,"event_name":"Back to Basics","floor":19,"gold_loss":0},{"damage_healed":0,"gold_gain":270,"player_choice":"GOLD GOLD GOLD POTION ","damage_taken":35,"max_hp_gain":0,"max_hp_loss":0,"event_name":"Knowing Skull","floor":22,"potions_obtained":["SpeedPotion"],"gold_loss":0,"cards_obtained":[]}],"is_beta":false,"boss_relics":[{"not_picked":["Eternal Feather","Nuclear Battery"],"picked":"Empty Cage"}],"items_purged_floors":[12],"is_endless":false,"potions_floor_spawned":[4,6,11],"killed_by":"Slavers","ascension_level":20}