{"gold_per_floor":[114,132,57,207,76,76,105,380,380,706,706,37,47,79,79,155,155,167,167,186,196,196,196,214,214,241,253,265,311,342,367,379,469,481,506,533,545,557,569,581,605,617,629,47,72,72,72,85,85,85,85,85,85,30,64,64],"floor_reached":57,"playtime":3486,"items_purged":["Doubt","Regret","Defend_B"],"score":3082,"play_id":"94de9d79-5a65-4a5f-9bd8-9674b222425e","local_time":"20190224171607","is_ascension_mode":true,"campfire_choices":[{"data":"Turbo","floor":6.0,"key":"SMITH"},{"floor":11.0,"key":"REST"},{"data":"Loop","floor":15.0,"key":"SMITH"},{"data":"Defragment","floor":23.0,"key":"SMITH"},{"data":"Biased Cognition","floor":25.0,"key":"SMITH"},{"data":"Coolheaded","floor":27.0,"key":"SMITH"},{"floor":32.0,"key":"REST"},{"data":"Fission","floor":40.0,"key":"SMITH"},{"data":"Seek","floor":42.0,"key":"SMITH"},{"floor":46.0,"key":"RECALL"},{"data":"Loop","floor":49.0,"key":"SMITH"},{"data":"Loop","floor":53.0,"key":"SMITH"}],"neow_cost":"NONE","seed_source_timestamp":361726971890900,"circlet_count":0,"master_deck":["AscendersBane","Strike_B","Defend_B","Zap","Dualcast","Meteor Strike+1","Buffer+1","Genetic Algorithm+1","Turbo+1","Consume+1","Glacier","Glacier","Loop+1","White Noise","Biased Cognition+1","Conserve Battery+1","Defragment+1","Coolheaded+1","Fission+1","Seek+1","Hologram+1","Loop+1","Loop+1","Hello World"],"special_seed":0,"relics":["Astrolabe","Bag of Marbles","Blue Candle","Old Coin","Singing Bowl","ClockworkSouvenir","Matryoshka","Philosopher\u0027s Stone","MawBank","Regal Pillow","Pen Nib","Snecko Eye","Art of War","Runic Capacitor","Bronze Scales","Letter Opener","Strawberry"],"potions_floor_usage":[56,56],"damage_taken":[{"damage":0.0,"enemies":"Cultist","floor":1.0,"turns":5.0},{"damage":2.0,"enemies":"Jaw Worm","floor":2.0,"turns":5.0},{"damage":40.0,"enemies":"3 Sentries","floor":7.0,"turns":10.0},{"damage":1.0,"enemies":"Gremlin Nob","floor":10.0,"turns":4.0},{"damage":0.0,"enemies":"2 Louse","floor":13.0,"turns":6.0},{"damage":0.0,"enemies":"Lagavulin","floor":14.0,"turns":9.0},{"damage":0.0,"enemies":"Slime Boss","floor":16.0,"turns":16.0},{"damage":0.0,"enemies":"Spheric Guardian","floor":18.0,"turns":9.0},{"damage":13.0,"enemies":"3 Byrds","floor":20.0,"turns":7.0},{"damage":17.0,"enemies":"Snake Plant","floor":21.0,"turns":5.0},{"damage":5.0,"enemies":"Centurion and Healer","floor":24.0,"turns":9.0},{"damage":24.0,"enemies":"Book of Stabbing","floor":29.0,"turns":7.0},{"damage":0.0,"enemies":"Cultist and Chosen","floor":30.0,"turns":6.0},{"damage":0.0,"enemies":"3 Cultists","floor":31.0,"turns":2.0},{"damage":19.0,"enemies":"Champ","floor":33.0,"turns":18.0},{"damage":0.0,"enemies":"Orb Walker","floor":35.0,"turns":5.0},{"damage":1.0,"enemies":"3 Darklings","floor":36.0,"turns":6.0},{"damage":0.0,"enemies":"Maw","floor":41.0,"turns":9.0},{"damage":51.0,"enemies":"Reptomancer","floor":45.0,"turns":8.0},{"damage":0.0,"enemies":"Transient","floor":48.0,"turns":6.0},{"damage":0.0,"enemies":"Time Eater","floor":50.0,"turns":7.0},{"damage":0.0,"enemies":"Donu and Deca","floor":51.0,"turns":11.0},{"damage":44.0,"enemies":"Shield and Spear","floor":55.0,"turns":10.0},{"damage":8,"enemies":"The Heart","floor":56,"turns":9}],"seed_played":"6239058982064283913","potions_obtained":[{"floor":1.0,"key":"SteroidPotion"},{"floor":2.0,"key":"Weak Potion"},{"floor":13.0,"key":"SpeedPotion"},{"floor":21.0,"key":"Fire Potion"},{"floor":29.0,"key":"SkillPotion"},{"floor":30.0,"key":"Swift Potion"},{"floor":31.0,"key":"SpeedPotion"},{"floor":41.0,"key":"Regen Potion"},{"floor":48.0,"key":"Weak Potion"}],"is_trial":false,"path_per_floor":["M","M","?","?","$","R","E","?","T","E","R","$","M","E","R","B",null,"M","?","M","M","?","R","M","R","T","R","$","E","M","M","R","B",null,"M","M","?","?","?","R","M","R","T","$","E","R","?","M","R","B","B",null,"R","$","E","B",null],"character_chosen":"DEFECT","items_purchased":["Energy Potion","Singing Bowl","ClockworkSouvenir","Loop","Runic Capacitor","Bronze Scales","Loop","Energy Potion"],"campfire_rested":2,"item_purchase_floors":[5,12,12,12,44,44,44,54],"current_hp_per_floor":[64,62,62,62,62,62,22,22,22,21,42,42,42,44,44,44,66,66,66,55,40,40,40,35,35,35,35,35,13,15,15,54,35,70,70,71,71,71,71,71,73,73,73,73,39,39,68,68,68,68,68,68,68,68,31,23],"gold":64,"neow_bonus":"BOSS_RELIC","is_prod":false,"is_daily":false,"chose_seed":false,"campfire_upgraded":9,"win_rate":0,"timestamp":1550996167,"path_taken":["M","?","?","?","$","R","E","?","T","E","R","$","M","E","R","BOSS","M","?","?","M","?","R","M","R","T","R","$","E","M","M","R","BOSS","M","M","?","?","?","R","M","R","T","$","E","R","?","M","R","BOSS","BOSS","R","$","E","BOSS"],"build_version":"2019-01-23","purchased_purges":3,"victory":true,"max_hp_per_floor":[71,71,71,71,71,71,71,71,71,71,71,71,71,73,73,73,73,73,73,75,77,77,77,77,77,77,77,77,79,81,81,81,81,81,81,83,79,79,79,79,81,81,81,81,83,83,68,68,68,68,68,68,68,68,75,75],"card_choices":[{"not_picked":["Leap","Hologram"],"picked":"Turbo","floor":1.0},{"not_picked":["Hologram","Meteor Strike"],"picked":"Consume","floor":2.0},{"not_picked":["Fusion","Barrage"],"picked":"Glacier","floor":7.0},{"not_picked":["Rip and Tear","Heatsinks"],"picked":"Glacier","floor":10.0},{"not_picked":["Redo","Streamline"],"picked":"White Noise","floor":13.0},{"not_picked":["Stack","Redo","Recycle"],"picked":"Singing Bowl","floor":14.0},{"not_picked":["Multi-Cast","Meteor Strike"],"picked":"Biased Cognition","floor":16.0},{"not_picked":["Go for the Eyes+1","Streamline"],"picked":"Conserve Battery+1","floor":18.0},{"not_picked":["Sweeping Beam","Leap","Go for the Eyes"],"picked":"Singing Bowl","floor":20.0},{"not_picked":["Beam Cell","Leap","Doom and Gloom"],"picked":"Singing Bowl","floor":21.0},{"not_picked":["Stack","Beam Cell+1"],"picked":"Coolheaded","floor":24.0},{"not_picked":["Cold Snap","Doom and Gloom","Sweeping Beam+1"],"picked":"Singing Bowl","floor":29.0},{"not_picked":["Conserve Battery","Rebound","Coolheaded"],"picked":"Singing Bowl","floor":30.0},{"not_picked":["Redo","Undo"],"picked":"Fission","floor":31.0},{"not_picked":["Amplify","Machine Learning"],"picked":"Seek","floor":33.0},{"not_picked":["Barrage","Doom and Gloom+1"],"picked":"Hologram+1","floor":35.0},{"not_picked":["Sweeping Beam","Coolheaded+1","Leap"],"picked":"Singing Bowl","floor":36.0},{"not_picked":["Lockon","Chaos","Cold Snap"],"picked":"Singing Bowl","floor":41.0},{"not_picked":["Steam","Double Energy","Force Field"],"picked":"Singing Bowl","floor":45.0},{"not_picked":["Gash","Melter"],"picked":"Loop","floor":48.0},{"not_picked":["Stack+1","Darkness"],"picked":"Hello World","floor":55.0}],"player_experience":1800750,"relics_obtained":[{"floor":7.0,"key":"Bag of Marbles"},{"floor":9.0,"key":"Blue Candle"},{"floor":10.0,"key":"Old Coin"},{"floor":14.0,"key":"Matryoshka"},{"floor":26.0,"key":"MawBank"},{"floor":26.0,"key":"Regal Pillow"},{"floor":29.0,"key":"Pen Nib"},{"floor":43.0,"key":"Art of War"},{"floor":45.0,"key":"Letter Opener"},{"floor":55.0,"key":"Strawberry"}],"event_choices":[{"cards_removed":["Strike_B"],"damage_healed":0.0,"max_hp_gain":0.0,"max_hp_loss":0.0,"gold_gain":0.0,"event_name":"The Cleric","player_choice":"Card Removal","floor":3.0,"gold_loss":75.0,"damage_taken":0.0},{"damage_healed":0.0,"max_hp_gain":0.0,"max_hp_loss":0.0,"gold_gain":150.0,"event_name":"Liars Game","player_choice":"AGREE","floor":4.0,"gold_loss":0.0,"damage_taken":0.0,"cards_obtained":["Doubt"]},{"damage_healed":0.0,"max_hp_gain":0.0,"max_hp_loss":0.0,"gold_gain":275.0,"event_name":"Golden Shrine","player_choice":"Desecrate","floor":8.0,"gold_loss":0.0,"damage_taken":0.0,"cards_obtained":["Regret"]},{"damage_healed":0.0,"max_hp_gain":0.0,"max_hp_loss":0.0,"gold_gain":0.0,"event_name":"Upgrade Shrine","player_choice":"Upgraded","floor":19.0,"gold_loss":0.0,"damage_taken":0.0,"cards_upgraded":["Consume"]},{"damage_healed":0.0,"max_hp_gain":0.0,"max_hp_loss":0.0,"gold_gain":0.0,"event_name":"The Library","player_choice":"Read","floor":22.0,"gold_loss":0.0,"damage_taken":0.0,"cards_obtained":["Defragment"]},{"damage_healed":0.0,"max_hp_gain":0.0,"max_hp_loss":4.0,"gold_gain":0.0,"event_name":"Winding Halls","player_choice":"Max HP","floor":37.0,"gold_loss":0.0,"damage_taken":0.0},{"cards_removed":["Strike_B"],"damage_healed":0.0,"max_hp_gain":0.0,"max_hp_loss":0.0,"gold_gain":0.0,"event_name":"Falling","player_choice":"Removed Attack","floor":38.0,"gold_loss":0.0,"damage_taken":0.0},{"damage_healed":0.0,"max_hp_gain":0.0,"max_hp_loss":0.0,"gold_gain":0.0,"event_name":"Tomb of Lord Red Mask","player_choice":"Ignored","floor":39.0,"gold_loss":0.0,"damage_taken":0.0},{"damage_healed":68.0,"max_hp_gain":0.0,"max_hp_loss":15.0,"gold_gain":0.0,"event_name":"The Moai Head","player_choice":"Heal","floor":47.0,"gold_loss":0.0,"damage_taken":0.0}],"is_beta":false,"boss_relics":[{"not_picked":["Lizard Tail","Velvet Choker"],"picked":"Philosopher\u0027s Stone"},{"not_picked":["Empty Cage","Pandora\u0027s Box"],"picked":"Snecko Eye"}],"items_purged_floors":[5,12,44],"is_endless":false,"potions_floor_spawned":[1,2,13,21,29,30,31,41,48],"ascension_level":20}