{"gold_per_floor":[117,392,411,411,371,371,406,406,406,166,176,189,200,220,220,297,297,312,312,65,75,93,93,127,177,177,39,39,39,49,66,66,140,140,151,151,151,151,251,251,281,281,328,9,9,41,41,51,51,51,51,51,51,51,77,77],"floor_reached":57,"playtime":2465,"items_purged":["Regret","Strike_R","Bash"],"score":2877,"play_id":"6b3380ce-b44f-4f7b-b647-a7a29a08c567","local_time":"20190416200350","is_ascension_mode":true,"campfire_choices":[{"data":"Carnage","floor":6,"key":"SMITH"},{"data":"1","floor":8,"key":"LIFT"},{"data":"Armaments","floor":15,"key":"SMITH"},{"data":"2","floor":23,"key":"LIFT"},{"floor":28,"key":"REST"},{"floor":32,"key":"REST"},{"data":"3","floor":40,"key":"LIFT"},{"floor":42,"key":"RECALL"},{"floor":49,"key":"REST"},{"floor":53,"key":"REST"}],"neow_cost":"NONE","seed_source_timestamp":55980221598500,"circlet_count":0,"master_deck":["AscendersBane","Shrug It Off","Carnage+1","Dark Embrace","Corruption","Armaments+1","Flame Barrier","Pommel Strike+1","Double Tap","Perfected Strike+1","Uppercut+1","Perfected Strike+1","Shrug It Off","Feel No Pain","Reaper+1","Armaments","Shockwave","Barricade","Evolve","Flex","Exhume","True Grit","Carnage+1","Pommel Strike+1","Sentinel","Spot Weakness","Flame Barrier","Bandage Up","Blind","Armaments+1","Corruption","Chrysalis","Madness","Madness","Armaments+1","Sword Boomerang+1"],"relics":["Snecko Eye","Girya","Turnip","Molten Egg 2","PreservedInsect","Fusion Hammer","Blood Vial","Smiling Mask","Pandora\u0027s Box","Mercury Hourglass","Gambling Chip","Anchor","Regal Pillow","Juzu Bracelet","Self Forming Clay","Magic Flower"],"potions_floor_usage":[5,7,16,24,33,56,56],"damage_taken":[{"damage":2,"enemies":"Jaw Worm","floor":1,"turns":2},{"damage":3,"enemies":"Cultist","floor":3,"turns":3},{"damage":10,"enemies":"Lagavulin","floor":7,"turns":3},{"damage":0,"enemies":"Small Slimes","floor":11,"turns":1},{"damage":7,"enemies":"2 Fungi Beasts","floor":12,"turns":3},{"damage":0,"enemies":"Red Slaver","floor":13,"turns":2},{"damage":0,"enemies":"Lots of Slimes","floor":14,"turns":4},{"damage":13,"enemies":"Hexaghost","floor":16,"turns":6},{"damage":5,"enemies":"3 Byrds","floor":18,"turns":4},{"damage":0,"enemies":"Chosen","floor":21,"turns":2},{"damage":0,"enemies":"3 Cultists","floor":22,"turns":4},{"damage":34,"enemies":"Gremlin Leader","floor":24,"turns":4},{"damage":18,"enemies":"Snake Plant","floor":30,"turns":2},{"damage":3,"enemies":"Shelled Parasite and Fungi","floor":31,"turns":2},{"damage":0,"enemies":"Champ","floor":33,"turns":8},{"damage":0,"enemies":"3 Darklings","floor":35,"turns":4},{"damage":0,"enemies":"Mind Bloom Boss Battle","floor":39,"turns":4},{"damage":2,"enemies":"Reptomancer","floor":41,"turns":5},{"damage":3,"enemies":"Giant Head","floor":46,"turns":2},{"damage":7,"enemies":"Orb Walker","floor":48,"turns":3},{"damage":28,"enemies":"Time Eater","floor":50,"turns":11},{"damage":16,"enemies":"Awakened One","floor":51,"turns":9},{"damage":15,"enemies":"Shield and Spear","floor":55,"turns":5},{"damage":77,"enemies":"The Heart","floor":56,"turns":6}],"seed_played":"4745568711721541834","potions_obtained":[{"floor":5,"key":"Fruit Juice"},{"floor":5,"key":"GamblersBrew"},{"floor":5,"key":"Block Potion"},{"floor":12,"key":"FearPotion"},{"floor":16,"key":"Strength Potion"},{"floor":39,"key":"BloodPotion"},{"floor":55,"key":"Regen Potion"}],"is_trial":false,"path_per_floor":["M","?","M","?","?","R","E","R","T","$","M","M","M","M","R","B",null,"M","$","$","M","M","R","E","?","T","$","R","?","M","M","R","B",null,"M","T","?","?","?","R","E","R","T","$","?","E","T","M","R","B","B",null,"R","$","E","B",null],"character_chosen":"IRONCLAD","items_purchased":["PreservedInsect","Blood Vial","Uppercut+1","Feel No Pain","Chrysalis","LiquidBronze"],"campfire_rested":4,"item_purchase_floors":[10,20,20,27,44,44],"current_hp_per_floor":[66,66,63,52,57,57,47,47,47,47,47,40,40,40,40,27,67,62,62,62,64,66,66,34,34,34,34,58,58,42,41,65,77,79,80,80,70,70,76,76,78,78,78,78,64,77,77,80,80,74,80,80,80,80,71,14],"gold":77,"neow_bonus":"BOSS_RELIC","is_prod":false,"is_daily":false,"chose_seed":false,"campfire_upgraded":2,"win_rate":0,"timestamp":1555412630,"path_taken":["M","?","?","?","?","R","E","R","T","$","?","M","M","M","R","BOSS","M","?","$","?","M","R","E","?","T","$","R","?","?","?","R","BOSS","M","?","?","?","?","R","E","R","T","$","?","E","?","M","R","BOSS","BOSS","R","$","E","BOSS"],"build_version":"2019-01-23","purchased_purges":3,"victory":true,"max_hp_per_floor":[75,75,75,75,80,80,80,80,80,80,80,80,80,80,80,80,80,80,80,80,80,80,80,80,80,80,80,80,80,80,80,80,80,80,80,80,80,80,80,80,80,80,80,80,80,80,80,80,80,80,80,80,80,80,80,80],"card_choices":[{"not_picked":["Heavy Blade","Sword Boomerang"],"picked":"Shrug It Off","floor":1},{"not_picked":["Pommel Strike","Sever Soul"],"picked":"Carnage","floor":3},{"not_picked":["Wild Strike","Ghostly Armor"],"picked":"Dark Embrace","floor":7},{"not_picked":["Uppercut+1","Feel No Pain"],"picked":"Corruption","floor":11},{"not_picked":["Burning Pact","Cleave+1"],"picked":"Armaments","floor":12},{"not_picked":["Metallicize","Perfected Strike+1"],"picked":"Flame Barrier","floor":13},{"not_picked":["Shrug It Off","Hemokinesis+1"],"picked":"Pommel Strike+1","floor":14},{"not_picked":["Limit Break","Offering"],"picked":"Double Tap","floor":16},{"not_picked":["Sword Boomerang+1","Heavy Blade+1"],"picked":"Perfected Strike+1","floor":18},{"not_picked":["Thunderclap+1","Hemokinesis+1","Headbutt+1"],"picked":"SKIP","floor":21},{"not_picked":["Thunderclap+1","Flex"],"picked":"Perfected Strike+1","floor":22},{"not_picked":["Shrug It Off","Sword Boomerang+1","Metallicize"],"picked":"SKIP","floor":24},{"not_picked":["Sword Boomerang+1","Metallicize"],"picked":"Shrug It Off","floor":24},{"not_picked":["Wild Strike+1","Disarm"],"picked":"Armaments","floor":30},{"not_picked":["Flex","Warcry"],"picked":"Shockwave","floor":31},{"not_picked":["Impervious","Berserk"],"picked":"Barricade","floor":33},{"not_picked":["Wild Strike+1","Sever Soul+1"],"picked":"Flame Barrier","floor":35},{"not_picked":["Dramatic Entrance+1","Secret Technique"],"picked":"Bandage Up","floor":37},{"not_picked":["Magnetism","Mind Blast+1"],"picked":"Blind","floor":37},{"not_picked":["True Grit","Corruption"],"picked":"Armaments+1","floor":39},{"not_picked":["Pummel+1","Armaments"],"picked":"Corruption","floor":41},{"not_picked":["True Grit","Power Through","Hemokinesis+1"],"picked":"SKIP","floor":46},{"not_picked":["True Grit","Rage+1"],"picked":"Armaments+1","floor":48},{"not_picked":["Second Wind","Heavy Blade+1"],"picked":"Sword Boomerang+1","floor":55}],"player_experience":3186043,"relics_obtained":[{"floor":7,"key":"Turnip"},{"floor":9,"key":"Molten Egg 2"},{"floor":24,"key":"Smiling Mask"},{"floor":36,"key":"Mercury Hourglass"},{"floor":39,"key":"Gambling Chip"},{"floor":41,"key":"Anchor"},{"floor":43,"key":"Regal Pillow"},{"floor":46,"key":"Juzu Bracelet"},{"floor":47,"key":"Self Forming Clay"},{"floor":55,"key":"Magic Flower"}],"event_choices":[{"damage_healed":0,"gold_gain":275,"player_choice":"Desecrate","damage_taken":0,"max_hp_gain":0,"max_hp_loss":0,"event_name":"Golden Shrine","floor":2,"gold_loss":0,"cards_obtained":["Regret"]},{"damage_healed":0,"gold_gain":0,"player_choice":"Success","damage_taken":11,"relics_obtained":["Girya"],"max_hp_gain":0,"max_hp_loss":0,"event_name":"Scrap Ooze","floor":4,"gold_loss":0},{"damage_healed":0,"gold_gain":0,"player_choice":"Bought 3 Potions","damage_taken":0,"max_hp_gain":0,"max_hp_loss":0,"event_name":"The Woman in Blue","floor":5,"gold_loss":0},{"damage_healed":0,"gold_gain":50,"player_choice":"Stole From Cult","damage_taken":0,"max_hp_gain":0,"max_hp_loss":0,"event_name":"Nest","floor":25,"gold_loss":0},{"damage_healed":0,"gold_gain":0,"player_choice":"1 cards matched","damage_taken":0,"max_hp_gain":0,"max_hp_loss":0,"event_name":"Match and Keep!","floor":29,"gold_loss":0,"cards_obtained":["Reaper"]},{"damage_healed":0,"gold_gain":0,"player_choice":"Memory 3","damage_taken":10,"max_hp_gain":0,"max_hp_loss":0,"event_name":"SensoryStone","floor":37,"gold_loss":0},{"damage_healed":0,"gold_gain":0,"player_choice":"Ignored","damage_taken":0,"max_hp_gain":0,"max_hp_loss":0,"event_name":"Tomb of Lord Red Mask","floor":38,"gold_loss":0},{"damage_healed":0,"gold_gain":0,"player_choice":"Fight","damage_taken":0,"max_hp_gain":0,"max_hp_loss":0,"event_name":"MindBloom","floor":39,"gold_loss":0},{"damage_healed":0,"gold_gain":0,"player_choice":"Embrace Madness","damage_taken":14,"max_hp_gain":0,"max_hp_loss":0,"event_name":"Winding Halls","floor":45,"gold_loss":0,"cards_obtained":["Madness","Madness"]}],"is_beta":false,"boss_relics":[{"not_picked":["Philosopher\u0027s Stone","Tiny House"],"picked":"Fusion Hammer"},{"not_picked":["Mark of Pain","Busted Crown"],"picked":"Pandora\u0027s Box"}],"items_purged_floors":[10,27,44],"is_endless":false,"potions_floor_spawned":[12,13,14,16,18,21,22,39,55],"ascension_level":20}