{"gold_per_floor":[111,58,58,58,58,58,89,52,52,68,106,134,152,175,175,271,271,289,289,313,313,313,313,338,338,338,378,378,44,44,60,60,153,153,169,194,194],"floor_reached":37,"playtime":1470,"items_purged":["Strike_B"],"score":840,"play_id":"0ff9bb99-86ca-41a0-99b6-24e1093cc593","local_time":"20190306151935","is_ascension_mode":true,"campfire_choices":[{"floor":6,"key":"REST"},{"data":"Electrodynamics","floor":15,"key":"SMITH"},{"data":"Loop","floor":23,"key":"SMITH"},{"floor":25,"key":"REST"},{"data":"Recycle","floor":28,"key":"SMITH"},{"data":"Defragment","floor":32,"key":"SMITH"}],"neow_cost":"NONE","seed_source_timestamp":134846886020900,"circlet_count":0,"master_deck":["AscendersBane","Strike_B","Defend_B+1","Defend_B","Defend_B","Zap+1","Dualcast","Rip and Tear","Cold Snap","Conserve Battery","Self Repair","Electrodynamics+1","Gash","Chill","Reboot","Sweeping Beam+1","Stack+1","Recycle+1","Loop+1","Reboot","Melter","Seek","Consume+1","Defragment+1","Enlightenment","Seek"],"relics":["Cracked Core","NeowsBlessing","Golden Idol","Sundial","Bag of Preparation","Ornamental Fan","Regal Pillow","Odd Mushroom","Astrolabe","Bottled Lightning","Runic Dome"],"potions_floor_usage":[16,16,18,24,27,33],"damage_taken":[{"damage":0,"enemies":"Jaw Worm","floor":1,"turns":1},{"damage":0,"enemies":"3 Sentries","floor":7,"turns":1},{"damage":0,"enemies":"2 Louse","floor":10,"turns":1},{"damage":18,"enemies":"Lagavulin","floor":11,"turns":7},{"damage":10,"enemies":"The Mushroom Lair","floor":12,"turns":3},{"damage":0,"enemies":"Small Slimes","floor":13,"turns":2},{"damage":8,"enemies":"Exordium Wildlife","floor":14,"turns":4},{"damage":13,"enemies":"Slime Boss","floor":16,"turns":6},{"damage":20,"enemies":"Shell Parasite","floor":18,"turns":3},{"damage":0,"enemies":"3 Byrds","floor":20,"turns":1},{"damage":41,"enemies":"Shelled Parasite and Fungi","floor":24,"turns":8},{"damage":14,"enemies":"Slavers","floor":27,"turns":4},{"damage":10,"enemies":"3 Cultists","floor":31,"turns":3},{"damage":22,"enemies":"Champ","floor":33,"turns":27},{"damage":3,"enemies":"Orb Walker","floor":35,"turns":4},{"damage":1,"enemies":"3 Darklings","floor":36,"turns":6},{"damage":72,"enemies":"Maw","floor":37,"turns":9}],"seed_played":"-7549949572604498470","potions_obtained":[{"floor":1,"key":"Poison Potion"},{"floor":12,"key":"Weak Potion"},{"floor":14,"key":"FearPotion"},{"floor":16,"key":"AttackPotion"},{"floor":18,"key":"Fire Potion"},{"floor":20,"key":"SpeedPotion"},{"floor":24,"key":"Weak Potion"},{"floor":31,"key":"Energy Potion"},{"floor":33,"key":"Swift Potion"}],"is_trial":false,"path_per_floor":["M","$","?","?","?","R","E","$","T","M","E","?","M","M","R","B",null,"M","?","M","?","$","R","M","R","T","E","R","$","?","M","R","B",null,"M","M","M"],"character_chosen":"DEFECT","items_purchased":["Cold Snap","Self Repair","Consume","Defragment","Enlightenment"],"campfire_rested":2,"item_purchase_floors":[2,8,29,29,29],"current_hp_per_floor":[64,64,40,19,14,35,35,35,35,35,24,21,28,27,27,21,59,46,46,46,46,46,46,12,48,48,41,41,41,41,31,31,16,57,61,67,0],"gold":194,"neow_bonus":"THREE_ENEMY_KILL","is_prod":false,"is_daily":false,"chose_seed":false,"campfire_upgraded":4,"win_rate":0,"timestamp":1551853175,"path_taken":["M","$","?","?","?","R","E","$","T","M","E","?","?","M","R","BOSS","M","?","?","?","?","R","M","R","T","E","R","$","?","M","R","BOSS","M","M","M"],"build_version":"2019-01-23","purchased_purges":1,"victory":false,"max_hp_per_floor":[71,71,71,71,71,71,71,71,71,71,71,71,71,71,71,71,71,71,71,71,71,71,71,71,71,71,71,71,71,71,71,71,71,71,71,71,71],"card_choices":[{"not_picked":["Aggregate","Melter"],"picked":"Rip and Tear","floor":1},{"not_picked":["Storm","Stack"],"picked":"Conserve Battery","floor":7},{"not_picked":["Blizzard","Redo","Lockon"],"picked":"SKIP","floor":10},{"not_picked":["Reinforced Body","Darkness"],"picked":"Electrodynamics","floor":11},{"not_picked":["Conserve Battery","FTL"],"picked":"Gash","floor":13},{"not_picked":["Rebound","Undo"],"picked":"Chill","floor":14},{"not_picked":["Buffer","Echo Form"],"picked":"Reboot","floor":16},{"not_picked":["Rebound","Go for the Eyes","Streamline"],"picked":"SKIP","floor":18},{"not_picked":["Stack","Hologram"],"picked":"Loop","floor":20},{"not_picked":["Go for the Eyes","Compile Driver"],"picked":"Melter","floor":24},{"not_picked":["Compile Driver+1","Loop"],"picked":"Seek","floor":27},{"not_picked":["Conserve Battery","Melter","Ball Lightning"],"picked":"SKIP","floor":31},{"not_picked":["Buffer","Meteor Strike"],"picked":"Seek","floor":33},{"not_picked":["Scrape","Steam","Barrage"],"picked":"SKIP","floor":35},{"not_picked":["Streamline","Hologram","Steam"],"picked":"SKIP","floor":36}],"player_experience":2035488,"relics_obtained":[{"floor":7,"key":"Bag of Preparation"},{"floor":9,"key":"Ornamental Fan"},{"floor":11,"key":"Regal Pillow"},{"floor":12,"key":"Odd Mushroom"},{"floor":27,"key":"Bottled Lightning"}],"event_choices":[{"damage_healed":0,"gold_gain":0,"player_choice":"Take Damage","damage_taken":24,"relics_obtained":["Golden Idol"],"max_hp_gain":0,"max_hp_loss":0,"event_name":"Golden Idol","floor":3,"gold_loss":0},{"damage_healed":0,"gold_gain":0,"player_choice":"Entered Light","damage_taken":21,"max_hp_gain":0,"max_hp_loss":0,"event_name":"Shining Light","floor":4,"gold_loss":0,"cards_upgraded":["Defend_B","Zap"]},{"damage_healed":0,"gold_gain":0,"player_choice":"Success","damage_taken":5,"relics_obtained":["Sundial"],"max_hp_gain":0,"max_hp_loss":0,"event_name":"Scrap Ooze","floor":5,"gold_loss":0},{"damage_healed":0,"gold_gain":0,"player_choice":"Fought Mushrooms","damage_taken":0,"max_hp_gain":0,"max_hp_loss":0,"event_name":"Mushrooms","floor":12,"gold_loss":0},{"damage_healed":0,"gold_gain":0,"cards_transformed":["Steam Power"],"player_choice":"Transformed","damage_taken":0,"max_hp_gain":0,"max_hp_loss":0,"event_name":"Transmorgrifier","floor":19,"gold_loss":0,"cards_obtained":["Recycle"]},{"damage_healed":0,"gold_gain":0,"player_choice":"Copied","damage_taken":0,"max_hp_gain":0,"max_hp_loss":0,"event_name":"Duplicator","floor":21,"gold_loss":0,"cards_obtained":["Reboot"]},{"damage_healed":0,"gold_gain":0,"player_choice":"Forge","damage_taken":0,"max_hp_gain":0,"max_hp_loss":0,"event_name":"Accursed Blacksmith","floor":30,"gold_loss":0,"cards_upgraded":["Consume"]}],"is_beta":false,"boss_relics":[{"not_picked":["Pandora\u0027s Box","Velvet Choker"],"picked":"Astrolabe"},{"not_picked":["Eternal Feather","Black Star"],"picked":"Runic Dome"}],"items_purged_floors":[29],"is_endless":false,"potions_floor_spawned":[1,12,14,16,18,20,24,31,33],"killed_by":"Maw","ascension_level":20}