{"gold_per_floor":[112,82,95,20,37,37,53,82,82,97,97,111,140,157,157,157],"floor_reached":16,"playtime":361,"items_purged":["Strike_R"],"score":228,"play_id":"3d7b77b7-4b76-4061-83b8-cf39bbc9b8fc","local_time":"20190418204659","is_ascension_mode":true,"campfire_choices":[{"data":"Carnage","floor":6,"key":"SMITH"},{"data":"Bash","floor":11,"key":"SMITH"},{"data":"Juggernaut","floor":15,"key":"SMITH"}],"neow_cost":"NONE","seed_source_timestamp":233483889094100,"circlet_count":0,"master_deck":["AscendersBane","Strike_R","Strike_R","Strike_R","Strike_R","Defend_R","Defend_R","Defend_R","Defend_R","Bash+1","Carnage+1","Flame Barrier","Juggernaut+1","Shrug It Off"],"relics":["Burning Blood","Red Skull","Letter Opener","Question Card"],"potions_floor_usage":[16,16],"damage_taken":[{"damage":10,"enemies":"Small Slimes","floor":1,"turns":4},{"damage":0,"enemies":"Cultist","floor":3,"turns":2},{"damage":4,"enemies":"Jaw Worm","floor":5,"turns":4},{"damage":8,"enemies":"3 Louse","floor":7,"turns":4},{"damage":21,"enemies":"Gremlin Nob","floor":8,"turns":4},{"damage":11,"enemies":"Blue Slaver","floor":10,"turns":4},{"damage":2,"enemies":"Exordium Wildlife","floor":12,"turns":5},{"damage":39,"enemies":"Lagavulin","floor":13,"turns":9},{"damage":6,"enemies":"3 Louse","floor":14,"turns":4},{"damage":36,"enemies":"The Guardian","floor":16,"turns":2}],"seed_played":"-6062607238481803701","potions_obtained":[{"floor":1,"key":"SpeedPotion"},{"floor":2,"key":"Strength Potion"},{"floor":14,"key":"Dexterity Potion"}],"is_trial":false,"path_per_floor":["M","?","M","$","M","R","M","E","T","M","R","M","E","M","R","B"],"character_chosen":"IRONCLAD","items_purchased":[],"campfire_rested":0,"item_purchase_floors":[],"current_hp_per_floor":[64,64,70,70,72,72,70,55,55,50,50,54,21,21,21,0],"gold":157,"neow_bonus":"RANDOM_COMMON_RELIC","is_prod":false,"is_daily":false,"chose_seed":false,"campfire_upgraded":3,"win_rate":0,"timestamp":1555588019,"path_taken":["M","?","M","?","M","R","M","E","T","M","R","M","E","M","R","BOSS"],"build_version":"2019-01-23","purchased_purges":1,"victory":false,"max_hp_per_floor":[75,75,75,75,75,75,75,75,75,75,75,75,75,75,75,75],"card_choices":[{"not_picked":["Entrench","Sword Boomerang"],"picked":"Carnage","floor":1},{"not_picked":["Wild Strike","Metallicize","Sword Boomerang"],"picked":"SKIP","floor":3},{"not_picked":["Iron Wave","Burning Pact","Havoc"],"picked":"SKIP","floor":5},{"not_picked":["Havoc","Sever Soul"],"picked":"Flame Barrier","floor":7},{"not_picked":["Armaments","Dual Wield"],"picked":"Juggernaut","floor":8},{"not_picked":["Warcry","Corruption"],"picked":"Shrug It Off","floor":10},{"not_picked":["Heavy Blade","Sword Boomerang","Uppercut"],"picked":"SKIP","floor":12},{"not_picked":["Havoc","Spot Weakness","Clash"],"picked":"SKIP","floor":13},{"not_picked":["Fire Breathing","Metallicize","Clash","Perfected Strike"],"picked":"SKIP","floor":14}],"player_experience":3219572,"relics_obtained":[{"floor":9,"key":"Letter Opener"},{"floor":13,"key":"Question Card"}],"event_choices":[{"damage_healed":0,"gold_gain":0,"player_choice":"Bought 2 Potions","damage_taken":0,"max_hp_gain":0,"max_hp_loss":0,"event_name":"The Woman in Blue","floor":2,"gold_loss":0}],"is_beta":false,"boss_relics":[],"items_purged_floors":[4],"is_endless":false,"potions_floor_spawned":[1,8,13,14],"killed_by":"The Guardian","ascension_level":20}