{"gold_per_floor":[211,211,226,244,244,244,267,267,290,323,337,19,19,36,36,36],"floor_reached":16,"playtime":1535,"items_purged":["Strike_G"],"score":110,"play_id":"5ec39e85-4038-4b31-8e20-7e57a5651eec","local_time":"20190129214816","is_ascension_mode":true,"campfire_choices":[{"data":"Calculated Gamble","floor":6,"key":"SMITH"},{"data":"Survivor","floor":8,"key":"SMITH"},{"data":"Neutralize","floor":13,"key":"SMITH"},{"data":"Bouncing Flask","floor":15,"key":"SMITH"}],"neow_cost":"NONE","seed_source_timestamp":1060811851300,"circlet_count":0,"master_deck":["Defend_G","Defend_G","Defend_G","Defend_G","Defend_G","Strike_G","Strike_G","Strike_G","Survivor+1","Neutralize+1","Deadly Poison","Calculated Gamble+1","Acrobatics","Bouncing Flask+1"],"relics":["Ring of the Snake","Odd Mushroom","Centennial Puzzle","Vajra","Pear"],"potions_floor_usage":[7,11,16,16],"damage_taken":[{"damage":0,"enemies":"2 Louse","floor":1,"turns":3},{"damage":2,"enemies":"Small Slimes","floor":3,"turns":5},{"damage":0,"enemies":"Cultist","floor":4,"turns":4},{"damage":14,"enemies":"The Mushroom Lair","floor":7,"turns":7},{"damage":16,"enemies":"Lagavulin","floor":10,"turns":10},{"damage":0,"enemies":"Large Slime","floor":11,"turns":4},{"damage":1,"enemies":"Exordium Thugs","floor":14,"turns":5},{"damage":47,"enemies":"Slime Boss","floor":16,"turns":9}],"seed_played":"6743004686357410928","potions_obtained":[{"floor":1,"key":"Dexterity Potion"},{"floor":3,"key":"Swift Potion"},{"floor":7,"key":"SteroidPotion"},{"floor":14,"key":"GhostInAJar"}],"is_trial":false,"path_per_floor":["M","?","M","M","?","R","?","R","T","E","M","$","R","M","R","B"],"character_chosen":"THE_SILENT","items_purchased":["Pear"],"campfire_rested":0,"item_purchase_floors":[12],"current_hp_per_floor":[70,70,68,68,61,61,47,47,47,31,31,41,41,40,40,0],"gold":36,"neow_bonus":"HUNDRED_GOLD","is_prod":false,"is_daily":false,"chose_seed":false,"campfire_upgraded":4,"win_rate":0,"timestamp":1548794896,"path_taken":["M","?","M","M","?","R","?","R","T","E","M","$","R","M","R","BOSS"],"build_version":"2019-01-23","purchased_purges":1,"victory":false,"max_hp_per_floor":[70,70,70,70,70,70,70,70,70,70,70,80,80,80,80,80],"card_choices":[{"not_picked":["Choke","Backstab","Well Laid Plans"],"picked":"SKIP","floor":1},{"not_picked":["Cloak And Dagger","Tactician"],"picked":"Deadly Poison","floor":3},{"not_picked":["Reflex","Prepared"],"picked":"Calculated Gamble","floor":4},{"not_picked":["Blade Dance","Deadly Poison","Caltrops"],"picked":"SKIP","floor":10},{"not_picked":["Caltrops","Footwork"],"picked":"Acrobatics","floor":11},{"not_picked":["Outmaneuver","Cloak And Dagger"],"picked":"Bouncing Flask","floor":14}],"player_experience":128843,"relics_obtained":[{"floor":7,"key":"Odd Mushroom"},{"floor":9,"key":"Centennial Puzzle"},{"floor":10,"key":"Vajra"}],"event_choices":[{"damage_healed":0,"gold_gain":0,"player_choice":"Ignored","damage_taken":0,"max_hp_gain":0,"max_hp_loss":0,"event_name":"Liars Game","floor":2,"gold_loss":0},{"cards_removed":["Strike_G"],"damage_healed":0,"gold_gain":0,"player_choice":"Card Removal","damage_taken":7,"max_hp_gain":0,"max_hp_loss":0,"event_name":"Golden Wing","floor":5,"gold_loss":0},{"damage_healed":0,"gold_gain":0,"player_choice":"Fought Mushrooms","damage_taken":0,"max_hp_gain":0,"max_hp_loss":0,"event_name":"Mushrooms","floor":7,"gold_loss":0}],"is_beta":false,"boss_relics":[],"items_purged_floors":[12],"is_endless":false,"potions_floor_spawned":[1,3,7,14],"killed_by":"Slime Boss","ascension_level":2}