{"gold_per_floor":[109,109,109,129,147,147,174,174,200,225,9,25,52,52,52,155,155,167,16,26,26,26,26,26,26,79,109,109,119,119,130,130,230,230,249,249,249,18,34,69,81,424,462,505,59,69,98,98,98,98],"floor_reached":51,"playtime":2832,"items_purged":["Defend_B"],"score":1084,"play_id":"ef7dfaf1-0688-49de-83d2-b6525f6fd4e9","local_time":"20180908015529","is_ascension_mode":true,"campfire_choices":[{"data":"Zap","floor":6.0,"key":"SMITH"},{"floor":8.0,"key":"REST"},{"floor":15.0,"key":"REST"},{"data":"Defragment","floor":23.0,"key":"SMITH"},{"data":"Defragment","floor":25,"key":"SMITH"},{"floor":28,"key":"REST"},{"data":"Dualcast","floor":30,"key":"SMITH"},{"data":"Echo Form","floor":32,"key":"SMITH"},{"data":"Panache","floor":49,"key":"SMITH"}],"neow_cost":"NONE","seed_source_timestamp":0,"circlet_count":0,"master_deck":["Strike_B","Strike_B","Defend_B","Defend_B","Zap+1","Dualcast+1","Coolheaded","Chill","Conserve Battery","Auto Shields","Echo Form+1","Defragment+1","Defragment+1","Go for the Eyes","All For One","Buffer","Cold Snap","Defragment+1","Defragment+1","Undo","Coolheaded","Redo+1","Seek","Glacier+1","Leap+1","Capacitor","Coolheaded+1","Chill+1","Panache+1","Defend_B","Gash","Skim+1"],"special_seed":0,"relics":["Cracked Core","Boot","Juzu Bracelet","Oddly Smooth Stone","Potion Belt","Omamori","Pear","Black Star","PreservedInsect","Tiny Chest","Mummified Hand","Kunai","Busted Crown","Du-Vu Doll","Happy Flower","Orichalcum","MawBank","Old Coin","Incense Burner","Dream Catcher","Lantern","Bag of Marbles","DollysMirror","Regal Pillow","Vajra"],"potions_floor_usage":[27,27,33,33,35,35,42,47,50,50,50,50,50,50,50,50,50],"damage_taken":[{"damage":6.0,"enemies":"2 Louse","floor":1.0,"turns":3.0},{"damage":2.0,"enemies":"Cultist","floor":4.0,"turns":4.0},{"damage":0.0,"enemies":"Small Slimes","floor":5.0,"turns":3.0},{"damage":30.0,"enemies":"Gremlin Nob","floor":7.0,"turns":5.0},{"damage":16.0,"enemies":"3 Sentries","floor":10.0,"turns":8.0},{"damage":0.0,"enemies":"2 Fungi Beasts","floor":12.0,"turns":4.0},{"damage":14.0,"enemies":"Gremlin Nob","floor":13.0,"turns":5.0},{"damage":20.0,"enemies":"The Guardian","floor":16.0,"turns":9.0},{"damage":6.0,"enemies":"Chosen","floor":18.0,"turns":5.0},{"damage":10.0,"enemies":"Shell Parasite","floor":20.0,"turns":7.0},{"damage":9,"enemies":"Book of Stabbing","floor":27,"turns":4},{"damage":12,"enemies":"Snake Plant","floor":29,"turns":4},{"damage":0,"enemies":"Shelled Parasite and Fungi","floor":31,"turns":9},{"damage":18,"enemies":"Collector","floor":33,"turns":10},{"damage":34,"enemies":"3 Darklings","floor":35,"turns":7},{"damage":0,"enemies":"Mind Bloom Boss Battle","floor":37,"turns":8},{"damage":10,"enemies":"3 Shapes","floor":39,"turns":5},{"damage":0,"enemies":"Nemesis","floor":40,"turns":7},{"damage":0,"enemies":"2 Orb Walkers","floor":42,"turns":10},{"damage":6,"enemies":"Nemesis","floor":44,"turns":9},{"damage":0,"enemies":"Spire Growth","floor":46,"turns":8},{"damage":0,"enemies":"Giant Head","floor":47,"turns":8},{"damage":0,"enemies":"Donu and Deca","floor":50,"turns":10}],"seed_played":"6853111721317123086","potions_obtained":[{"floor":5.0,"key":"LiquidBronze"},{"floor":10.0,"key":"Explosive Potion"},{"floor":13.0,"key":"Explosive Potion"},{"floor":16.0,"key":"FocusPotion"},{"floor":20.0,"key":"EntropicBrew"},{"floor":27,"key":"Explosive Potion"},{"floor":33,"key":"EntropicBrew"},{"floor":46,"key":"Fire Potion"},{"floor":47,"key":"FocusPotion"}],"is_trial":false,"path_per_floor":["M","?","?","M","M","R","E","R","T","E","$","M","E","?","R","B",null,"M","$","M","?","?","R","?","R","T","E","R","M","R","M","R","B",null,"M","?","?","$","M","E","?","E","T","E","$","M","E","?","R","B"],"character_chosen":"DEFECT","items_purchased":["Defragment","Omamori","Defragment","Capacitor","Happy Flower","Panache","DollysMirror","Gash"],"campfire_rested":3,"item_purchase_floors":[11,11,19,38,38,45,45,45],"current_hp_per_floor":[69,69,62,60,60,60,30,52,52,36,36,36,32,32,57,37,85,79,79,69,69,69,69,69,69,69,60,85,73,73,73,73,55,85,51,51,51,51,41,41,41,41,41,35,35,35,35,74,74,74],"gold":98,"neow_bonus":"RANDOM_COMMON_RELIC","is_prod":false,"is_daily":false,"chose_seed":false,"campfire_upgraded":6,"win_rate":0,"timestamp":1536386129,"path_taken":["M","?","?","M","M","R","E","R","T","E","?","M","E","?","R","BOSS","M","?","M","?","?","R","?","R","T","E","R","M","R","M","R","BOSS","M","?","?","?","M","E","?","E","T","E","$","M","E","?","R","BOSS"],"build_version":"2018-09-06","purchased_purges":1,"victory":true,"max_hp_per_floor":[75,75,75,75,75,75,75,75,75,75,75,75,85,85,85,85,85,85,85,85,85,85,85,85,85,85,85,85,85,85,85,85,85,85,85,85,85,85,85,85,85,85,85,85,85,85,85,74,74,74],"card_choices":[{"not_picked":["Compile Driver","Redo"],"picked":"Coolheaded","floor":1.0},{"not_picked":["Steam","Barrage"],"picked":"Conserve Battery","floor":4.0},{"not_picked":["Ball Lightning","Loop"],"picked":"Auto Shields","floor":5.0},{"not_picked":["Genetic Algorithm","Rebound"],"picked":"Echo Form","floor":7.0},{"not_picked":["Hologram","Storm"],"picked":"Defragment","floor":10.0},{"not_picked":["Barrage","Storm"],"picked":"Go for the Eyes","floor":12.0},{"not_picked":["Redo","Cold Snap"],"picked":"All For One","floor":13.0},{"not_picked":["Hyperbeam","Thunder Strike"],"picked":"Buffer","floor":16.0},{"not_picked":["Redo","Beam Cell"],"picked":"Cold Snap","floor":18.0},{"not_picked":["Gash","Rebound","Turbo"],"picked":"SKIP","floor":20.0},{"not_picked":["Beam Cell","Steam"],"picked":"Undo","floor":27},{"not_picked":["Rainbow","Beam Cell"],"picked":"Coolheaded","floor":29},{"not_picked":["Static Discharge+1","Compile Driver"],"picked":"Redo+1","floor":31},{"not_picked":["All For One","Amplify"],"picked":"Seek","floor":33},{"not_picked":[],"picked":"Glacier+1","floor":35},{"not_picked":[],"picked":"Leap+1","floor":37},{"not_picked":[],"picked":"Coolheaded+1","floor":39},{"not_picked":[],"picked":"Chill+1","floor":40},{"not_picked":["Hyperbeam"],"picked":"SKIP","floor":42},{"not_picked":["Turbo"],"picked":"SKIP","floor":44},{"not_picked":[],"picked":"Skim+1","floor":46},{"not_picked":["Recycle"],"picked":"SKIP","floor":47}],"player_experience":83342,"relics_obtained":[{"floor":7.0,"key":"Juzu Bracelet"},{"floor":9.0,"key":"Oddly Smooth Stone"},{"floor":10.0,"key":"Potion Belt"},{"floor":13.0,"key":"Pear"},{"floor":26,"key":"Tiny Chest"},{"floor":27,"key":"Mummified Hand"},{"floor":27,"key":"Kunai"},{"floor":37,"key":"Du-Vu Doll"},{"floor":40,"key":"Orichalcum"},{"floor":40,"key":"MawBank"},{"floor":42,"key":"Old Coin"},{"floor":42,"key":"Incense Burner"},{"floor":43,"key":"Dream Catcher"},{"floor":44,"key":"Lantern"},{"floor":44,"key":"Bag of Marbles"},{"floor":47,"key":"Regal Pillow"},{"floor":47,"key":"Vajra"}],"event_choices":[{"event_name":"Transmorgrifier","player_choice":"Transform","floor":2.0,"damage_taken":0.0},{"event_name":"Golden Wing","player_choice":"Card Removal","floor":3.0,"damage_taken":0.0},{"event_name":"Living Wall","player_choice":"Grow","floor":14.0,"damage_taken":0.0},{"event_name":"Duplicator","player_choice":"One dupe","floor":21.0,"damage_taken":0.0},{"event_name":"Addict","player_choice":"Stole Relic","floor":22.0,"damage_taken":0.0},{"event_name":"The Lab","player_choice":"Got Potions","floor":24.0,"damage_taken":0.0},{"event_name":"Tomb of Lord Red Mask","player_choice":"Ignored","floor":36,"damage_taken":0},{"event_name":"MindBloom","player_choice":"Fight","floor":37,"damage_taken":0},{"event_name":"Falling","player_choice":"Removed Attack","floor":41,"damage_taken":0},{"event_name":"The Moai Head","player_choice":"Heal","floor":48,"damage_taken":0}],"is_beta":false,"boss_relics":[{"not_picked":["Lizard Tail","FrozenCore"],"picked":"Black Star"},{"not_picked":["Philosopher\u0027s Stone","Pandora\u0027s Box"],"picked":"Busted Crown"}],"items_purged_floors":[19],"is_endless":false,"potions_floor_spawned":[5,10,13,16,20,27,33,35,46,47],"ascension_level":2}