{"path_per_floor":["M","?","M","?","?","R","?","E","T","M","M","R","M","M","R","B",null,"M","M","$","M"],"character_chosen":"DEFECT","items_purchased":["Panache","White Noise"],"gold_per_floor":[118,118,137,137,137,137,164,199,273,290,306,306,316,333,333,435,435,446,458,155,172,172],"floor_reached":22,"campfire_rested":2,"playtime":1370,"current_hp_per_floor":[69,62,61,46,46,46,29,8,8,8,6,28,21,14,36,36,75,64,40,40,14,0],"items_purged":["Defend_B"],"gold":172,"score":238,"play_id":"8e13a011-d669-4d3e-8249-d47a91ce208d","local_time":"20180430213009","is_prod":false,"is_daily":false,"chose_seed":false,"is_ascension_mode":false,"campfire_upgraded":1,"timestamp":1525095009,"path_taken":["M","?","M","?","?","R","?","E","T","M","M","R","M","M","R","BOSS","M","M","$","M","M"],"build_version":"2018-04-27v3","seed_source_timestamp":301370531806999,"purchased_purges":1,"victory":false,"master_deck":["Strike_B","Strike_B","Strike_B","Defend_B","Defend_B","Defend_B+1","Zap","Dualcast","Amplify","Doom and Gloom+1","Defragment+1","Defragment","Buffer","Go for the Eyes","Force Field","Hologram","Coolheaded","Fission","Hello World","Panache","White Noise","Chaos"],"max_hp_per_floor":[75,75,75,75,75,75,75,75,75,75,75,75,75,75,75,75,75,75,75,75,75,75],"relics":["Cracked Core","Odd Mushroom","Kunai","Dodecahedron","Sozu"],"card_choices":[{"not_picked":["Impulse","Axe Kick"],"picked":"Doom and Gloom","floor":1},{"not_picked":["Skim","Stack"],"picked":"Defragment","floor":3},{"not_picked":["Impulse","Turbo"],"picked":"Defragment","floor":7},{"not_picked":["Skim","Stack"],"picked":"Buffer","floor":8},{"not_picked":["Barrage","Skim"],"picked":"Go for the Eyes","floor":10},{"not_picked":["Ball Lightning","Skim"],"picked":"Force Field","floor":11},{"not_picked":["Cold Snap","Barrage"],"picked":"Hologram","floor":13},{"not_picked":["Cold Snap","Skim"],"picked":"Coolheaded","floor":14},{"not_picked":["Seek","Fusion"],"picked":"Fission","floor":16},{"not_picked":["Beam Cell","Ball Lightning"],"picked":"Hello World","floor":18},{"not_picked":["Impulse","Steam Power"],"picked":"Chaos","floor":21}],"player_experience":303467,"potions_floor_usage":[7,10,16,16],"damage_taken":[{"damage":6,"enemies":"Jaw Worm","floor":1,"turns":5},{"damage":1,"enemies":"Cultist","floor":3,"turns":3},{"damage":17,"enemies":"The Mushroom Lair","floor":7,"turns":4},{"damage":21,"enemies":"Lagavulin","floor":8,"turns":7},{"damage":0,"enemies":"2 Louse","floor":10,"turns":2},{"damage":2,"enemies":"Blue Slaver","floor":11,"turns":4},{"damage":7,"enemies":"Looter","floor":13,"turns":4},{"damage":7,"enemies":"3 Louse","floor":14,"turns":2},{"damage":0,"enemies":"Hexaghost","floor":16,"turns":9},{"damage":11,"enemies":"3 Byrds","floor":18,"turns":3},{"damage":24,"enemies":"Spheric Guardian","floor":19,"turns":7},{"damage":26,"enemies":"3 Cultists","floor":21,"turns":4},{"damage":16,"enemies":"Snake Plant","floor":22,"turns":2}],"event_choices":[{"event_name":"Golden Wing","player_choice":"Card Removal","floor":2,"damage_taken":0},{"event_name":"Shining Light","player_choice":"Entered Light","floor":4,"damage_taken":0},{"event_name":"Liars Game","player_choice":"disagreed","floor":5,"damage_taken":0},{"event_name":"Mushrooms","player_choice":"Fought Mushrooms","floor":7,"damage_taken":0}],"boss_relics":[{"not_picked":["Inserter","Ectoplasm"],"picked":"Sozu"}],"potions_floor_spawned":[3,8,10,13],"seed_played":"5663749072551279885","killed_by":"Snake Plant","ascension_level":0,"is_trial":false}