{"gold_per_floor":[119,119,119,44,44,69,69,80,80,96,115,115,115,126,126,198,198,218,218,268,30,44,44,44,44,44,64,64],"floor_reached":28,"playtime":769,"items_purged":["Defend_B"],"score":507,"play_id":"96acec29-416a-4433-86ca-bde4bf3dbd29","local_time":"20190222122634","is_ascension_mode":true,"campfire_choices":[{"data":"Zap","floor":7,"key":"SMITH"},{"data":"Barrage","floor":13,"key":"SMITH"},{"floor":15,"key":"REST"},{"floor":23,"key":"REST"},{"floor":25,"key":"REST"}],"neow_cost":"NONE","seed_source_timestamp":174620222458500,"circlet_count":0,"master_deck":["AscendersBane","Defend_B","Defend_B","Defend_B+1","Zap+1","Dualcast","Gash","Barrage+1","Echo Form","Glacier","Steam","Bite","Bite","Bite","Bite","Bite","Consume"],"relics":["Cracked Core","NeowsBlessing","Blue Candle","Juzu Bracelet","The Courier","Lantern","Inserter","Matryoshka"],"potions_floor_usage":[16,18],"damage_taken":[{"damage":0,"enemies":"2 Louse","floor":1,"turns":1},{"damage":0,"enemies":"Gremlin Nob","floor":6,"turns":1},{"damage":0,"enemies":"Small Slimes","floor":8,"turns":1},{"damage":4,"enemies":"Jaw Worm","floor":10,"turns":4},{"damage":12,"enemies":"Large Slime","floor":11,"turns":5},{"damage":1,"enemies":"Looter","floor":14,"turns":3},{"damage":25,"enemies":"Slime Boss","floor":16,"turns":7},{"damage":31,"enemies":"2 Thieves","floor":18,"turns":5},{"damage":15,"enemies":"Spheric Guardian","floor":22,"turns":5},{"damage":28,"enemies":"Centurion and Healer","floor":27,"turns":8},{"damage":53,"enemies":"Cultist and Chosen","floor":28,"turns":6}],"seed_played":"-2515572275520960638","potions_obtained":[{"floor":1,"key":"GamblersBrew"},{"floor":8,"key":"Swift Potion"},{"floor":14,"key":"Fire Potion"}],"is_trial":false,"path_per_floor":["M","?","?","?","$","E","R","M","T","M","M","?","R","M","R","B",null,"M","?","?","$","M","R","?","R","T","M","M"],"character_chosen":"DEFECT","items_purchased":["Blood Vial","Steam"],"campfire_rested":3,"item_purchase_floors":[21,21],"current_hp_per_floor":[64,64,53,53,53,53,53,53,53,49,37,16,16,15,36,11,56,25,25,25,25,12,33,33,54,54,48,3],"gold":64,"neow_bonus":"THREE_ENEMY_KILL","is_prod":false,"is_daily":false,"chose_seed":false,"campfire_upgraded":2,"win_rate":0,"timestamp":1550805994,"path_taken":["M","?","?","?","$","E","R","M","T","M","M","?","R","M","R","BOSS","M","?","?","$","M","R","?","R","T","M","M"],"build_version":"2019-01-23","purchased_purges":1,"victory":false,"max_hp_per_floor":[71,71,71,71,71,71,71,71,71,71,71,71,71,71,71,71,71,71,71,71,71,71,71,71,71,71,71,71],"card_choices":[{"not_picked":["Force Field","Tempest","Leap"],"picked":"SKIP","floor":1},{"not_picked":["Go for the Eyes","Auto Shields","Barrage"],"picked":"SKIP","floor":6},{"not_picked":["Static Discharge","Rebound"],"picked":"Gash","floor":8},{"not_picked":["Skim","Recycle","Compile Driver"],"picked":"SKIP","floor":10},{"not_picked":["Sweeping Beam","Reprogram"],"picked":"Barrage","floor":11},{"not_picked":["Scrape","Static Discharge","Hologram"],"picked":"SKIP","floor":14},{"not_picked":["Hyperbeam","Buffer"],"picked":"Echo Form","floor":16},{"not_picked":["Reprogram","Rebound","Conserve Battery"],"picked":"SKIP","floor":18},{"not_picked":["Sweeping Beam","Chaos","Static Discharge"],"picked":"SKIP","floor":22},{"not_picked":["Cold Snap","Coolheaded"],"picked":"Consume","floor":27}],"player_experience":1720439,"relics_obtained":[{"floor":6,"key":"The Courier"},{"floor":9,"key":"Lantern"},{"floor":26,"key":"Matryoshka"}],"event_choices":[{"damage_healed":0,"gold_gain":0,"player_choice":"Box","damage_taken":0,"relics_obtained":["Blue Candle"],"max_hp_gain":0,"max_hp_loss":0,"event_name":"Big Fish","floor":2,"gold_loss":0,"cards_obtained":["Regret"]},{"damage_healed":0,"gold_gain":0,"player_choice":"Success","damage_taken":11,"relics_obtained":["Juzu Bracelet"],"max_hp_gain":0,"max_hp_loss":0,"event_name":"Scrap Ooze","floor":3,"gold_loss":0},{"cards_removed":["Regret"],"damage_healed":0,"gold_gain":0,"player_choice":"Card Removal","damage_taken":0,"max_hp_gain":0,"max_hp_loss":0,"event_name":"The Cleric","floor":4,"gold_loss":75},{"damage_healed":0,"gold_gain":0,"player_choice":"Entered Light","damage_taken":21,"max_hp_gain":0,"max_hp_loss":0,"event_name":"Shining Light","floor":12,"gold_loss":0,"cards_upgraded":["Defend_B","Strike_B"]},{"damage_healed":0,"gold_gain":0,"player_choice":"Read","damage_taken":0,"max_hp_gain":0,"max_hp_loss":0,"event_name":"The Library","floor":19,"gold_loss":0,"cards_obtained":["Glacier"]},{"damage_healed":0,"gold_gain":50,"player_choice":"Stole From Cult","damage_taken":0,"max_hp_gain":0,"max_hp_loss":0,"event_name":"Nest","floor":20,"gold_loss":0},{"damage_healed":0,"gold_gain":0,"player_choice":"Became a vampire (Vial)","damage_taken":0,"max_hp_gain":0,"max_hp_loss":0,"event_name":"Vampires","floor":24,"relics_lost":["Blood Vial"],"gold_loss":0,"cards_obtained":["Bite","Bite","Bite","Bite","Bite"]}],"is_beta":false,"boss_relics":[{"not_picked":["Ectoplasm","Black Star"],"picked":"Inserter"}],"items_purged_floors":[21],"is_endless":false,"potions_floor_spawned":[1,8,14],"killed_by":"Cultist and Chosen","ascension_level":20}