{"gold_per_floor":[114,129,129,147,58,58,92,92,92,92,117,132,165,165],"floor_reached":14,"playtime":508,"items_purged":[],"score":196,"play_id":"e253837d-a192-4d06-8fbe-d60ca5c99e4a","local_time":"20190404223408","is_ascension_mode":true,"campfire_choices":[{"data":"Sunder","floor":6,"key":"SMITH"},{"data":"Hyperbeam","floor":8,"key":"SMITH"},{"data":"Defragment","floor":10,"key":"SMITH"}],"neow_cost":"NONE","seed_source_timestamp":3497477181139215,"circlet_count":0,"master_deck":["AscendersBane","Strike_B","Strike_B","Strike_B","Strike_B","Defend_B","Defend_B","Defend_B","Defend_B","Zap+1","Dualcast","Conserve Battery","Reinforced Body","Sunder+1","Defragment+1","Hyperbeam+1","Ball Lightning","Hologram"],"relics":["Cracked Core","NeowsBlessing","Question Card","Centennial Puzzle","Lantern","PreservedInsect"],"potions_floor_usage":[7,14],"damage_taken":[{"damage":0,"enemies":"Cultist","floor":1,"turns":1},{"damage":0,"enemies":"Small Slimes","floor":2,"turns":1},{"damage":0,"enemies":"Jaw Worm","floor":4,"turns":1},{"damage":33,"enemies":"3 Sentries","floor":7,"turns":8},{"damage":4,"enemies":"2 Fungi Beasts","floor":12,"turns":2},{"damage":12,"enemies":"Lagavulin","floor":13,"turns":6},{"damage":24,"enemies":"Exordium Thugs","floor":14,"turns":1}],"seed_played":"1535128651500273056","potions_obtained":[{"floor":1,"key":"FocusPotion"},{"floor":2,"key":"SkillPotion"},{"floor":12,"key":"Explosive Potion"}],"is_trial":false,"path_per_floor":["M","M","?","M","$","R","E","R","T","R","T","M","E","M"],"character_chosen":"DEFECT","items_purchased":["Defragment"],"campfire_rested":0,"item_purchase_floors":[5],"current_hp_per_floor":[64,64,64,64,64,64,31,31,31,31,31,27,15,0],"gold":165,"neow_bonus":"THREE_ENEMY_KILL","is_prod":false,"is_daily":false,"chose_seed":false,"campfire_upgraded":3,"win_rate":0,"timestamp":1554388448,"path_taken":["M","?","?","M","$","R","E","R","T","R","?","M","E","M"],"build_version":"2019-03-15","purchased_purges":0,"victory":false,"max_hp_per_floor":[71,71,71,71,71,71,71,71,71,71,71,71,71,71],"card_choices":[{"not_picked":["Leap","Recycle"],"picked":"Conserve Battery","floor":1},{"not_picked":["Gash","Turbo"],"picked":"Reinforced Body","floor":2},{"not_picked":["White Noise","Recycle"],"picked":"Sunder","floor":4},{"not_picked":["Steam","Compile Driver"],"picked":"Hyperbeam","floor":7},{"not_picked":["Steam","Capacitor","Hello World"],"picked":"Ball Lightning","floor":12},{"not_picked":["Ball Lightning","Streamline","Stack"],"picked":"Hologram","floor":13}],"player_experience":760723,"relics_obtained":[{"floor":7,"key":"Question Card"},{"floor":9,"key":"Centennial Puzzle"},{"floor":11,"key":"Lantern"},{"floor":13,"key":"PreservedInsect"}],"event_choices":[{"damage_healed":0,"gold_gain":0,"player_choice":"Grow","damage_taken":0,"max_hp_gain":0,"max_hp_loss":0,"event_name":"Living Wall","floor":3,"gold_loss":0,"cards_upgraded":["Zap"]}],"is_beta":true,"boss_relics":[],"items_purged_floors":[],"is_endless":false,"potions_floor_spawned":[1,2,12],"killed_by":"Exordium Thugs","ascension_level":20}