{"gold_per_floor":[118,43,118,43,43,43,56,67,67,67,84,99,125,155,155,155],"floor_reached":16,"playtime":554,"items_purged":["Decay"],"score":250,"play_id":"16b30c32-7e9d-4e65-87ee-595ebd602b96","local_time":"20190226160714","is_ascension_mode":true,"campfire_choices":[{"floor":6,"key":"DIG"},{"floor":10,"key":"REST"},{"floor":15,"key":"REST"}],"neow_cost":"NONE","seed_source_timestamp":27012525352600,"circlet_count":0,"master_deck":["AscendersBane","Strike_B","Strike_B","Strike_B","Strike_B","Defend_B","Defend_B","Defend_B","Defend_B","Zap","Dualcast","Steam","Coolheaded","Cold Snap","Echo Form+1"],"relics":["Calling Bell","Bag of Preparation","Frozen Egg 2","Shovel","Omamori","Mummified Hand","Juzu Bracelet","Tiny Chest"],"potions_floor_usage":[13,16],"damage_taken":[{"damage":19,"enemies":"2 Louse","floor":1,"turns":4},{"damage":2,"enemies":"Cultist","floor":7,"turns":4},{"damage":9,"enemies":"Small Slimes","floor":8,"turns":5},{"damage":23,"enemies":"Exordium Wildlife","floor":11,"turns":8},{"damage":4,"enemies":"Looter","floor":12,"turns":4},{"damage":0,"enemies":"Lagavulin","floor":13,"turns":7},{"damage":37,"enemies":"Slime Boss","floor":16,"turns":12}],"seed_played":"4589718976799163137","potions_obtained":[{"floor":1,"key":"Swift Potion"},{"floor":11,"key":"PowerPotion"},{"floor":12,"key":"Strength Potion"}],"is_trial":false,"path_per_floor":["M","?","?","$","?","R","M","M","T","R","M","M","E","?","R","B"],"character_chosen":"DEFECT","items_purchased":[],"campfire_rested":2,"item_purchase_floors":[],"current_hp_per_floor":[45,45,34,34,34,34,32,23,23,44,21,17,17,17,38,1],"gold":155,"neow_bonus":"BOSS_RELIC","is_prod":false,"is_daily":false,"chose_seed":false,"campfire_upgraded":0,"win_rate":0,"timestamp":1551164834,"path_taken":["M","?","?","$","?","R","M","M","T","R","?","?","E","?","R","BOSS"],"build_version":"2019-01-23","purchased_purges":1,"victory":false,"max_hp_per_floor":[71,71,71,71,71,71,71,71,71,71,71,71,71,71,71,71],"card_choices":[{"not_picked":["Stack","Fusion","Barrage"],"picked":"SKIP","floor":1},{"not_picked":["Skim","Sweeping Beam"],"picked":"Steam","floor":7},{"not_picked":["Redo","Go for the Eyes"],"picked":"Coolheaded","floor":8},{"not_picked":["Hello World+1","Tempest"],"picked":"Cold Snap","floor":11},{"not_picked":["Darkness","Steam Power"],"picked":"Echo Form+1","floor":12},{"not_picked":["Compile Driver","Go for the Eyes","Steam"],"picked":"SKIP","floor":13}],"player_experience":1840781,"relics_obtained":[{"floor":0,"key":"Bag of Preparation"},{"floor":0,"key":"Frozen Egg 2"},{"floor":0,"key":"Shovel"},{"floor":6,"key":"Omamori"},{"floor":9,"key":"Mummified Hand"},{"floor":13,"key":"Juzu Bracelet"}],"event_choices":[{"cards_removed":["Decay"],"damage_healed":0,"gold_gain":0,"player_choice":"Card Removal","damage_taken":0,"max_hp_gain":0,"max_hp_loss":0,"event_name":"The Cleric","floor":2,"gold_loss":75},{"damage_healed":0,"gold_gain":75,"player_choice":"Gather Gold","damage_taken":11,"max_hp_gain":0,"max_hp_loss":0,"event_name":"World of Goop","floor":3,"gold_loss":0},{"cards_removed":["Clumsy"],"damage_healed":0,"gold_gain":0,"player_choice":"Purged","damage_taken":0,"max_hp_gain":0,"max_hp_loss":0,"event_name":"Purifier","floor":5,"gold_loss":0},{"damage_healed":0,"gold_gain":0,"player_choice":"Box","damage_taken":0,"relics_obtained":["Tiny Chest"],"max_hp_gain":0,"max_hp_loss":0,"event_name":"Big Fish","floor":14,"gold_loss":0,"cards_obtained":["Regret"]}],"is_beta":false,"boss_relics":[],"items_purged_floors":[4],"is_endless":false,"potions_floor_spawned":[1,11,12],"killed_by":"Slime Boss","ascension_level":20}