{"gold_per_floor":[111,15,165,165,90,90,121,133,188,200,200,230,244,276,276,348,348,363,84,84,54,54,54,65,83,83,94,128,128,47,47,47,47],"floor_reached":33,"playtime":960,"items_purged":["Strike_B"],"score":737,"play_id":"14f1c1fa-a714-4232-84d3-fe43ddacc548","local_time":"20190321150844","is_ascension_mode":true,"campfire_choices":[{"data":"Defragment","floor":6,"key":"SMITH"},{"data":"Zap","floor":11,"key":"SMITH"},{"data":"Consume","floor":15,"key":"SMITH"},{"data":"Sunder","floor":23,"key":"SMITH"},{"data":"Dualcast","floor":29,"key":"SMITH"},{"data":"Chaos","floor":32,"key":"SMITH"}],"neow_cost":"TEN_PERCENT_HP_LOSS","seed_source_timestamp":159719213563200,"circlet_count":0,"master_deck":["AscendersBane","Strike_B","Strike_B","Defend_B","Defend_B","Defend_B","Defend_B","Zap+1","Dualcast+1","Ball Lightning","Defragment+1","Cold Snap","Rip and Tear","Double Energy","Cold Snap","Cold Snap","Chill","Consume+1","Sunder+1","Chill","Conserve Battery","Cold Snap","Chaos+1","Necronomicurse"],"relics":["Cracked Core","FossilizedHelix","Turnip","Bag of Preparation","Happy Flower","Oddly Smooth Stone","Nuclear Battery","Juzu Bracelet","WingedGreaves","StoneCalendar","Necronomicon"],"potions_floor_usage":[16,16,28,28,28,28,33],"damage_taken":[{"damage":0,"enemies":"Small Slimes","floor":1,"turns":3},{"damage":11,"enemies":"Lagavulin","floor":7,"turns":7},{"damage":3,"enemies":"Jaw Worm","floor":8,"turns":3},{"damage":0,"enemies":"Cultist","floor":10,"turns":2},{"damage":0,"enemies":"3 Sentries","floor":12,"turns":6},{"damage":0,"enemies":"2 Fungi Beasts","floor":13,"turns":3},{"damage":0,"enemies":"Gremlin Nob","floor":14,"turns":4},{"damage":18,"enemies":"Hexaghost","floor":16,"turns":12},{"damage":1,"enemies":"2 Thieves","floor":18,"turns":4},{"damage":0,"enemies":"Chosen","floor":24,"turns":4},{"damage":0,"enemies":"Centurion and Healer","floor":25,"turns":5},{"damage":2,"enemies":"3 Cultists","floor":27,"turns":6},{"damage":0,"enemies":"Gremlin Leader","floor":28,"turns":9},{"damage":49,"enemies":"Champ","floor":33,"turns":13}],"seed_played":"-2686790551456918442","potions_obtained":[{"floor":10,"key":"FearPotion"},{"floor":13,"key":"Strength Potion"},{"floor":16,"key":"Strength Potion"},{"floor":21,"key":"EntropicBrew"},{"floor":21,"key":"EntropicBrew"},{"floor":22,"key":"Explosive Potion"},{"floor":28,"key":"FearPotion"}],"is_trial":false,"path_per_floor":["M","$","?","?","?","R","E","M","T","M","R","E","M","E","R","B",null,"M","$","?","?","?","R","M","M","T","M","E","R","$","?","R","B"],"character_chosen":"DEFECT","items_purchased":["Defragment","Cold Snap","Juzu Bracelet","Sunder","Chaos"],"campfire_rested":0,"item_purchase_floors":[2,2,19,19,30],"current_hp_per_floor":[64,64,64,57,57,57,46,43,43,43,43,43,43,43,43,25,54,53,53,53,53,53,53,53,53,53,51,51,51,51,30,30,0],"gold":47,"neow_bonus":"ONE_RARE_RELIC","is_prod":false,"is_daily":false,"chose_seed":false,"campfire_upgraded":6,"win_rate":0,"timestamp":1553148524,"path_taken":["M","$","?","?","?","R","E","M","T","?","R","E","?","E","R","BOSS","M","$","?","?","?","R","M","M","T","M","E","R","?","?","R","BOSS"],"build_version":"2019-01-23","purchased_purges":1,"victory":false,"max_hp_per_floor":[64,64,64,64,64,64,64,64,64,64,64,64,64,64,64,64,64,64,64,64,64,64,64,64,64,64,64,64,64,64,64,64,64],"card_choices":[{"not_picked":["Conserve Battery","Doom and Gloom"],"picked":"Ball Lightning","floor":1},{"not_picked":["Fission","Beam Cell"],"picked":"Rip and Tear","floor":7},{"not_picked":["Streamline","Auto Shields"],"picked":"Double Energy","floor":8},{"not_picked":["Barrage","Leap"],"picked":"Cold Snap","floor":10},{"not_picked":["Redo","Skim"],"picked":"Cold Snap","floor":12},{"not_picked":["Leap","Steam Power"],"picked":"Chill","floor":13},{"not_picked":["Buffer","Storm"],"picked":"Consume","floor":14},{"not_picked":["Compile Driver","Force Field","Hologram"],"picked":"SKIP","floor":18},{"not_picked":["Force Field","Go for the Eyes"],"picked":"Conserve Battery","floor":24},{"not_picked":["Redo","Cold Snap","Sweeping Beam"],"picked":"SKIP","floor":25},{"not_picked":["Barrage","Go for the Eyes","Streamline"],"picked":"SKIP","floor":27},{"not_picked":["Barrage","Go for the Eyes","Streamline"],"picked":"SKIP","floor":27},{"not_picked":["Barrage","Go for the Eyes","Streamline"],"picked":"SKIP","floor":27},{"not_picked":["Meteor Strike","Storm+1"],"picked":"Cold Snap","floor":28}],"player_experience":2444658,"relics_obtained":[{"floor":7,"key":"Turnip"},{"floor":9,"key":"Bag of Preparation"},{"floor":12,"key":"Happy Flower"},{"floor":14,"key":"Oddly Smooth Stone"},{"floor":26,"key":"WingedGreaves"},{"floor":28,"key":"StoneCalendar"},{"floor":31,"key":"Necronomicon"}],"event_choices":[{"damage_healed":0,"gold_gain":150,"player_choice":"AGREE","damage_taken":0,"max_hp_gain":0,"max_hp_loss":0,"event_name":"Liars Game","floor":3,"gold_loss":0,"cards_obtained":["Doubt"]},{"cards_removed":["Doubt"],"damage_healed":0,"gold_gain":0,"player_choice":"Card Removal","damage_taken":7,"max_hp_gain":0,"max_hp_loss":0,"event_name":"Golden Wing","floor":4,"gold_loss":0},{"cards_removed":["Strike_B"],"damage_healed":0,"gold_gain":0,"player_choice":"Card Removal","damage_taken":0,"max_hp_gain":0,"max_hp_loss":0,"event_name":"The Cleric","floor":5,"gold_loss":75},{"damage_healed":0,"gold_gain":0,"player_choice":"Read","damage_taken":0,"max_hp_gain":0,"max_hp_loss":0,"event_name":"The Library","floor":20,"gold_loss":0,"cards_obtained":["Chill"]},{"damage_healed":0,"gold_gain":0,"player_choice":"Bought 2 Potions","damage_taken":0,"max_hp_gain":0,"max_hp_loss":0,"event_name":"The Woman in Blue","floor":21,"gold_loss":0},{"damage_healed":0,"gold_gain":0,"player_choice":"Got Potions","damage_taken":0,"max_hp_gain":0,"max_hp_loss":0,"event_name":"Lab","floor":22,"gold_loss":0},{"damage_healed":0,"gold_gain":0,"player_choice":"Obtained Book","damage_taken":21,"max_hp_gain":0,"max_hp_loss":0,"event_name":"Cursed Tome","floor":31,"gold_loss":0}],"is_beta":false,"boss_relics":[{"not_picked":["Ectoplasm","Velvet Choker"],"picked":"Nuclear Battery"}],"items_purged_floors":[19],"is_endless":false,"potions_floor_spawned":[10,13,14,16,24,27,28],"killed_by":"Champ","ascension_level":20}