{"gold_per_floor":[211,224,374,393,49,76,76,104,142,154],"floor_reached":10,"playtime":383,"items_purged":[],"score":144,"play_id":"1724f354-c8fb-42ea-8ba2-a45ddf928dc1","local_time":"20190414120422","is_ascension_mode":true,"campfire_choices":[{"floor":7,"key":"REST"}],"neow_cost":"NONE","seed_source_timestamp":239727008582808,"circlet_count":0,"master_deck":["AscendersBane","Strike_B","Strike_B","Strike_B","Strike_B","Defend_B","Defend_B","Defend_B","Defend_B","Zap","Dualcast","White Noise","Streamline","Doubt","Storm","Heatsinks"],"relics":["Cracked Core","FossilizedHelix","Centennial Puzzle","MawBank","Dream Catcher"],"potions_floor_usage":[6],"damage_taken":[{"damage":0,"enemies":"Cultist","floor":1,"turns":3},{"damage":2,"enemies":"Jaw Worm","floor":2,"turns":3},{"damage":5,"enemies":"Small Slimes","floor":4,"turns":3},{"damage":40,"enemies":"3 Sentries","floor":6,"turns":8},{"damage":37,"enemies":"Gremlin Nob","floor":8,"turns":4},{"damage":0,"enemies":"Exordium Wildlife","floor":10,"turns":1}],"seed_played":"8946810091665640042","potions_obtained":[{"floor":4,"key":"GamblersBrew"}],"is_trial":false,"path_per_floor":["M","M","?","M","$","E","R","E","T","M"],"character_chosen":"DEFECT","items_purchased":["FossilizedHelix"],"campfire_rested":1,"item_purchase_floors":[5],"current_hp_per_floor":[64,62,62,57,57,17,38,1,1,1],"gold":154,"neow_bonus":"HUNDRED_GOLD","is_prod":false,"is_daily":false,"chose_seed":false,"campfire_upgraded":0,"win_rate":0,"timestamp":1555232662,"path_taken":["M","?","?","M","$","E","R","E","T","M"],"build_version":"2019-01-23","purchased_purges":0,"victory":false,"max_hp_per_floor":[71,71,71,71,71,71,71,71,71,71],"card_choices":[{"not_picked":["Gash","BootSequence"],"picked":"White Noise","floor":1},{"not_picked":["Turbo","Genetic Algorithm"],"picked":"Streamline","floor":2},{"not_picked":["Undo","Reinforced Body","Scrape"],"picked":"SKIP","floor":4},{"not_picked":["Double Energy","Meteor Strike"],"picked":"Storm","floor":6},{"not_picked":["Stack","Coolheaded"],"picked":"Heatsinks","floor":8}],"player_experience":1190801,"relics_obtained":[{"floor":6,"key":"Centennial Puzzle"},{"floor":8,"key":"MawBank"},{"floor":9,"key":"Dream Catcher"}],"event_choices":[{"damage_healed":0,"gold_gain":150,"player_choice":"AGREE","damage_taken":0,"max_hp_gain":0,"max_hp_loss":0,"event_name":"Liars Game","floor":3,"gold_loss":0,"cards_obtained":["Doubt"]}],"is_beta":false,"boss_relics":[],"items_purged_floors":[],"is_endless":false,"potions_floor_spawned":[4],"killed_by":"Exordium Wildlife","ascension_level":18}