{"gold_per_floor":[111,58,58,58,74,74,102,102,102,102,102,119,136,201,201,201],"floor_reached":16,"playtime":305,"items_purged":[],"score":266,"play_id":"605eeb24-4d34-4e6a-b937-6857eca15947","local_time":"20190331204635","is_ascension_mode":true,"campfire_choices":[{"data":"Zap","floor":6,"key":"SMITH"},{"data":"Recycle","floor":8,"key":"SMITH"},{"data":"Coolheaded","floor":11,"key":"SMITH"},{"floor":15,"key":"REST"}],"neow_cost":"NONE","seed_source_timestamp":207762970086100,"circlet_count":0,"master_deck":["AscendersBane","Strike_B","Strike_B","Strike_B","Strike_B","Defend_B","Defend_B","Defend_B","Zap+1","Dualcast","Coolheaded+1","Recycle+1","Seek+1","Loop","Barrage"],"relics":["Cracked Core","NeowsBlessing","Question Card","Toxic Egg 2","FaceOfCleric","Tiny Chest"],"potions_floor_usage":[14,16],"damage_taken":[{"damage":0,"enemies":"Small Slimes","floor":1,"turns":1},{"damage":0,"enemies":"2 Louse","floor":5,"turns":1},{"damage":0,"enemies":"Gremlin Nob","floor":7,"turns":1},{"damage":0,"enemies":"Cultist","floor":12,"turns":3},{"damage":18,"enemies":"Exordium Wildlife","floor":13,"turns":4},{"damage":37,"enemies":"3 Sentries","floor":14,"turns":11},{"damage":34,"enemies":"Slime Boss","floor":16,"turns":5}],"seed_played":"-2033038962854228673","potions_obtained":[{"floor":1,"key":"SkillPotion"}],"is_trial":false,"path_per_floor":["M","$","?","?","M","R","E","R","T","?","R","M","M","E","R","B"],"character_chosen":"DEFECT","items_purchased":["AttackPotion"],"campfire_rested":1,"item_purchase_floors":[2],"current_hp_per_floor":[64,64,64,64,64,64,64,64,64,64,64,65,48,12,34,0],"gold":201,"neow_bonus":"THREE_ENEMY_KILL","is_prod":false,"is_daily":false,"chose_seed":false,"campfire_upgraded":3,"win_rate":0,"timestamp":1554032795,"path_taken":["M","$","?","?","?","R","E","R","T","?","R","M","?","E","R","BOSS"],"build_version":"2019-01-23","purchased_purges":0,"victory":false,"max_hp_per_floor":[71,71,71,71,71,71,71,71,71,71,71,72,73,74,74,74],"card_choices":[{"not_picked":["Storm","Conserve Battery"],"picked":"Coolheaded","floor":1},{"not_picked":["Reprogram","Chaos","Skim"],"picked":"SKIP","floor":5},{"not_picked":["Rebound","Coolheaded"],"picked":"Recycle","floor":7},{"not_picked":["Tempest+1","Recycle+1","Steam+1"],"picked":"Seek+1","floor":12},{"not_picked":["Gash","Recycle+1","Turbo+1"],"picked":"Loop","floor":13},{"not_picked":["Fusion+1","Conserve Battery+1","Redo+1"],"picked":"Barrage","floor":14}],"player_experience":2785884,"relics_obtained":[{"floor":7,"key":"Question Card"},{"floor":9,"key":"Toxic Egg 2"},{"floor":14,"key":"Tiny Chest"}],"event_choices":[{"damage_healed":0,"gold_gain":0,"player_choice":"Leave","damage_taken":0,"max_hp_gain":0,"max_hp_loss":0,"event_name":"The Cleric","floor":3,"gold_loss":0},{"cards_removed":["Defend_B"],"damage_healed":0,"gold_gain":0,"player_choice":"Purged","damage_taken":0,"max_hp_gain":0,"max_hp_loss":0,"event_name":"Purifier","floor":4,"gold_loss":0},{"damage_healed":0,"gold_gain":0,"player_choice":"Trade","damage_taken":0,"relics_obtained":["FaceOfCleric"],"max_hp_gain":0,"max_hp_loss":0,"event_name":"FaceTrader","floor":10,"gold_loss":0}],"is_beta":false,"boss_relics":[],"items_purged_floors":[],"is_endless":false,"potions_floor_spawned":[1,5],"killed_by":"Slime Boss","ascension_level":20}