{"gold_per_floor":[113,38,3,3,22,22,36,52,52,52,52,85,85,85,85,163,163,182,232,232,13,25,25,57,57,57,90,124,124,134,18,18,96,96,114,114,127,146,160,190,190,62,62,88,10,10,38,54,54,54,54,54,54,9,42,42],"floor_reached":57,"playtime":3244,"items_purged":["Fusion"],"score":2723,"play_id":"20ca2bed-408a-4af4-abd6-6ba5c834aca1","local_time":"20190323133600","is_ascension_mode":true,"campfire_choices":[{"data":"Self Repair","floor":6,"key":"SMITH"},{"data":"Zap","floor":11,"key":"SMITH"},{"data":"Beam Cell","floor":13,"key":"SMITH"},{"data":"Hologram","floor":15,"key":"SMITH"},{"data":"Consume","floor":23,"key":"SMITH"},{"floor":25,"key":"REST"},{"floor":29,"key":"REST"},{"data":"Capacitor","floor":32,"key":"SMITH"},{"data":"Defragment","floor":41,"key":"SMITH"},{"floor":46,"key":"RECALL"},{"data":"Loop","floor":49,"key":"SMITH"},{"data":"Discovery","floor":53,"key":"SMITH"}],"neow_cost":"NONE","seed_source_timestamp":324661002691300,"circlet_count":0,"master_deck":["AscendersBane","Zap+1","Dualcast","Rip and Tear","Coolheaded","Beam Cell+1","Glacier","Undo","Self Repair+1","Hologram+1","Ball Lightning","Electrodynamics","Capacitor+1","Consume+1","Reboot","Coolheaded","Turbo+1","Defragment+1","White Noise","Fission","Glacier+1","Cold Snap+1","Glacier","Conserve Battery","Recycle","Loop+1","Discovery+1","Leap+1","Darkness+1","Force Field+1"],"relics":["Pandora\u0027s Box","WarpedTongs","Blue Candle","Incense Burner","Empty Cage","ClockworkSouvenir","Girya","Ice Cream","Red Mask","Boot","Orrery","Bag of Preparation","The Courier","Lantern","Molten Egg 2","Bird Faced Urn","Ginger"],"potions_floor_usage":[22,24,30,40,47,55,56],"damage_taken":[{"damage":12,"enemies":"2 Louse","floor":1,"turns":3},{"damage":8,"enemies":"Jaw Worm","floor":5,"turns":5},{"damage":6,"enemies":"Cultist","floor":7,"turns":3},{"damage":16,"enemies":"Blue Slaver","floor":8,"turns":5},{"damage":34,"enemies":"Gremlin Nob","floor":12,"turns":5},{"damage":14,"enemies":"Hexaghost","floor":16,"turns":6},{"damage":29,"enemies":"2 Thieves","floor":18,"turns":3},{"damage":9,"enemies":"Shell Parasite","floor":22,"turns":6},{"damage":34,"enemies":"Slavers","floor":24,"turns":4},{"damage":12,"enemies":"Masked Bandits","floor":27,"turns":2},{"damage":23,"enemies":"Book of Stabbing","floor":28,"turns":7},{"damage":18,"enemies":"Snake Plant","floor":30,"turns":5},{"damage":6,"enemies":"Automaton","floor":33,"turns":9},{"damage":10,"enemies":"3 Darklings","floor":35,"turns":4},{"damage":0,"enemies":"Orb Walker","floor":37,"turns":3},{"damage":1,"enemies":"Sphere and 2 Shapes","floor":38,"turns":4},{"damage":0,"enemies":"Spire Growth","floor":39,"turns":6},{"damage":2,"enemies":"Giant Head","floor":40,"turns":12},{"damage":13,"enemies":"Nemesis","floor":44,"turns":14},{"damage":23,"enemies":"Reptomancer","floor":47,"turns":5},{"damage":0,"enemies":"4 Shapes","floor":48,"turns":7},{"damage":48,"enemies":"Donu and Deca","floor":50,"turns":10},{"damage":26,"enemies":"Awakened One","floor":51,"turns":17},{"damage":59,"enemies":"Shield and Spear","floor":55,"turns":11},{"damage":34,"enemies":"The Heart","floor":56,"turns":16}],"seed_played":"4276429137807290190","potions_obtained":[{"floor":16,"key":"FocusPotion"},{"floor":18,"key":"EssenceOfSteel"},{"floor":28,"key":"SkillPotion"},{"floor":33,"key":"Poison Potion"},{"floor":35,"key":"SkillPotion"},{"floor":40,"key":"Explosive Potion"},{"floor":47,"key":"Energy Potion"}],"is_trial":false,"path_per_floor":["M","$","?","?","M","R","M","M","T","?","R","E","R","$","R","B",null,"M","?","?","$","M","R","E","R","T","?","E","R","M","$","R","B",null,"M","?","M","M","M","E","R","$","T","E","$","R","E","M","R","B","B",null,"R","$","E","B",null],"character_chosen":"DEFECT","items_purchased":["ClockworkSouvenir","Defragment","White Noise","Lantern","Discovery","PowerPotion"],"campfire_rested":2,"item_purchase_floors":[21,31,31,42,45,54],"current_hp_per_floor":[52,52,69,69,61,61,65,59,59,59,59,25,25,25,25,21,59,40,40,40,40,41,41,17,38,38,36,13,34,26,26,26,40,63,63,63,71,70,71,71,71,71,71,68,68,68,55,71,71,43,39,63,63,63,26,24],"gold":42,"neow_bonus":"BOSS_RELIC","is_prod":false,"is_daily":false,"chose_seed":false,"campfire_upgraded":9,"win_rate":0,"timestamp":1553315760,"path_taken":["M","$","?","?","M","R","M","?","T","?","R","E","R","$","R","BOSS","M","?","?","?","M","R","E","R","T","?","E","R","M","$","R","BOSS","M","?","?","M","M","E","R","?","T","E","$","R","E","M","R","BOSS","BOSS","R","$","E","BOSS"],"build_version":"2019-01-23","purchased_purges":1,"victory":true,"max_hp_per_floor":[71,71,71,71,71,71,71,71,71,71,71,71,71,71,71,71,71,71,71,71,71,71,71,71,71,71,71,71,71,71,71,71,71,71,71,71,71,71,71,71,71,71,71,71,71,71,71,71,71,71,71,71,71,71,71,71],"card_choices":[{"not_picked":["Go for the Eyes","Beam Cell"],"picked":"Undo","floor":1},{"not_picked":["Leap","Steam"],"picked":"Self Repair","floor":5},{"not_picked":["Steam","Gash"],"picked":"Hologram","floor":7},{"not_picked":["Conserve Battery","Barrage","Steam"],"picked":"SKIP","floor":8},{"not_picked":["Reprogram","Stack"],"picked":"Ball Lightning","floor":12},{"not_picked":["Creative AI","Biased Cognition"],"picked":"Electrodynamics","floor":16},{"not_picked":["Streamline","Melter"],"picked":"Capacitor","floor":18},{"not_picked":["Gash","Stack+1"],"picked":"Consume","floor":22},{"not_picked":["Rebound","Genetic Algorithm"],"picked":"Reboot","floor":24},{"not_picked":["Reprogram","Go for the Eyes"],"picked":"Coolheaded","floor":27},{"not_picked":["Rebound","Sweeping Beam+1","Force Field"],"picked":"SKIP","floor":28},{"not_picked":["Amplify","Reinforced Body+1"],"picked":"Turbo+1","floor":30},{"not_picked":["Core Surge","Thunder Strike"],"picked":"Fission","floor":33},{"not_picked":["Static Discharge","Steam"],"picked":"Glacier+1","floor":34},{"not_picked":["Scrape","Beam Cell"],"picked":"Cold Snap+1","floor":34},{"not_picked":["Gash","Redo"],"picked":"Glacier","floor":34},{"not_picked":["Sweeping Beam","Streamline+1"],"picked":"Conserve Battery","floor":34},{"not_picked":["Hello World","Barrage+1","Sweeping Beam+1"],"picked":"SKIP","floor":35},{"not_picked":["Lockon+1","Sweeping Beam","Leap"],"picked":"SKIP","floor":37},{"not_picked":["Steam","Cold Snap"],"picked":"Recycle","floor":38},{"not_picked":["Thunder Strike","Cold Snap","Barrage"],"picked":"SKIP","floor":39},{"not_picked":["Sweeping Beam+1","Conserve Battery","Reinforced Body+1"],"picked":"SKIP","floor":40},{"not_picked":["Fusion","Rebound+1"],"picked":"Loop","floor":44},{"not_picked":["Recycle","Fission"],"picked":"Leap+1","floor":47},{"not_picked":["Lockon+1","Leap+1"],"picked":"Darkness+1","floor":48},{"not_picked":["Conserve Battery","Doom and Gloom+1"],"picked":"Force Field+1","floor":55}],"player_experience":2494021,"relics_obtained":[{"floor":9,"key":"Blue Candle"},{"floor":12,"key":"Incense Burner"},{"floor":24,"key":"Girya"},{"floor":26,"key":"Ice Cream"},{"floor":27,"key":"Red Mask"},{"floor":28,"key":"Boot"},{"floor":36,"key":"Bag of Preparation"},{"floor":40,"key":"The Courier"},{"floor":44,"key":"Molten Egg 2"},{"floor":47,"key":"Bird Faced Urn"},{"floor":55,"key":"Ginger"}],"event_choices":[{"damage_healed":17,"gold_gain":0,"player_choice":"Healed","damage_taken":0,"max_hp_gain":0,"max_hp_loss":0,"event_name":"The Cleric","floor":3,"gold_loss":35},{"damage_healed":0,"gold_gain":0,"player_choice":"Rummage","damage_taken":0,"relics_obtained":["WarpedTongs"],"max_hp_gain":0,"max_hp_loss":0,"event_name":"Accursed Blacksmith","floor":4,"gold_loss":0,"cards_obtained":["Pain"]},{"cards_removed":["Pain"],"damage_healed":0,"gold_gain":0,"player_choice":"Removed Curses","damage_taken":0,"max_hp_gain":0,"max_hp_loss":0,"event_name":"Fountain of Cleansing","floor":10,"gold_loss":0},{"damage_healed":0,"gold_gain":50,"player_choice":"Stole From Cult","damage_taken":0,"max_hp_gain":0,"max_hp_loss":0,"event_name":"Nest","floor":19,"gold_loss":0},{"cards_removed":["Thunder Strike"],"damage_healed":0,"gold_gain":0,"player_choice":"Elegance","damage_taken":0,"max_hp_gain":0,"max_hp_loss":0,"event_name":"Back to Basics","floor":20,"gold_loss":0},{"damage_healed":0,"gold_gain":0,"player_choice":"Fought Bandits","damage_taken":0,"max_hp_gain":0,"max_hp_loss":0,"event_name":"Masked Bandits","floor":27,"gold_loss":0},{"damage_healed":0,"gold_gain":0,"player_choice":"Relic","damage_taken":0,"max_hp_gain":0,"max_hp_loss":0,"event_name":"Wheel of Change","floor":36,"gold_loss":0}],"is_beta":false,"boss_relics":[{"not_picked":["Lizard Tail","Inserter"],"picked":"Empty Cage"},{"not_picked":["Black Star","Busted Crown"],"picked":"Orrery"}],"items_purged_floors":[2],"is_endless":false,"potions_floor_spawned":[16,18,28,33,35,38,40,47],"ascension_level":20}