{"gold_per_floor":[17,30,30,305,322,322,333,343,366,366,366],"floor_reached":11,"playtime":309,"items_purged":[],"score":130,"play_id":"c58c36f7-aa93-490a-8d94-93c05db3f18a","local_time":"20190309113540","is_ascension_mode":true,"campfire_choices":[{"data":"Zap","floor":6,"key":"SMITH"}],"neow_cost":"NO_GOLD","seed_source_timestamp":4982987345700,"circlet_count":0,"master_deck":["AscendersBane","Strike_B","Strike_B","Strike_B","Strike_B","Defend_B","Defend_B","Defend_B","Zap+1","Dualcast","Reboot","Gash","Coolheaded","Regret","Reboot"],"relics":["Cracked Core","DataDisk"],"potions_floor_usage":[],"damage_taken":[{"damage":2,"enemies":"Jaw Worm","floor":1,"turns":4},{"damage":5,"enemies":"Small Slimes","floor":2,"turns":2},{"damage":6,"enemies":"Cultist","floor":5,"turns":3},{"damage":11,"enemies":"2 Fungi Beasts","floor":7,"turns":4},{"damage":18,"enemies":"3 Louse","floor":8,"turns":4},{"damage":12,"enemies":"Lagavulin","floor":11,"turns":6}],"seed_played":"-3205640217096027718","potions_obtained":[],"is_trial":false,"path_per_floor":["M","M","?","?","M","R","M","M","T","?","E"],"character_chosen":"DEFECT","items_purchased":[],"campfire_rested":0,"item_purchase_floors":[],"current_hp_per_floor":[62,57,50,50,44,44,33,15,15,15,3],"gold":366,"neow_bonus":"THREE_RARE_CARDS","is_prod":false,"is_daily":false,"chose_seed":false,"campfire_upgraded":1,"win_rate":0,"timestamp":1552098940,"path_taken":["M","M","?","?","M","R","M","?","T","?","E"],"build_version":"2019-01-23","purchased_purges":0,"victory":false,"max_hp_per_floor":[71,71,71,71,71,71,71,71,71,71,71],"card_choices":[{"not_picked":["Amplify","Meteor Strike"],"picked":"Reboot","floor":0},{"not_picked":["Sweeping Beam","Go for the Eyes"],"picked":"Gash","floor":1},{"not_picked":["Redo","Turbo"],"picked":"Coolheaded","floor":2},{"not_picked":["Steam","Sweeping Beam","Leap"],"picked":"SKIP","floor":5},{"not_picked":["Storm","Sweeping Beam","Go for the Eyes"],"picked":"SKIP","floor":7},{"not_picked":["Streamline","Go for the Eyes"],"picked":"Reboot","floor":8}],"player_experience":2078782,"relics_obtained":[{"floor":9,"key":"DataDisk"}],"event_choices":[{"cards_removed":["Defend_B"],"damage_healed":0,"gold_gain":0,"player_choice":"Card Removal","damage_taken":7,"max_hp_gain":0,"max_hp_loss":0,"event_name":"Golden Wing","floor":3,"gold_loss":0},{"damage_healed":0,"gold_gain":275,"player_choice":"Desecrate","damage_taken":0,"max_hp_gain":0,"max_hp_loss":0,"event_name":"Golden Shrine","floor":4,"gold_loss":0,"cards_obtained":["Regret"]},{"damage_healed":0,"gold_gain":0,"player_choice":"Searched \u00270\u0027 times","damage_taken":0,"max_hp_gain":0,"max_hp_loss":0,"event_name":"Dead Adventurer","floor":10,"gold_loss":0}],"is_beta":false,"boss_relics":[],"items_purged_floors":[],"is_endless":false,"potions_floor_spawned":[],"killed_by":"Lagavulin","ascension_level":20}