{"path_per_floor":["M","?","?","M","$","R","E","M","T","R","E","R","M","?","R","B",null,"M","M","M","M","$","E","?","R","T","?","?","E","?","M","R","B",null,"M","$","?","?","?","E","?","E","T","M","?","M"],"character_chosen":"THE_SILENT","items_purchased":["Footwork","Regen Potion","Footwork","Backflip"],"gold_per_floor":[110,210,160,180,66,66,97,109,109,109,141,141,154,154,154,259,259,274,288,303,323,173,202,202,202,251,251,251,285,210,227,227,332,332,349,98,98,0,100,135,135,168,241,259,259,276,276],"floor_reached":47,"campfire_rested":1,"playtime":3471,"current_hp_per_floor":[61,61,61,55,55,55,50,50,50,50,65,65,65,65,65,65,69,68,68,49,44,44,38,38,38,38,22,22,6,6,5,26,7,54,47,47,38,38,38,38,33,9,9,6,6,6,0],"items_purged":["Strike_G","Strike_G","Defend_G"],"gold":276,"score":881,"play_id":"6d669715-1632-443e-ab16-7989fa635588","local_time":"20180409233221","is_prod":false,"is_daily":false,"is_ascension_mode":true,"campfire_upgraded":5,"timestamp":1523287941,"path_taken":["M","?","?","?","$","R","E","M","T","R","E","R","?","?","R","BOSS","M","M","M","M","$","E","?","R","T","?","?","E","?","M","R","BOSS","M","$","?","?","?","E","?","E","T","M","?","M","M"],"build_version":"2018-04-05","purchased_purges":3,"victory":false,"master_deck":["Defend_G","Defend_G","Strike_G+1","Survivor","Neutralize+1","A Thousand Cuts+1","Noxious Fumes+1","Footwork","Cloak And Dagger+1","Cloak And Dagger+1","Tools of the Trade","A Thousand Cuts+1","Noxious Fumes","Dash","Terror","Cloak And Dagger+1","Sucker Punch+1","Burst","Accuracy+1","Footwork","Backflip","Madness","Madness","Leg Sweep+1","Dodge and Roll+1","PiercingWail+1","Escape Plan+1","Backflip+1"],"max_hp_per_floor":[70,70,70,70,70,70,70,70,70,70,70,70,70,70,70,70,70,70,70,70,70,70,70,70,70,70,70,70,70,70,70,70,70,70,70,70,70,70,70,70,70,70,70,70,70,70,70],"relics":["Runic Dome","Dream Catcher","Thread and Needle","Happy Flower","Black Star","Oddly Smooth Stone","Whetstone","Ancient Tea Set","Nilry\u0027s Codex","Omamori","Juzu Bracelet","White Beast Statue","Red Mask","Bronze Scales","Art of War","Prayer Wheel","Singing Bowl","Toxic Egg 2"],"card_choices":[{"not_picked":["Outmaneuver","Deflect"],"picked":"A Thousand Cuts","floor":1},{"not_picked":["Blur","Acrobatics"],"picked":"Noxious Fumes","floor":4},{"not_picked":["Skewer","Underhanded Strike"],"picked":"Cloak And Dagger","floor":7},{"not_picked":["Sucker Punch","Calculated Gamble"],"picked":"Cloak And Dagger","floor":8},{"not_picked":["Masterful Stab","Eviscerate"],"picked":"Tools of the Trade","floor":11},{"not_picked":["Venomology","Phantasmal Killer"],"picked":"A Thousand Cuts","floor":16},{"not_picked":["Deflect","Backflip"],"picked":"Noxious Fumes","floor":18},{"not_picked":["Slice","Setup"],"picked":"Dash","floor":20},{"not_picked":["Outmaneuver","Deflect"],"picked":"Terror","floor":21},{"not_picked":["Slice","Skewer"],"picked":"Cloak And Dagger","floor":23},{"not_picked":["Caltrops","Flying Knee"],"picked":"Sucker Punch","floor":32},{"not_picked":["Storm of Steel","Glass Knife"],"picked":"Burst","floor":33},{"not_picked":["Blade Dance","PiercingWail"],"picked":"Accuracy","floor":35},{"not_picked":["Dagger Spray","Riddle With Holes"],"picked":"Leg Sweep","floor":40},{"not_picked":["Footwork","Bane"],"picked":"Dodge and Roll","floor":42},{"not_picked":["Dodge and Roll","Backflip"],"picked":"PiercingWail","floor":43},{"not_picked":["Distraction","Crippling Poison"],"picked":"Escape Plan","floor":44},{"not_picked":["Sucker Punch","Bane"],"picked":"Backflip","floor":46}],"player_experience":242726,"potions_floor_usage":[11,16,16,16,19,20,21,23,31,40,42,42,46],"damage_taken":[{"damage":2,"enemies":"Cultist","floor":1,"turns":5},{"damage":6,"enemies":"2 Louse","floor":4,"turns":4},{"damage":5,"enemies":"3 Sentries","floor":7,"turns":6},{"damage":0,"enemies":"Jaw Worm","floor":8,"turns":4},{"damage":0,"enemies":"Lagavulin","floor":11,"turns":7},{"damage":0,"enemies":"Large Slime","floor":13,"turns":5},{"damage":0,"enemies":"Hexaghost","floor":16,"turns":8},{"damage":1,"enemies":"Shell Parasite","floor":18,"turns":5},{"damage":0,"enemies":"Spheric Guardian","floor":19,"turns":3},{"damage":19,"enemies":"Snake Plant","floor":20,"turns":5},{"damage":5,"enemies":"3 Cultists","floor":21,"turns":4},{"damage":21,"enemies":"Book of Stabbing","floor":23,"turns":6},{"damage":16,"enemies":"Gremlin Leader","floor":29,"turns":5},{"damage":1,"enemies":"Chosen and Byrds","floor":31,"turns":3},{"damage":19,"enemies":"Automaton","floor":33,"turns":8},{"damage":7,"enemies":"3 Darklings","floor":35,"turns":4},{"damage":0,"enemies":"Giant Head","floor":40,"turns":6},{"damage":36,"enemies":"2 Orb Walkers","floor":42,"turns":5},{"damage":3,"enemies":"3 Shapes","floor":44,"turns":4},{"damage":0,"enemies":"Spire Growth","floor":46,"turns":6},{"damage":12,"enemies":"3 Darklings","floor":47,"turns":2}],"event_choices":[{"event_name":"Wheel of Change","player_choice":"Gold","floor":2,"damage_taken":0},{"event_name":"The Cleric","player_choice":"Card Removal","floor":3,"damage_taken":0},{"event_name":"Bonfire Elementals","player_choice":"BASIC","floor":14,"damage_taken":0},{"event_name":"Back to Basics","player_choice":"Elegance","floor":24,"damage_taken":0},{"event_name":"Cursed Tome","player_choice":"Obtained Book","floor":27,"damage_taken":0},{"event_name":"Vampires","player_choice":"Ignored","floor":28,"damage_taken":0},{"event_name":"Beggar","player_choice":"Gave Gold","floor":30,"damage_taken":0},{"event_name":"Winding Halls","player_choice":"Embrace Madness","floor":37,"damage_taken":0},{"event_name":"Tomb of Lord Red Mask","player_choice":"Paid","floor":38,"damage_taken":0},{"event_name":"Golden Shrine","player_choice":"Pray","floor":39,"damage_taken":0},{"event_name":"SensoryStone","player_choice":"Memory 2","floor":41,"damage_taken":0},{"event_name":"Mysterious Sphere","player_choice":"Ignore","floor":45,"damage_taken":0}],"boss_relics":[{"not_picked":["Cursed Key","Lizard Tail"],"picked":"Black Star"},{"not_picked":["Snecko Eye","Sozu"],"picked":"White Beast Statue"}],"potions_floor_spawned":[1,7,8,11,16,18,19,33,35,40,42,44,46],"seed_played":"8367377738588568140","killed_by":"3 Darklings","ascension_level":8,"is_trial":false}