{"gold_per_floor":[116,116,131,146,146,179,179,50,50,82,82,41,60,75,75,151,201,216,44,41,41,41,55,55,71,142,153,78,78,96,109,109,180,180,199,210,210,210,228,228,260,277,301,301,301,301,351,385,385,385,385,385,385,16,45,45],"floor_reached":57,"playtime":2979,"items_purged":["Defend_B"],"score":2669,"play_id":"cc471150-cc10-43b9-8351-6e6b4527f057","local_time":"20190408215935","is_ascension_mode":true,"campfire_choices":[{"data":"Creative AI","floor":7.0,"key":"SMITH"},{"data":"Barrage","floor":11.0,"key":"SMITH"},{"data":"Loop","floor":15.0,"key":"SMITH"},{"floor":24.0,"key":"REST"},{"data":"Defragment","floor":29.0,"key":"SMITH"},{"floor":32.0,"key":"REST"},{"data":"Buffer","floor":40.0,"key":"SMITH"},{"floor":45.0,"key":"RECALL"},{"floor":49.0,"key":"REST"},{"floor":53.0,"key":"REST"}],"neow_cost":"NONE","seed_source_timestamp":155386835895200,"circlet_count":0,"master_deck":["AscendersBane","Strike_B","Defend_B+1","Defend_B","Defend_B","Zap","Dualcast","Chill+1","Barrage+1","Creative AI+1","Conserve Battery+1","Coolheaded+1","Loop+1","Amplify+1","Turbo+1","Blizzard","Coolheaded+1","Self Repair","Coolheaded+1","Defragment+1","Coolheaded+1","Storm","White Noise+1","Buffer+1","Hologram+1","Panacea+1","Deep Breath+1","Turbo+1","Blizzard+1","Master of Strategy+1","Conserve Battery+1"],"special_seed":0,"relics":["Cracked Core","NeowsBlessing","Toxic Egg 2","Blue Candle","Singing Bowl","Dodecahedron","Tiny House","Bag of Preparation","Nilry\u0027s Codex","Matryoshka","Nuclear Battery","Regal Pillow","Molten Egg 2","Prayer Wheel","Art of War","DataDisk","Bottled Lightning"],"potions_floor_usage":[56,56],"damage_taken":[{"damage":0.0,"enemies":"Cultist","floor":1.0,"turns":1.0},{"damage":0.0,"enemies":"2 Louse","floor":3.0,"turns":1.0},{"damage":0.0,"enemies":"Jaw Worm","floor":4.0,"turns":1.0},{"damage":30.0,"enemies":"Lagavulin","floor":6.0,"turns":6.0},{"damage":29.0,"enemies":"3 Sentries","floor":10.0,"turns":6.0},{"damage":9.0,"enemies":"Looter","floor":13.0,"turns":4.0},{"damage":2.0,"enemies":"3 Louse","floor":14.0,"turns":3.0},{"damage":21.0,"enemies":"Slime Boss","floor":16.0,"turns":8.0},{"damage":4.0,"enemies":"Spheric Guardian","floor":18.0,"turns":6.0},{"damage":22.0,"enemies":"2 Thieves","floor":20.0,"turns":4.0},{"damage":6.0,"enemies":"Shelled Parasite and Fungi","floor":23.0,"turns":10.0},{"damage":15.0,"enemies":"Centurion and Healer","floor":25.0,"turns":17.0},{"damage":3.0,"enemies":"Snake Plant","floor":27.0,"turns":7.0},{"damage":1.0,"enemies":"Cultist and Chosen","floor":30.0,"turns":5.0},{"damage":4.0,"enemies":"Shelled Parasite and Fungi","floor":31.0,"turns":6.0},{"damage":6.0,"enemies":"Automaton","floor":33.0,"turns":9.0},{"damage":0.0,"enemies":"3 Shapes","floor":35.0,"turns":4.0},{"damage":0.0,"enemies":"3 Darklings","floor":36.0,"turns":3.0},{"damage":0.0,"enemies":"Sphere and 2 Shapes","floor":39.0,"turns":4.0},{"damage":47.0,"enemies":"Reptomancer","floor":41.0,"turns":6.0},{"damage":1.0,"enemies":"4 Shapes","floor":42.0,"turns":7.0},{"damage":19.0,"enemies":"2 Orb Walkers","floor":47.0,"turns":3.0},{"damage":0.0,"enemies":"Nemesis","floor":48.0,"turns":9.0},{"damage":2.0,"enemies":"Time Eater","floor":50.0,"turns":12.0},{"damage":74.0,"enemies":"Awakened One","floor":51.0,"turns":21.0},{"damage":44.0,"enemies":"Shield and Spear","floor":55.0,"turns":8.0},{"damage":28,"enemies":"The Heart","floor":56,"turns":12}],"seed_played":"-7554555661485397472","potions_obtained":[{"floor":3.0,"key":"Regen Potion"},{"floor":4.0,"key":"Regen Potion"},{"floor":10.0,"key":"AttackPotion"},{"floor":13.0,"key":"Strength Potion"},{"floor":17.0,"key":"FocusPotion"},{"floor":20.0,"key":"AttackPotion"},{"floor":30.0,"key":"FocusPotion"},{"floor":41.0,"key":"PowerPotion"},{"floor":42.0,"key":"Regen Potion"},{"floor":48.0,"key":"LiquidBronze"}],"is_trial":false,"path_per_floor":["M","?","M","M","?","E","R","$","T","E","R","$","M","M","R","B",null,"M","$","M","?","?","M","R","M","T","M","?","R","M","M","R","B",null,"M","M","?","?","M","R","E","M","T","?","R","?","?","E","R","B","B",null,"R","$","E","B",null],"character_chosen":"DEFECT","items_purchased":["Conserve Battery+1","Loop","Bag of Preparation","DataDisk","Master of Strategy+1"],"campfire_rested":4,"item_purchase_floors":[8,12,19,54,54],"current_hp_per_floor":[64,64,64,64,64,34,34,34,34,50,50,50,43,43,43,22,67,63,63,41,20,20,28,52,37,37,48,48,48,63,75,84,84,84,86,86,86,82,84,84,46,61,61,53,53,53,50,64,90,90,16,72,90,90,60,32],"gold":45,"neow_bonus":"THREE_ENEMY_KILL","is_prod":false,"is_daily":false,"chose_seed":false,"campfire_upgraded":5,"win_rate":0,"timestamp":1554728375,"path_taken":["M","?","?","M","?","E","R","$","T","E","R","$","M","M","R","BOSS","M","$","M","?","?","M","R","M","T","M","?","R","M","?","R","BOSS","M","M","?","?","M","R","E","M","T","?","R","?","?","E","R","BOSS","BOSS","R","$","E","BOSS"],"build_version":"2019-01-23","purchased_purges":1,"victory":true,"max_hp_per_floor":[71,71,71,71,71,71,71,71,71,71,71,71,73,75,75,75,80,80,80,80,80,80,80,80,80,80,80,80,80,82,84,84,84,84,86,86,86,82,84,84,86,88,88,90,90,90,90,90,90,90,90,90,90,90,90,90],"card_choices":[{"not_picked":["Beam Cell","Force Field"],"picked":"Ball Lightning","floor":1.0},{"not_picked":["Leap+1","Beam Cell"],"picked":"Chill+1","floor":3.0},{"not_picked":["Fusion+1","Reinforced Body+1"],"picked":"FTL","floor":4.0},{"not_picked":["Recycle+1","Reboot+1"],"picked":"Creative AI","floor":6.0},{"not_picked":["Steam+1","Blizzard"],"picked":"Coolheaded+1","floor":10.0},{"not_picked":["Streamline","Auto Shields+1","Gash"],"picked":"Singing Bowl","floor":13.0},{"not_picked":["Chill+1","Sweeping Beam","Stack+1"],"picked":"Singing Bowl","floor":14.0},{"not_picked":["Multi-Cast+1","Meteor Strike"],"picked":"Amplify+1","floor":16.0},{"not_picked":["Gash","Redo+1"],"picked":"Turbo+1","floor":17.0},{"not_picked":["Storm","Barrage"],"picked":"Blizzard","floor":18.0},{"not_picked":["Cold Snap","Compile Driver"],"picked":"Coolheaded+1","floor":20.0},{"not_picked":["Streamline","Beam Cell"],"picked":"Coolheaded+1","floor":23.0},{"not_picked":["Doom and Gloom","Multi-Cast+1"],"picked":"Defragment","floor":25.0},{"not_picked":["Compile Driver","Leap+1"],"picked":"Coolheaded+1","floor":27.0},{"not_picked":["Rebound","Go for the Eyes","Compile Driver"],"picked":"Singing Bowl","floor":30.0},{"not_picked":["Gash","Beam Cell","Doom and Gloom"],"picked":"Singing Bowl","floor":31.0},{"not_picked":["Hyperbeam","Multi-Cast+1"],"picked":"Buffer","floor":33.0},{"not_picked":["Chill+1","Coolheaded+1","Sweeping Beam+1"],"picked":"Singing Bowl","floor":35.0},{"not_picked":["Steam+1","Ball Lightning"],"picked":"Hologram+1","floor":36.0},{"not_picked":["Redo+1","Storm","Barrage"],"picked":"Singing Bowl","floor":39.0},{"not_picked":["Steam Power+1","Turbo+1","Streamline"],"picked":"Singing Bowl","floor":41.0},{"not_picked":["Sunder","Cold Snap","Amplify+1"],"picked":"Singing Bowl","floor":42.0},{"not_picked":["Thinking Ahead+1","Magnetism","Forethought+1"],"picked":"Singing Bowl","floor":44.0},{"not_picked":["Secret Technique+1","Violence+1"],"picked":"Panacea+1","floor":44.0},{"not_picked":["Violence+1","Finesse+1"],"picked":"Deep Breath+1","floor":44.0},{"not_picked":["Stack+1","Genetic Algorithm+1"],"picked":"Turbo+1","floor":47.0},{"not_picked":["Cold Snap+1","Defragment"],"picked":"Blizzard+1","floor":48.0},{"not_picked":["Static Discharge","White Noise+1"],"picked":"Conserve Battery+1","floor":55.0}],"player_experience":2991093,"relics_obtained":[{"floor":6.0,"key":"Blue Candle"},{"floor":9.0,"key":"Singing Bowl"},{"floor":10.0,"key":"Dodecahedron"},{"floor":21.0,"key":"Nilry\u0027s Codex"},{"floor":26.0,"key":"Matryoshka"},{"floor":41.0,"key":"Regal Pillow"},{"floor":43.0,"key":"Molten Egg 2"},{"floor":47.0,"key":"Prayer Wheel"},{"floor":48.0,"key":"Art of War"},{"floor":55.0,"key":"Bottled Lightning"}],"event_choices":[{"cards_removed":["Ball Lightning"],"damage_healed":0.0,"max_hp_gain":0.0,"max_hp_loss":0.0,"gold_gain":0.0,"event_name":"WeMeetAgain","player_choice":"Gave Card","floor":2.0,"gold_loss":0.0,"damage_taken":0.0,"relics_obtained":["Toxic Egg 2"]},{"damage_healed":0.0,"max_hp_gain":0.0,"max_hp_loss":0.0,"gold_gain":0.0,"cards_transformed":["Strike_B"],"event_name":"Living Wall","player_choice":"Change","floor":5.0,"gold_loss":0.0,"damage_taken":0.0,"cards_obtained":["Barrage"]},{"damage_healed":0.0,"max_hp_gain":0.0,"max_hp_loss":0.0,"gold_gain":0.0,"event_name":"Cursed Tome","player_choice":"Obtained Book","floor":21.0,"gold_loss":0.0,"damage_taken":21.0},{"damage_healed":0.0,"max_hp_gain":0.0,"max_hp_loss":0.0,"gold_gain":0.0,"event_name":"The Library","player_choice":"Read","floor":22.0,"gold_loss":0.0,"damage_taken":0.0,"cards_obtained":["Self Repair"]},{"damage_healed":0.0,"max_hp_gain":0.0,"max_hp_loss":0.0,"gold_gain":0.0,"cards_transformed":["Strike_B","Strike_B"],"event_name":"Designer","player_choice":"Transformed Cards","floor":28.0,"gold_loss":75.0,"damage_taken":0.0,"cards_obtained":["Storm","White Noise"]},{"damage_healed":0.0,"max_hp_gain":0.0,"max_hp_loss":0.0,"gold_gain":0.0,"event_name":"Tomb of Lord Red Mask","player_choice":"Ignored","floor":37.0,"gold_loss":0.0,"damage_taken":0.0},{"damage_healed":0.0,"max_hp_gain":0.0,"max_hp_loss":4.0,"gold_gain":0.0,"event_name":"Winding Halls","player_choice":"Max HP","floor":38.0,"gold_loss":0.0,"damage_taken":0.0},{"damage_healed":0.0,"max_hp_gain":0.0,"max_hp_loss":0.0,"gold_gain":0.0,"event_name":"SensoryStone","player_choice":"Memory 3","floor":44.0,"gold_loss":0.0,"damage_taken":10.0},{"cards_removed":["FTL"],"damage_healed":0.0,"max_hp_gain":0.0,"max_hp_loss":0.0,"gold_gain":0.0,"event_name":"Falling","player_choice":"Removed Attack","floor":46.0,"gold_loss":0.0,"damage_taken":0.0},{"damage_healed":0.0,"max_hp_gain":0.0,"max_hp_loss":0.0,"gold_gain":0.0,"event_name":"Mysterious Sphere","player_choice":"Fight","floor":47.0,"gold_loss":0.0,"damage_taken":0.0}],"is_beta":false,"boss_relics":[{"not_picked":["Ectoplasm","Lizard Tail"],"picked":"Tiny House"},{"not_picked":["FrozenCore","Orrery"],"picked":"Nuclear Battery"}],"items_purged_floors":[8],"is_endless":false,"potions_floor_spawned":[3,4,10,13,20,30,41,42,48],"ascension_level":20}