{"gold_per_floor":[119,194,194,194,44,79,79,95,95,108,123,139,153,197,197,327,327,350,366,386,386,66,110,133,166,218,70,103,103,139,164,164,294,294,319,319,30,0,0,0,39,39,63,97,97,222,255,288,300,312],"floor_reached":51,"playtime":2910,"items_purged":["Defend_R"],"score":1400,"play_id":"8ae1bff1-ef53-4eb8-b150-adb5eeaa1253","local_time":"20181120112528","is_ascension_mode":true,"campfire_choices":[{"data":"Bludgeon","floor":7,"key":"SMITH"},{"data":"Armaments","floor":15,"key":"SMITH"},{"floor":29,"key":"REST"},{"floor":32,"key":"REST"},{"floor":40,"key":"REST"},{"floor":42,"key":"REST"},{"floor":45,"key":"REST"},{"floor":49,"key":"REST"}],"neow_cost":"NONE","seed_source_timestamp":873690737483165,"circlet_count":0,"master_deck":["AscendersBane","Strike_R","Strike_R","Strike_R","Strike_R","Defend_R+1","Defend_R","Bash","Armaments+1","Bludgeon+1","Disarm","Uppercut","Shockwave","True Grit+1","Double Tap","Battle Trance+1","Disarm","Flash of Steel","Whirlwind","Dropkick+1","Battle Trance","Flame Barrier","Demon Form","Apotheosis","Ghostly Armor","Headbutt","True Grit","Impervious"],"special_seed":0,"relics":["Burning Blood","NeowsBlessing","Bag of Marbles","Golden Idol","Juzu Bracelet","Thread and Needle","Vajra","Boot","Fusion Hammer","Orichalcum","Incense Burner","Calipers","Centennial Puzzle","Oddly Smooth Stone","Dream Catcher","Omamori","Red Skull","Sozu","Red Mask","Ancient Tea Set","War Paint","Letter Opener","Champion Belt","MawBank"],"potions_floor_usage":[16,23,25,25,33,44],"damage_taken":[{"damage":0,"enemies":"Small Slimes","floor":1,"turns":1},{"damage":0,"enemies":"3 Sentries","floor":6,"turns":1},{"damage":0,"enemies":"Jaw Worm","floor":8,"turns":1},{"damage":2,"enemies":"2 Louse","floor":10,"turns":3},{"damage":5,"enemies":"2 Fungi Beasts","floor":11,"turns":3},{"damage":8,"enemies":"Exordium Thugs","floor":12,"turns":4},{"damage":1,"enemies":"Blue Slaver","floor":13,"turns":3},{"damage":0,"enemies":"Gremlin Nob","floor":14,"turns":2},{"damage":25,"enemies":"Hexaghost","floor":16,"turns":10},{"damage":6,"enemies":"Chosen","floor":18,"turns":4},{"damage":0,"enemies":"3 Byrds","floor":19,"turns":6},{"damage":5,"enemies":"3 Cultists","floor":20,"turns":5},{"damage":11,"enemies":"Gremlin Leader","floor":23,"turns":4},{"damage":13,"enemies":"Centurion and Healer","floor":24,"turns":2},{"damage":21,"enemies":"Slavers","floor":25,"turns":5},{"damage":11,"enemies":"Gremlin Leader","floor":28,"turns":4},{"damage":12,"enemies":"Book of Stabbing","floor":30,"turns":4},{"damage":42,"enemies":"Champ","floor":33,"turns":8},{"damage":0,"enemies":"Orb Walker","floor":35,"turns":2},{"damage":7,"enemies":"Giant Head","floor":41,"turns":7},{"damage":24,"enemies":"Reptomancer","floor":44,"turns":5},{"damage":0,"enemies":"Mind Bloom Boss Battle","floor":46,"turns":4},{"damage":10,"enemies":"Nemesis","floor":47,"turns":6},{"damage":16,"enemies":"3 Shapes","floor":48,"turns":3},{"damage":44,"enemies":"Time Eater","floor":50,"turns":9}],"seed_played":"-4390922260766631759","potions_obtained":[{"floor":8,"key":"SkillPotion"},{"floor":10,"key":"SneckoOil"},{"floor":11,"key":"Regen Potion"},{"floor":16,"key":"Poison Potion"},{"floor":23,"key":"Block Potion"},{"floor":25,"key":"SteroidPotion"},{"floor":30,"key":"Explosive Potion"}],"is_trial":false,"path_per_floor":["M","?","?","?","$","E","R","M","T","M","M","M","M","E","R","B",null,"M","M","M","?","$","E","M","E","T","$","E","R","E","T","R","B",null,"M","?","$","?","?","R","E","R","T","E","R","?","E","M","R","B",null],"character_chosen":"IRONCLAD","items_purchased":["Juzu Bracelet","Orichalcum","Flash of Steel","Whirlwind","Oddly Smooth Stone","Apotheosis","Ghostly Armor"],"campfire_rested":6,"item_purchase_floors":[5,22,22,22,27,37,37],"current_hp_per_floor":[78,67,64,44,44,50,50,56,56,60,61,59,64,70,70,51,73,73,79,80,80,80,75,68,67,67,67,62,80,74,74,80,44,71,77,77,77,77,80,80,79,80,80,62,80,80,76,66,80,42],"gold":324,"neow_bonus":"THREE_ENEMY_KILL","is_prod":false,"is_daily":false,"chose_seed":false,"campfire_upgraded":2,"win_rate":0,"timestamp":1542684328,"path_taken":["M","?","?","?","$","E","R","M","T","M","M","M","M","E","R","BOSS","M","M","M","?","$","E","M","E","T","?","E","R","E","?","R","BOSS","M","?","$","?","?","R","E","R","T","E","R","?","E","M","R","BOSS"],"build_version":"2018-11-15","purchased_purges":1,"victory":true,"max_hp_per_floor":[80,80,80,80,80,80,80,80,80,80,80,80,80,80,80,80,80,80,80,80,80,80,80,80,80,80,80,80,80,80,80,80,80,80,80,80,80,80,80,80,80,80,80,80,80,80,80,80,80,80],"card_choices":[{"not_picked":["Clash","Pummel"],"picked":"Armaments","floor":1},{"not_picked":["Anger","Intimidate"],"picked":"Bludgeon","floor":6},{"not_picked":["Shrug It Off","Havoc"],"picked":"Disarm","floor":8},{"not_picked":["Armaments","Fire Breathing","Combust"],"picked":"SKIP","floor":10},{"not_picked":["Havoc","Armaments"],"picked":"Uppercut","floor":11},{"not_picked":["Armaments","Corruption"],"picked":"Shockwave","floor":12},{"not_picked":["Dark Embrace","Wild Strike"],"picked":"True Grit","floor":13},{"not_picked":["Armaments","Flex","True Grit"],"picked":"SKIP","floor":14},{"not_picked":["Dark Embrace","Reaper"],"picked":"Double Tap","floor":16},{"not_picked":["True Grit","Evolve"],"picked":"Battle Trance+1","floor":18},{"not_picked":["Dual Wield","Heavy Blade"],"picked":"Disarm","floor":19},{"not_picked":["Clash","Hemokinesis","Searing Blow"],"picked":"SKIP","floor":20},{"not_picked":["Anger","Perfected Strike"],"picked":"Dropkick+1","floor":23},{"not_picked":["Clash","Havoc","Heavy Blade"],"picked":"SKIP","floor":24},{"not_picked":["Heavy Blade+1","Perfected Strike","Blood for Blood+1"],"picked":"SKIP","floor":25},{"not_picked":["Twin Strike","Sentinel"],"picked":"Battle Trance","floor":28},{"not_picked":["Pommel Strike","Evolve"],"picked":"Flame Barrier","floor":30},{"not_picked":["Berserk","Feed"],"picked":"Demon Form","floor":33},{"not_picked":["Iron Wave","Havoc","Sword Boomerang"],"picked":"SKIP","floor":35},{"not_picked":["Pummel","Disarm","Fire Breathing"],"picked":"SKIP","floor":41},{"not_picked":["True Grit","Armaments"],"picked":"Headbutt","floor":42},{"not_picked":["Offering","Juggernaut","Headbutt"],"picked":"SKIP","floor":44},{"not_picked":["Flex","Sword Boomerang"],"picked":"True Grit","floor":47},{"not_picked":["Burning Pact","Perfected Strike","Armaments+1"],"picked":"SKIP","floor":48},{"not_picked":["Thunderclap","Rage"],"picked":"Impervious","floor":49}],"player_experience":505121,"relics_obtained":[{"floor":6,"key":"Thread and Needle"},{"floor":9,"key":"Vajra"},{"floor":14,"key":"Boot"},{"floor":23,"key":"Incense Burner"},{"floor":25,"key":"Calipers"},{"floor":26,"key":"Centennial Puzzle"},{"floor":28,"key":"Dream Catcher"},{"floor":30,"key":"Omamori"},{"floor":31,"key":"Red Skull"},{"floor":41,"key":"Ancient Tea Set"},{"floor":43,"key":"War Paint"},{"floor":44,"key":"Letter Opener"},{"floor":46,"key":"Champion Belt"},{"floor":47,"key":"MawBank"}],"event_choices":[{"damage_healed":0,"gold_gain":75,"player_choice":"Gather Gold","damage_taken":11,"max_hp_gain":0,"max_hp_loss":0,"event_name":"World of Goop","floor":2,"gold_loss":0},{"damage_healed":0,"gold_gain":0,"player_choice":"Success","damage_taken":3,"relics_obtained":["Bag of Marbles"],"max_hp_gain":0,"max_hp_loss":0,"event_name":"Scrap Ooze","floor":3,"gold_loss":0},{"damage_healed":0,"gold_gain":0,"player_choice":"Take Damage","damage_taken":20,"relics_obtained":["Golden Idol"],"max_hp_gain":0,"max_hp_loss":0,"event_name":"Golden Idol","floor":4,"gold_loss":0},{"cards_removed":["Defend_R"],"damage_healed":0,"gold_gain":0,"player_choice":"Offered Basic","damage_taken":0,"max_hp_gain":0,"max_hp_loss":0,"event_name":"Bonfire Elementals","floor":21,"gold_loss":0},{"cards_removed":["Strike_R"],"damage_healed":0,"gold_gain":0,"player_choice":"Removed Attack","damage_taken":0,"max_hp_gain":0,"max_hp_loss":0,"event_name":"Falling","floor":36,"gold_loss":0},{"damage_healed":0,"gold_gain":0,"player_choice":"Paid","damage_taken":0,"relics_obtained":["Red Mask"],"max_hp_gain":0,"max_hp_loss":0,"event_name":"Tomb of Lord Red Mask","floor":38,"gold_loss":30},{"damage_healed":20,"gold_gain":0,"player_choice":"Writhe","damage_taken":0,"max_hp_gain":0,"max_hp_loss":0,"event_name":"Winding Halls","floor":39,"gold_loss":0,"cards_obtained":["Writhe"]},{"damage_healed":0,"gold_gain":0,"player_choice":"Fight","damage_taken":0,"max_hp_gain":0,"max_hp_loss":0,"event_name":"MindBloom","floor":46,"gold_loss":0}],"is_beta":true,"boss_relics":[{"not_picked":["Calling Bell","Empty Cage"],"picked":"Fusion Hammer"},{"not_picked":["Cursed Key","Black Star"],"picked":"Sozu"}],"items_purged_floors":[37],"is_endless":false,"potions_floor_spawned":[8,10,11,14,16,19,23,25,30,35,47],"ascension_level":12}