{"path_per_floor":["M","M","$","?","M","R","M","E","T","M","E","R","M","$","R","B",null,"M"],"character_chosen":"THE_SILENT","items_purchased":["Backflip","Footwork"],"gold_per_floor":[112,124,1,1,14,14,34,64,64,74,99,99,111,37,37,141,141,155],"floor_reached":19,"campfire_rested":1,"playtime":1149,"current_hp_per_floor":[70,70,70,63,62,62,62,46,46,38,27,27,3,3,24,7,54,41],"items_purged":["Strike_G"],"gold":155,"score":224,"play_id":"68374ed9-c1cd-45fc-80c2-e421567f69be","local_time":"20180304154712","is_prod":false,"is_daily":false,"is_ascension_mode":true,"campfire_upgraded":2,"timestamp":1520149632,"path_taken":["M","M","?","?","M","R","?","E","T","M","E","R","?","?","R","BOSS","M","M"],"build_version":"2018-03-02-BETA2","purchased_purges":2,"victory":false,"master_deck":["Survivor","Neutralize+1","Dagger Spray","Footwork+1","Backflip","Infinite Blades","Terror","Sucker Punch","Footwork","Storm of Steel","Concentrate","PiercingWail","PiercingWail","Dagger Spray","Cloak And Dagger","Dagger Throw","Quick Slash","Bane"],"max_hp_per_floor":[70,70,70,70,70,70,70,70,70,70,70,70,70,70,70,70,70,70],"relics":["Ring of the Snake","Blood Vial","Prayer Wheel","Gremlin Horn","Pandora\u0027s Box"],"card_choices":[{"not_picked":["Malaise","Bouncing Flask"],"picked":"Dagger Spray"},{"not_picked":["Dagger Spray","Terror"],"picked":"Footwork"},{"not_picked":["Deflect","Underhanded Strike"],"picked":"Infinite Blades"},{"not_picked":["Backflip","Cloak And Dagger"],"picked":"Terror"},{"not_picked":["Quick Slash","Masterful Stab"],"picked":"Sucker Punch"},{"not_picked":["Phantasmal Killer","Bullet Time"],"picked":"Storm of Steel"}],"player_experience":149561,"potions_floor_usage":[7,11,11,16],"damage_taken":[{"damage":0,"enemies":"Cultist","floor":1,"turns":4},{"damage":0,"enemies":"2 Louse","floor":2,"turns":2},{"damage":1,"enemies":"Jaw Worm","floor":5,"turns":5},{"damage":0,"enemies":"Lots of Slimes","floor":7,"turns":2},{"damage":16,"enemies":"3 Sentries","floor":8,"turns":10},{"damage":10,"enemies":"Gremlin Gang","floor":10,"turns":3},{"damage":25,"enemies":"Gremlin Nob","floor":11,"turns":5},{"damage":26,"enemies":"Exordium Thugs","floor":13,"turns":6},{"damage":19,"enemies":"Slime Boss","floor":16,"turns":7},{"damage":15,"enemies":"Shell Parasite","floor":18,"turns":7},{"damage":47,"enemies":"Spheric Guardian","floor":19,"turns":5}],"event_choices":[{"event_name":"Golden Wing","player_choice":"Card Removal","floor":4,"damage_taken":0}],"boss_relics":[{"not_picked":["Calling Bell","Orrery"],"picked":"Pandora\u0027s Box"}],"potions_floor_spawned":[1,2,8,13],"seed_played":"8193060645532046703","killed_by":"Spheric Guardian","ascension_level":5,"is_trial":false}