{"gold_per_floor":[118,118,118,135,148,148,183,183,183,183,199,234,234,108,108,181,181,192,209,259,271,284,284,284],"floor_reached":24,"playtime":565,"items_purged":["Defend_B"],"score":512,"play_id":"cd1eb93b-7a80-43bb-b27e-2869738ca7e7","local_time":"20190403143611","is_ascension_mode":true,"campfire_choices":[{"data":"Coolheaded","floor":6,"key":"SMITH"},{"data":"Streamline","floor":8,"key":"SMITH"},{"floor":10,"key":"REST"},{"data":"Dualcast","floor":13,"key":"SMITH"},{"floor":15,"key":"REST"},{"floor":23,"key":"REST"}],"neow_cost":"NONE","seed_source_timestamp":444479867917600,"circlet_count":0,"master_deck":["AscendersBane","Strike_B","Strike_B","Strike_B","Strike_B","Defend_B","Defend_B+1","Defend_B+1","Zap+1","Dualcast+1","White Noise","Coolheaded+1","Streamline+1","Core Surge","Coolheaded","Echo Form","Hologram"],"relics":["Cracked Core","NeowsBlessing","Question Card","Sundial","Gremlin Horn","Sozu"],"potions_floor_usage":[16,16],"damage_taken":[{"damage":0,"enemies":"2 Louse","floor":1,"turns":1},{"damage":0,"enemies":"Small Slimes","floor":4,"turns":1},{"damage":0,"enemies":"Cultist","floor":5,"turns":1},{"damage":20,"enemies":"Lagavulin","floor":7,"turns":9},{"damage":19,"enemies":"Exordium Thugs","floor":11,"turns":4},{"damage":6,"enemies":"Gremlin Nob","floor":12,"turns":3},{"damage":0,"enemies":"Slime Boss","floor":16,"turns":6},{"damage":2,"enemies":"2 Thieves","floor":18,"turns":4},{"damage":17,"enemies":"Chosen","floor":19,"turns":5},{"damage":21,"enemies":"Centurion and Healer","floor":21,"turns":7},{"damage":12,"enemies":"3 Cultists","floor":22,"turns":4},{"damage":33,"enemies":"Cultist and Chosen","floor":24,"turns":3}],"seed_played":"8346054319268801669","potions_obtained":[{"floor":4,"key":"Dexterity Potion"},{"floor":5,"key":"Strength Potion"},{"floor":12,"key":"Fire Potion"}],"is_trial":false,"path_per_floor":["M","?","?","M","M","R","E","R","T","R","M","E","R","$","R","B",null,"M","M","?","M","M","R","M"],"character_chosen":"DEFECT","items_purchased":["Coolheaded"],"campfire_rested":3,"item_purchase_floors":[14],"current_hp_per_floor":[64,43,43,43,43,43,23,23,23,44,25,19,19,19,40,40,63,61,44,44,23,11,32,0],"gold":284,"neow_bonus":"THREE_ENEMY_KILL","is_prod":false,"is_daily":false,"chose_seed":false,"campfire_upgraded":3,"win_rate":0,"timestamp":1554269771,"path_taken":["M","?","?","M","?","R","E","R","T","R","M","E","R","$","R","BOSS","M","M","?","M","M","R","M"],"build_version":"2019-01-23","purchased_purges":1,"victory":false,"max_hp_per_floor":[71,71,71,71,71,71,71,71,71,71,71,71,71,71,71,71,71,71,71,71,71,71,71,71],"card_choices":[{"not_picked":["Steam","Turbo","Beam Cell"],"picked":"SKIP","floor":1},{"not_picked":["Redo","Heatsinks"],"picked":"White Noise","floor":4},{"not_picked":["BootSequence","Turbo"],"picked":"Coolheaded","floor":5},{"not_picked":["Sweeping Beam","Gash"],"picked":"Streamline","floor":7},{"not_picked":["Chaos","Redo","BootSequence","Conserve Battery"],"picked":"SKIP","floor":11},{"not_picked":["Reinforced Body","Barrage","Genetic Algorithm"],"picked":"Core Surge","floor":12},{"not_picked":["Reboot","Meteor Strike","Hyperbeam"],"picked":"Echo Form","floor":16},{"not_picked":["BootSequence","Steam","Stack","Go for the Eyes"],"picked":"SKIP","floor":18},{"not_picked":["Double Energy","Skim","Genetic Algorithm"],"picked":"Hologram","floor":19},{"not_picked":["Steam","Leap","Stack","Scrape"],"picked":"SKIP","floor":21},{"not_picked":["Hologram","Stack","FTL","Leap"],"picked":"SKIP","floor":22}],"player_experience":2831893,"relics_obtained":[{"floor":7,"key":"Question Card"},{"floor":9,"key":"Sundial"},{"floor":12,"key":"Gremlin Horn"}],"event_choices":[{"damage_healed":0,"gold_gain":0,"player_choice":"Entered Light","damage_taken":21,"max_hp_gain":0,"max_hp_loss":0,"event_name":"Shining Light","floor":2,"gold_loss":0,"cards_upgraded":["Defend_B","Defend_B"]},{"damage_healed":0,"gold_gain":0,"player_choice":"Upgraded","damage_taken":0,"max_hp_gain":0,"max_hp_loss":0,"event_name":"Upgrade Shrine","floor":3,"gold_loss":0,"cards_upgraded":["Zap"]},{"damage_healed":0,"gold_gain":50,"player_choice":"Stole From Cult","damage_taken":0,"max_hp_gain":0,"max_hp_loss":0,"event_name":"Nest","floor":20,"gold_loss":0}],"is_beta":false,"boss_relics":[{"not_picked":["White Beast Statue","Lizard Tail"],"picked":"Sozu"}],"items_purged_floors":[14],"is_endless":false,"potions_floor_spawned":[4,5,12,18,19,22],"killed_by":"Cultist and Chosen","ascension_level":20}