{"gold_per_floor":[138,176,176,276,23,23,73,73,98,149,161,205,130,130,130,234,234,278,303,303,70,114,114,114],"floor_reached":24,"playtime":909,"items_purged":["Strike_B"],"score":404,"play_id":"ecd7f1ab-0311-401c-ac58-ff274dde94ac","local_time":"20190212201644","is_ascension_mode":true,"campfire_choices":[{"floor":6,"key":"REST"},{"data":"Beam Cell","floor":8,"key":"SMITH"},{"floor":15,"key":"REST"},{"data":"Biased Cognition","floor":23,"key":"SMITH"}],"neow_cost":"CURSE","seed_source_timestamp":35175367763500,"circlet_count":0,"master_deck":["AscendersBane","Strike_B","Strike_B","Strike_B","Defend_B","Defend_B","Defend_B","Defend_B","Zap","Dualcast+1","Deep Breath","HandOfGreed+1","Beam Cell+1","Self Repair","Coolheaded","Cold Snap","Biased Cognition+1"],"relics":["Cracked Core","Runic Capacitor","Ornamental Fan","Bag of Preparation","Matryoshka","Inserter","Anchor"],"potions_floor_usage":[7,12,19],"damage_taken":[{"damage":11,"enemies":"Jaw Worm","floor":1,"turns":5},{"damage":3,"enemies":"2 Louse","floor":2,"turns":3},{"damage":15,"enemies":"Lagavulin","floor":7,"turns":5},{"damage":34,"enemies":"Gremlin Nob","floor":10,"turns":4},{"damage":0,"enemies":"Cultist","floor":11,"turns":2},{"damage":0,"enemies":"Blue Slaver","floor":12,"turns":2},{"damage":11,"enemies":"The Guardian","floor":16,"turns":11},{"damage":28,"enemies":"Shell Parasite","floor":18,"turns":6},{"damage":34,"enemies":"Colosseum Slavers","floor":19,"turns":6},{"damage":8,"enemies":"Spheric Guardian","floor":22,"turns":5},{"damage":69,"enemies":"Slavers","floor":24,"turns":6}],"seed_played":"-8896572682172467351","potions_obtained":[{"floor":2,"key":"SkillPotion"},{"floor":11,"key":"Explosive Potion"},{"floor":18,"key":"SteroidPotion"}],"is_trial":false,"path_per_floor":["M","M","?","?","$","R","E","R","T","E","M","M","?","?","R","B",null,"M","?","?","$","M","R","E"],"character_chosen":"DEFECT","items_purchased":["Runic Capacitor","Self Repair","Anchor"],"campfire_rested":2,"item_purchase_floors":[5,5,21],"current_hp_per_floor":[53,50,29,29,29,50,42,42,42,15,22,22,22,22,43,39,63,35,8,71,71,70,70,1],"gold":114,"neow_bonus":"RANDOM_COLORLESS_2","is_prod":false,"is_daily":false,"chose_seed":false,"campfire_upgraded":2,"win_rate":0,"timestamp":1549970204,"path_taken":["M","M","?","?","$","R","E","R","T","E","M","?","?","?","R","BOSS","M","?","?","$","M","R","E"],"build_version":"2019-01-23","purchased_purges":1,"victory":false,"max_hp_per_floor":[71,71,71,71,71,71,71,71,71,71,71,71,71,71,71,71,71,71,71,71,71,71,71,71],"card_choices":[{"not_picked":["Rebound","Streamline"],"picked":"Beam Cell","floor":1},{"not_picked":["Barrage","Stack","Rebound"],"picked":"SKIP","floor":2},{"not_picked":["Static Discharge","Doom and Gloom"],"picked":"Coolheaded","floor":7},{"not_picked":["Steam","Stack","Machine Learning"],"picked":"SKIP","floor":10},{"not_picked":["Rip and Tear","Hologram"],"picked":"Cold Snap","floor":11},{"not_picked":["Redo","Turbo","Thunder Strike"],"picked":"SKIP","floor":12},{"not_picked":["Meteor Strike","All For One"],"picked":"Biased Cognition","floor":16},{"not_picked":["Fusion","Rip and Tear","Stack"],"picked":"SKIP","floor":18},{"not_picked":["Go for the Eyes","Compile Driver","Conserve Battery"],"picked":"SKIP","floor":22}],"player_experience":1535545,"relics_obtained":[{"floor":7,"key":"Ornamental Fan"},{"floor":9,"key":"Bag of Preparation"},{"floor":10,"key":"Matryoshka"}],"event_choices":[{"damage_healed":0,"gold_gain":0,"player_choice":"Entered Light","damage_taken":21,"max_hp_gain":0,"max_hp_loss":0,"event_name":"Shining Light","floor":3,"gold_loss":0,"cards_upgraded":["Dualcast","HandOfGreed"]},{"damage_healed":0,"gold_gain":100,"player_choice":"Gold","damage_taken":0,"max_hp_gain":0,"max_hp_loss":0,"event_name":"Wheel of Change","floor":4,"gold_loss":0},{"cards_removed":["Decay"],"damage_healed":0,"gold_gain":0,"player_choice":"Card Removal","damage_taken":0,"max_hp_gain":0,"max_hp_loss":0,"event_name":"The Cleric","floor":13,"gold_loss":75},{"damage_healed":0,"gold_gain":0,"player_choice":"Ignored","damage_taken":0,"max_hp_gain":0,"max_hp_loss":0,"event_name":"Liars Game","floor":14,"gold_loss":0},{"damage_healed":0,"gold_gain":0,"player_choice":"Fight","damage_taken":0,"max_hp_gain":0,"max_hp_loss":0,"event_name":"Colosseum","floor":19,"gold_loss":0},{"damage_healed":0,"gold_gain":0,"player_choice":"Fled From Nobs","damage_taken":0,"max_hp_gain":0,"max_hp_loss":0,"event_name":"Colosseum","floor":19,"gold_loss":0},{"damage_healed":63,"gold_gain":0,"player_choice":"Full Heal","damage_taken":0,"max_hp_gain":0,"max_hp_loss":0,"event_name":"Wheel of Change","floor":20,"gold_loss":0}],"is_beta":false,"boss_relics":[{"not_picked":["Orrery","Fusion Hammer"],"picked":"Inserter"}],"items_purged_floors":[21],"is_endless":false,"potions_floor_spawned":[2,11,18],"killed_by":"Slavers","ascension_level":20}