{"path_per_floor":["M","M","?","?","?","E","R","E","T","R","$","M","$","M","R","B",null,"M","?","M","M","$","R","?","M","T","M","?","M","T","M","R"],"character_chosen":"IRONCLAD","items_purchased":["Vajra","Inflame","Searing Blow"],"gold_per_floor":[117,128,203,203,203,231,231,263,314,314,3,17,17,34,34,134,164,175,100,113,131,56,56,56,76,151,163,163,179,202,212,212],"floor_reached":33,"campfire_rested":3,"playtime":2987,"current_hp_per_floor":[80,80,69,69,90,46,88,62,62,62,62,69,69,69,90,18,95,77,77,83,75,75,75,75,73,73,68,68,49,49,57,95],"items_purged":["Strike_R"],"gold":212,"score":282,"play_id":"c5eb3b99-81e3-4314-8875-87fc00951983","is_prod":false,"is_daily":false,"is_ascension_mode":false,"campfire_upgraded":2,"path_taken":["M","M","?","?","?","E","R","E","T","R","$","M","?","M","R","BOSS","M","?","M","M","$","R","?","M","T","M","?","M","?","M","R","BOSS"],"build_version":"2018-02-12-PROD1","purchased_purges":1,"victory":false,"master_deck":["Strike_R+1","Strike_R+1","Strike_R+1","Defend_R+1","Defend_R+1","Defend_R+1","Defend_R+1","Bash","Armaments","Thunderclap","Flex","Demon Form+1","Inflame","Searing Blow","Heavy Blade+1","Limit Break","Wild Strike","Pommel Strike+1","Flex","Spot Weakness+1","Cleave","Anger+1"],"max_hp_per_floor":[80,80,80,80,90,90,90,90,90,90,90,90,90,90,90,90,95,95,95,95,95,95,95,95,95,95,95,95,95,95,95,95],"relics":["Burning Blood","Regal Pillow","Matryoshka","Lantern","Oddly Smooth Stone","Vajra","Tiny House","Omamori","Gremlin Horn","Blood Vial"],"card_choices":[{"not_picked":["Wild Strike","Perfected Strike"],"picked":"Armaments"},{"not_picked":["Carnage","Armaments"],"picked":"Thunderclap"},{"not_picked":["Uppercut","Searing Blow"],"picked":"Flex"},{"not_picked":["Headbutt","Disarm"],"picked":"Demon Form"},{"not_picked":["Wild Strike","Combust"],"picked":"Heavy Blade"},{"not_picked":["Barricade","Bludgeon"],"picked":"Limit Break"},{"not_picked":["Pummel","Sever Soul"],"picked":"Wild Strike"},{"not_picked":["Fire Breathing","Havoc"],"picked":"Pommel Strike"},{"not_picked":["Corruption","Havoc"],"picked":"Flex"},{"not_picked":["Anger","Power Through"],"picked":"Spot Weakness"},{"not_picked":["Sword Boomerang","Sever Soul"],"picked":"Cleave"},{"not_picked":["Searing Blow","Cleave"],"picked":"Anger"}],"player_experience":130588,"potions_floor_usage":[6,8,12,21,21,27,27],"damage_taken":[{"damage":5,"enemies":"Cultist","floor":1,"turns":4},{"damage":1,"enemies":"2 Louse","floor":2,"turns":2},{"damage":50,"enemies":"Lagavulin","floor":6,"turns":8},{"damage":32,"enemies":"Gremlin Nob","floor":8,"turns":4},{"damage":5,"enemies":"Jaw Worm","floor":12,"turns":3},{"damage":6,"enemies":"2 Fungi Beasts","floor":14,"turns":4},{"damage":78,"enemies":"Hexaghost","floor":16,"turns":8},{"damage":24,"enemies":"2 Thieves","floor":18,"turns":3},{"damage":0,"enemies":"Chosen","floor":20,"turns":5},{"damage":26,"enemies":"Centurion and Healer","floor":21,"turns":5},{"damage":8,"enemies":"Sentry and Sphere","floor":25,"turns":4},{"damage":11,"enemies":"Snake Plant","floor":27,"turns":3},{"damage":25,"enemies":"Snecko","floor":29,"turns":5},{"damage":0,"enemies":"3 Cultists","floor":31,"turns":4},{"damage":97,"enemies":"Automaton","floor":33,"turns":8}],"event_choices":[{"event_name":"World of Goop","player_choice":"Gather Gold","floor":3,"damage_taken":0},{"event_name":"Golden Wing","player_choice":"Ignored","floor":4,"damage_taken":0},{"event_name":"Bonfire Elementals","player_choice":"RARE","floor":5,"damage_taken":0},{"event_name":"Beggar","player_choice":"Gave Gold","floor":19,"damage_taken":0},{"event_name":"Vampires","player_choice":"Ignored","floor":24,"damage_taken":0},{"event_name":"Back to Basics","player_choice":"Simplicity","floor":28,"damage_taken":0}],"boss_relics":[{"not_picked":["Mark of Pain","Philosopher\u0027s Stone"],"picked":"Tiny House"}],"potions_floor_spawned":[2,6,8,20,21,25],"seed_played":"-2190874492828940612","killed_by":"Automaton","ascension_level":0,"is_trial":false}