{"gold_per_floor":[110,90,102,116,11,39,39,74,74,20,31,31,46,63,63,137,137,154,154,154,129,147,147,180,196,223,253,315,327,351,17,17,89,89,103,103,114,124,124],"floor_reached":39,"playtime":2660,"items_purged":[],"score":772,"play_id":"53c6411e-e042-4c35-b43d-8fd6a4c41450","local_time":"20190307213333","is_ascension_mode":true,"campfire_choices":[{"floor":7,"key":"REST"},{"floor":12,"key":"REST"},{"data":"Static Discharge","floor":15,"key":"SMITH"},{"floor":23,"key":"REST"},{"floor":29,"key":"REST"},{"data":"Seek","floor":32,"key":"SMITH"}],"neow_cost":"NONE","seed_source_timestamp":186746379762765,"circlet_count":0,"master_deck":["AscendersBane","Strike_B","Strike_B","Strike_B","Strike_B","Defend_B","Defend_B","Defend_B","Defend_B","Zap","Dualcast","Glacier","Cold Snap","Ball Lightning","Static Discharge+1","Redo","Self Repair+1","Static Discharge+1","FTL","Conserve Battery","Defragment+1","Echo Form+1","Steam","Glacier","Machine Learning+1","Storm+1","Stack","Hello World+1","Seek+1","Rainbow","Static Discharge+1","Defragment+1","Conserve Battery","Thunder Strike","Sunder","Stack","Echo Form+1","Compile Driver+1","Ball Lightning+1"],"relics":["Cracked Core","Anchor","DataDisk","Frozen Egg 2","Blue Candle","Eternal Feather","Darkstone Periapt","MawBank","Blood Vial","Orrery"],"potions_floor_usage":[11,16,27,30,35,38,39],"damage_taken":[{"damage":0,"enemies":"Cultist","floor":1,"turns":4},{"damage":0,"enemies":"Jaw Worm","floor":3,"turns":4},{"damage":2,"enemies":"Small Slimes","floor":4,"turns":3},{"damage":21,"enemies":"Lagavulin","floor":6,"turns":7},{"damage":30,"enemies":"Gremlin Nob","floor":8,"turns":4},{"damage":0,"enemies":"Gremlin Gang","floor":11,"turns":5},{"damage":6,"enemies":"2 Fungi Beasts","floor":13,"turns":3},{"damage":0,"enemies":"Red Slaver","floor":14,"turns":3},{"damage":36,"enemies":"Hexaghost","floor":16,"turns":11},{"damage":2,"enemies":"Chosen","floor":18,"turns":4},{"damage":45,"enemies":"2 Thieves","floor":21,"turns":5},{"damage":27,"enemies":"3 Cultists","floor":22,"turns":4},{"damage":50,"enemies":"Slavers","floor":24,"turns":6},{"damage":3,"enemies":"Snake Plant","floor":25,"turns":2},{"damage":9,"enemies":"Cultist and Chosen","floor":27,"turns":8},{"damage":20,"enemies":"Snecko","floor":30,"turns":4},{"damage":21,"enemies":"Champ","floor":33,"turns":15},{"damage":23,"enemies":"3 Shapes","floor":35,"turns":3},{"damage":3,"enemies":"Orb Walker","floor":37,"turns":3},{"damage":35,"enemies":"4 Shapes","floor":38,"turns":3},{"damage":35,"enemies":"Writhing Mass","floor":39,"turns":4}],"seed_played":"-2268392722992179723","potions_obtained":[{"floor":2,"key":"SneckoOil"},{"floor":3,"key":"SteroidPotion"},{"floor":14,"key":"Swift Potion"},{"floor":16,"key":"FearPotion"},{"floor":21,"key":"Ancient Potion"},{"floor":25,"key":"AttackPotion"},{"floor":30,"key":"Fire Potion"},{"floor":35,"key":"Fire Potion"},{"floor":38,"key":"Dexterity Potion"}],"is_trial":false,"path_per_floor":["M","?","M","M","$","E","R","E","T","$","M","R","M","M","R","B",null,"M","?","?","M","M","R","E","M","T","M","?","R","M","$","R","B",null,"M","?","M","M","M"],"character_chosen":"DEFECT","items_purchased":["Static Discharge","Redo","Fire Potion","Seek","Blood Vial"],"campfire_rested":4,"item_purchase_floors":[5,5,10,31,31],"current_hp_per_floor":[64,64,64,62,62,41,62,39,39,39,46,67,68,68,68,39,63,71,71,71,46,29,65,25,22,22,23,23,59,49,49,64,55,67,46,46,55,32,0],"gold":124,"neow_bonus":"RANDOM_COMMON_RELIC","is_prod":false,"is_daily":false,"chose_seed":false,"campfire_upgraded":2,"win_rate":0,"timestamp":1551987213,"path_taken":["M","?","M","M","$","E","R","E","T","$","M","R","?","M","R","BOSS","M","?","?","M","M","R","E","M","T","?","?","R","M","$","R","BOSS","M","?","?","M","M"],"build_version":"2019-01-23","purchased_purges":0,"victory":false,"max_hp_per_floor":[71,71,71,71,71,71,71,71,71,71,71,71,71,71,71,71,71,71,71,71,71,71,71,71,71,71,71,71,71,71,71,71,71,71,71,71,71,71,71],"card_choices":[{"not_picked":["Beam Cell","Coolheaded"],"picked":"Glacier","floor":1},{"not_picked":["Scrape","Go for the Eyes"],"picked":"Cold Snap","floor":3},{"not_picked":["Stack","Conserve Battery"],"picked":"Ball Lightning","floor":4},{"not_picked":["Hologram","Coolheaded"],"picked":"Self Repair","floor":6},{"not_picked":["Fusion","Conserve Battery"],"picked":"Static Discharge","floor":8},{"not_picked":["Tempest","Steam"],"picked":"FTL","floor":11},{"not_picked":["Redo","Gash"],"picked":"Conserve Battery","floor":13},{"not_picked":["Steam","Hologram"],"picked":"Defragment+1","floor":14},{"not_picked":["Reboot","Meteor Strike"],"picked":"Echo Form+1","floor":16},{"not_picked":["Rebound","Barrage"],"picked":"Steam","floor":18},{"not_picked":["Turbo","Steam"],"picked":"Glacier","floor":21},{"not_picked":["Streamline","Cold Snap"],"picked":"Machine Learning+1","floor":22},{"not_picked":["Ball Lightning","Rip and Tear"],"picked":"Storm+1","floor":24},{"not_picked":["Coolheaded+1","Hologram","Rebound"],"picked":"SKIP","floor":25},{"not_picked":["Gash","Scrape"],"picked":"Stack","floor":27},{"not_picked":["Leap","Redo"],"picked":"Hello World+1","floor":30},{"not_picked":["Multi-Cast","Hyperbeam"],"picked":"Rainbow","floor":33},{"not_picked":["Scrape","Streamline"],"picked":"Static Discharge+1","floor":34},{"not_picked":["Conserve Battery+1","Reinforced Body+1"],"picked":"Defragment+1","floor":34},{"not_picked":["Compile Driver","Scrape"],"picked":"Conserve Battery","floor":34},{"not_picked":["Compile Driver","Melter"],"picked":"Thunder Strike","floor":34},{"not_picked":["Tempest","Barrage"],"picked":"Sunder","floor":34},{"not_picked":["Barrage","Leap+1"],"picked":"Stack","floor":35},{"not_picked":["Stack","Turbo+1"],"picked":"Compile Driver+1","floor":37},{"not_picked":["Coolheaded","Scrape"],"picked":"Ball Lightning+1","floor":38}],"player_experience":1054069,"relics_obtained":[{"floor":6,"key":"DataDisk"},{"floor":8,"key":"Frozen Egg 2"},{"floor":9,"key":"Blue Candle"},{"floor":24,"key":"Darkstone Periapt"},{"floor":26,"key":"MawBank"}],"event_choices":[{"damage_healed":0,"gold_gain":0,"player_choice":"Bought 1 Potion","damage_taken":0,"max_hp_gain":0,"max_hp_loss":0,"event_name":"The Woman in Blue","floor":2,"gold_loss":0},{"damage_healed":0,"gold_gain":0,"player_choice":"Ignored","damage_taken":0,"max_hp_gain":0,"max_hp_loss":0,"event_name":"Ghosts","floor":19,"gold_loss":0},{"damage_healed":0,"gold_gain":0,"player_choice":"Upgraded","damage_taken":0,"max_hp_gain":0,"max_hp_loss":0,"event_name":"Upgrade Shrine","floor":20,"gold_loss":0,"cards_upgraded":["Self Repair"]},{"damage_healed":0,"gold_gain":50,"player_choice":"Pray","damage_taken":0,"max_hp_gain":0,"max_hp_loss":0,"event_name":"Golden Shrine","floor":28,"gold_loss":0},{"damage_healed":0,"gold_gain":0,"player_choice":"Copied","damage_taken":0,"max_hp_gain":0,"max_hp_loss":0,"event_name":"Duplicator","floor":36,"gold_loss":0,"cards_obtained":["Echo Form"]}],"is_beta":false,"boss_relics":[{"not_picked":["Inserter","FrozenCore"],"picked":"Eternal Feather"},{"not_picked":["Fusion Hammer","Runic Pyramid"],"picked":"Orrery"}],"items_purged_floors":[],"is_endless":false,"potions_floor_spawned":[3,6,14,16,21,25,30,35,38],"killed_by":"Writhing Mass","ascension_level":16}