{"gold_per_floor":[109,109,37,112,112,112,136,136,208,208,231,231,231,247,247,247],"floor_reached":16,"playtime":387,"items_purged":[],"score":106,"play_id":"55cc5af5-9483-4e75-9354-ce6222b815d8","local_time":"20180911221235","is_ascension_mode":true,"campfire_choices":[{"floor":6,"key":"REST"},{"data":"Bash","floor":8,"key":"SMITH"},{"data":"Shrug It Off","floor":13,"key":"SMITH"},{"data":"Feel No Pain","floor":15,"key":"SMITH"}],"neow_cost":"NONE","seed_source_timestamp":359956494810839,"circlet_count":0,"master_deck":["Strike_R","Strike_R","Strike_R","Strike_R","Defend_R","Defend_R","Defend_R","Defend_R","Bash+1","Feel No Pain+1","Heavy Blade","Shrug It Off+1","Limit Break"],"relics":["Burning Blood","Golden Idol","Sundial"],"potions_floor_usage":[],"damage_taken":[{"damage":3,"enemies":"Jaw Worm","floor":1,"turns":5},{"damage":3,"enemies":"2 Louse","floor":7,"turns":3},{"damage":8,"enemies":"Cultist","floor":11,"turns":3},{"damage":10,"enemies":"Blue Slaver","floor":14,"turns":3},{"damage":78,"enemies":"Slime Boss","floor":16,"turns":9}],"seed_played":"3931006308411418789","potions_obtained":[{"floor":14,"key":"Regen Potion"}],"is_trial":false,"path_per_floor":["M","?","$","?","?","R","M","R","T","?","M","?","R","M","R"],"character_chosen":"IRONCLAD","items_purchased":["Feel No Pain"],"campfire_rested":1,"item_purchase_floors":[3],"current_hp_per_floor":[80,60,60,49,49,73,76,76,76,76,74,67,67,63,63,0],"gold":247,"neow_bonus":"REMOVE_CARD","is_prod":false,"is_daily":false,"chose_seed":false,"campfire_upgraded":3,"win_rate":0,"timestamp":1536718355,"path_taken":["M","?","$","?","?","R","M","R","T","?","?","?","R","M","R","BOSS"],"build_version":"2018-09-06","purchased_purges":0,"victory":false,"max_hp_per_floor":[80,80,80,80,80,80,80,80,80,80,80,80,80,80,80,80],"card_choices":[{"not_picked":["Anger","Thunderclap","Sword Boomerang"],"picked":"SKIP","floor":1},{"not_picked":["Sword Boomerang","Anger"],"picked":"Heavy Blade","floor":7},{"not_picked":["Anger","Twin Strike"],"picked":"Shrug It Off","floor":11},{"not_picked":["Sever Soul","Whirlwind"],"picked":"Limit Break","floor":14}],"player_experience":108847,"relics_obtained":[{"floor":9,"key":"Sundial"}],"event_choices":[{"event_name":"Golden Idol","player_choice":"Take Damage","floor":2,"damage_taken":0},{"event_name":"World of Goop","player_choice":"Gather Gold","floor":4,"damage_taken":0},{"event_name":"Liars Game","player_choice":"disagreed","floor":5,"damage_taken":0},{"event_name":"Wheel of Change","player_choice":"Curse","floor":10,"damage_taken":0},{"event_name":"Golden Wing","player_choice":"Card Removal","floor":12,"damage_taken":0}],"is_beta":false,"boss_relics":[],"items_purged_floors":[],"is_endless":false,"potions_floor_spawned":[14],"killed_by":"Slime Boss","ascension_level":4}