{"gold_per_floor":[113,113,113,138,9,38,58,58,58,88,104,104,132,146,146,217,217,228,255,271,44,44,44,44],"floor_reached":24,"playtime":639,"items_purged":[],"score":474,"play_id":"e1c69cdb-2ec5-4a36-a4b0-94d413bd233e","local_time":"20190329124243","is_ascension_mode":true,"campfire_choices":[{"data":"Carnage","floor":12,"key":"SMITH"},{"data":"Bash","floor":15,"key":"SMITH"},{"data":"Strike_R","floor":23,"key":"PURGE"}],"neow_cost":"NONE","seed_source_timestamp":5597047882300,"circlet_count":0,"master_deck":["AscendersBane","Strike_R","Strike_R","Defend_R","Defend_R","Defend_R","Defend_R","Bash+1","Ghostly Armor","Metallicize","Feel No Pain","Carnage+1","Feel No Pain","Sword Boomerang","Evolve","Double Tap","Corruption","True Grit"],"relics":["Burning Blood","NeowsBlessing","Pen Nib","FossilizedHelix","Peace Pipe","Du-Vu Doll","Bird Faced Urn","Ornamental Fan","Fusion Hammer","Centennial Puzzle","Medical Kit"],"potions_floor_usage":[16,20,20],"damage_taken":[{"damage":0,"enemies":"2 Louse","floor":1,"turns":1},{"damage":0,"enemies":"Gremlin Nob","floor":6,"turns":1},{"damage":0,"enemies":"Jaw Worm","floor":7,"turns":1},{"damage":9,"enemies":"3 Sentries","floor":10,"turns":13},{"damage":0,"enemies":"Small Slimes","floor":11,"turns":3},{"damage":24,"enemies":"Gremlin Nob","floor":13,"turns":4},{"damage":0,"enemies":"Exordium Wildlife","floor":14,"turns":3},{"damage":46,"enemies":"Hexaghost","floor":16,"turns":8},{"damage":13,"enemies":"Shell Parasite","floor":18,"turns":4},{"damage":11,"enemies":"2 Thieves","floor":20,"turns":4},{"damage":38,"enemies":"Gremlin Leader","floor":24,"turns":6}],"seed_played":"8877559925647969828","potions_obtained":[{"floor":1,"key":"Energy Potion"},{"floor":10,"key":"Energy Potion"},{"floor":18,"key":"Swift Potion"}],"is_trial":false,"path_per_floor":["M","?","?","T","$","E","M","?","T","E","M","R","E","M","R","B",null,"M","T","M","$","?","R","E"],"character_chosen":"IRONCLAD","items_purchased":["Feel No Pain","Carnage","Medical Kit"],"campfire_rested":0,"item_purchase_floors":[5,5,21],"current_hp_per_floor":[74,67,67,67,67,73,75,49,49,46,52,52,36,46,46,12,59,60,60,61,61,40,40,12],"gold":44,"neow_bonus":"THREE_ENEMY_KILL","is_prod":false,"is_daily":false,"chose_seed":false,"campfire_upgraded":2,"win_rate":0,"timestamp":1553830963,"path_taken":["M","?","?","?","?","E","M","?","T","E","?","R","E","M","R","BOSS","M","?","M","$","?","R","E"],"build_version":"2019-01-23","purchased_purges":0,"victory":false,"max_hp_per_floor":[75,75,75,75,75,75,75,75,75,75,75,75,75,75,75,75,75,75,75,75,75,80,80,80],"card_choices":[{"not_picked":["Bloodletting","Heavy Blade"],"picked":"Ghostly Armor","floor":1},{"not_picked":["Rage","Warcry","Clothesline"],"picked":"SKIP","floor":6},{"not_picked":["Thunderclap","Sentinel","Cleave"],"picked":"SKIP","floor":7},{"not_picked":["Iron Wave","Clothesline"],"picked":"Feel No Pain","floor":10},{"not_picked":["Clash","Searing Blow","Flex"],"picked":"SKIP","floor":11},{"not_picked":["Pommel Strike","Body Slam"],"picked":"Sword Boomerang","floor":13},{"not_picked":["Anger","Warcry"],"picked":"Evolve","floor":14},{"not_picked":["Fiend Fire","Exhume"],"picked":"Double Tap","floor":16},{"not_picked":["Wild Strike","Flex+1"],"picked":"Corruption","floor":18},{"not_picked":["Pommel Strike","Uppercut"],"picked":"True Grit","floor":20}],"player_experience":2700244,"relics_obtained":[{"floor":4,"key":"Pen Nib"},{"floor":6,"key":"FossilizedHelix"},{"floor":9,"key":"Du-Vu Doll"},{"floor":10,"key":"Bird Faced Urn"},{"floor":13,"key":"Ornamental Fan"},{"floor":19,"key":"Centennial Puzzle"}],"event_choices":[{"cards_removed":["Strike_R"],"damage_healed":0,"gold_gain":0,"player_choice":"Card Removal","damage_taken":7,"max_hp_gain":0,"max_hp_loss":0,"event_name":"Golden Wing","floor":2,"gold_loss":0},{"damage_healed":0,"gold_gain":0,"cards_transformed":["Strike_R"],"player_choice":"Change","damage_taken":0,"max_hp_gain":0,"max_hp_loss":0,"event_name":"Living Wall","floor":3,"gold_loss":0,"cards_obtained":["Metallicize"]},{"damage_healed":0,"gold_gain":0,"player_choice":"Success","damage_taken":26,"relics_obtained":["Peace Pipe"],"max_hp_gain":0,"max_hp_loss":0,"event_name":"Scrap Ooze","floor":8,"gold_loss":0},{"damage_healed":0,"gold_gain":0,"player_choice":"Shed Blood","damage_taken":26,"max_hp_gain":5,"max_hp_loss":0,"event_name":"Forgotten Altar","floor":22,"gold_loss":0}],"is_beta":false,"boss_relics":[{"not_picked":["Calling Bell","Tiny House"],"picked":"Fusion Hammer"}],"items_purged_floors":[],"is_endless":false,"potions_floor_spawned":[1,10,11,13,18],"killed_by":"Gremlin Leader","ascension_level":20}