{"gold_per_floor":[111,128,141,141,161,161,191,219,246,264,264,286,315,260,260,260],"floor_reached":16,"playtime":662,"items_purged":[],"score":220,"play_id":"255c2589-196a-4e84-b3da-f4cc999f99c2","local_time":"20190328111028","is_ascension_mode":true,"campfire_choices":[{"data":"Armaments","floor":6,"key":"SMITH"},{"data":"True Grit","floor":11,"key":"SMITH"},{"data":"Whirlwind","floor":15,"key":"SMITH"}],"neow_cost":"NONE","seed_source_timestamp":32292704030700,"circlet_count":0,"master_deck":["AscendersBane","Strike_R","Strike_R","Strike_R","Strike_R","Defend_R","Defend_R","Defend_R","Defend_R","Bash","Ghostly Armor","True Grit+1","Evolve","Reaper","Armaments+1","Feel No Pain","Whirlwind+1"],"relics":["Burning Blood","NeowsBlessing","Art of War","Blood Vial","Odd Mushroom","Dream Catcher"],"potions_floor_usage":[13,13,16,16],"damage_taken":[{"damage":0,"enemies":"Cultist","floor":1,"turns":1},{"damage":0,"enemies":"Small Slimes","floor":2,"turns":1},{"damage":0,"enemies":"Jaw Worm","floor":3,"turns":1},{"damage":10,"enemies":"3 Louse","floor":5,"turns":7},{"damage":30,"enemies":"3 Sentries","floor":8,"turns":11},{"damage":14,"enemies":"Blue Slaver","floor":10,"turns":6},{"damage":37,"enemies":"The Mushroom Lair","floor":12,"turns":7},{"damage":39,"enemies":"Lagavulin","floor":13,"turns":10},{"damage":8,"enemies":"Slime Boss","floor":16,"turns":6}],"seed_played":"-1017087632325976800","potions_obtained":[{"floor":2,"key":"Poison Potion"},{"floor":3,"key":"Swift Potion"},{"floor":13,"key":"FearPotion"}],"is_trial":false,"path_per_floor":["M","M","M","?","M","R","?","E","T","M","R","?","E","$","R","B"],"character_chosen":"IRONCLAD","items_purchased":["SkillPotion"],"campfire_rested":0,"item_purchase_floors":[14],"current_hp_per_floor":[74,75,75,75,75,75,75,63,63,60,60,43,19,19,19,13],"gold":260,"neow_bonus":"THREE_ENEMY_KILL","is_prod":false,"is_daily":false,"chose_seed":false,"campfire_upgraded":3,"win_rate":0,"timestamp":1553739028,"path_taken":["M","M","?","?","M","R","?","E","T","M","R","?","E","$","R","BOSS"],"build_version":"2019-01-23","purchased_purges":0,"victory":false,"max_hp_per_floor":[75,75,75,75,75,75,75,75,75,75,75,75,75,75,75,75],"card_choices":[{"not_picked":["Flex","Sever Soul"],"picked":"Ghostly Armor","floor":1},{"not_picked":["Uppercut","Headbutt"],"picked":"True Grit","floor":2},{"not_picked":["Pommel Strike","Inflame"],"picked":"Evolve","floor":3},{"not_picked":["Cleave","Iron Wave"],"picked":"Armaments","floor":5},{"not_picked":["Havoc","Sword Boomerang","Thunderclap"],"picked":"SKIP","floor":8},{"not_picked":["Body Slam","Havoc"],"picked":"Feel No Pain","floor":10},{"not_picked":["Havoc","Pommel Strike"],"picked":"Whirlwind","floor":13}],"player_experience":2659588,"relics_obtained":[{"floor":8,"key":"Art of War"},{"floor":9,"key":"Blood Vial"},{"floor":12,"key":"Odd Mushroom"},{"floor":13,"key":"Dream Catcher"}],"event_choices":[{"damage_healed":0,"gold_gain":0,"cards_transformed":["Strike_R"],"player_choice":"Change","damage_taken":0,"max_hp_gain":0,"max_hp_loss":0,"event_name":"Living Wall","floor":4,"gold_loss":0,"cards_obtained":["Reaper"]},{"damage_healed":0,"gold_gain":30,"player_choice":"Searched \u00272\u0027 times","damage_taken":0,"max_hp_gain":0,"max_hp_loss":0,"event_name":"Dead Adventurer","floor":7,"gold_loss":0},{"damage_healed":0,"gold_gain":0,"player_choice":"Fought Mushrooms","damage_taken":0,"max_hp_gain":0,"max_hp_loss":0,"event_name":"Mushrooms","floor":12,"gold_loss":0}],"is_beta":false,"boss_relics":[],"items_purged_floors":[],"is_endless":false,"potions_floor_spawned":[2,3,5,13],"killed_by":"Slime Boss","ascension_level":20}