{"path_per_floor":["M","M","$","?","M","E","R","E","T","R","$","?","M","$","R","B",null,"M","M","M","$","M","E","R","M","T","M","M","R","?","E","R"],"character_chosen":"IRONCLAD","items_purchased":["Bag of Marbles","Double Tap","Pommel Strike","Thunderclap","Feel No Pain","Metallicize"],"gold_per_floor":[364,374,27,27,37,68,68,94,94,94,42,117,136,21,21,126,126,146,160,177,2,17,46,46,62,88,107,127,127,127,159,159,159],"floor_reached":33,"campfire_rested":1,"playtime":1809,"current_hp_per_floor":[72,72,72,65,71,69,69,49,49,49,49,38,35,35,35,22,60,59,54,50,50,35,17,17,22,22,28,43,43,43,28,43,0],"items_purged":["Strike_R","Defend_R"],"gold":159,"score":471,"play_id":"f6caacc1-69fc-4513-82dd-e6579a0fb972","local_time":"20180418144222","is_prod":false,"is_daily":false,"chose_seed":false,"is_ascension_mode":true,"campfire_upgraded":5,"timestamp":1524033742,"path_taken":["M","M","$","?","M","E","R","E","T","R","$","?","?","?","R","BOSS","M","M","M","?","M","E","R","M","T","M","?","R","?","E","R","BOSS"],"build_version":"2018-04-16","seed_source_timestamp":318536704295856,"purchased_purges":3,"victory":false,"master_deck":["Defend_R","Defend_R","Defend_R","AscendersBane","Uppercut+1","Disarm+1","Double Tap","Pommel Strike","Inflame+1","Whirlwind","Thunderclap","Spot Weakness","Feel No Pain","Offering","Feel No Pain","True Grit+1","Clash+1","Metallicize+1","Shrug It Off+1","Burning Pact","Seeing Red","Bite","Bite","Bite","Bite","Bite","Seeing Red"],"max_hp_per_floor":[72,72,72,72,72,72,72,72,72,72,72,72,72,72,72,72,72,72,72,72,72,72,72,72,72,72,72,72,72,50,50,50,50],"relics":["Black Blood","Bag of Marbles","Whetstone","Red Skull","Lantern","Orichalcum","Oddly Smooth Stone","Pen Nib"],"card_choices":[{"not_picked":["Twin Strike","True Grit"],"picked":"Uppercut","floor":1},{"not_picked":["Thunderclap","Cleave"],"picked":"Disarm","floor":2},{"not_picked":["Sever Soul","Clash"],"picked":"Inflame","floor":5},{"not_picked":["Perfected Strike","Havoc"],"picked":"Whirlwind","floor":6},{"not_picked":["Thunderclap","Heavy Blade"],"picked":"Spot Weakness","floor":13},{"not_picked":["Juggernaut","Immolate"],"picked":"Offering","floor":16},{"not_picked":["Perfected Strike","Hemokinesis"],"picked":"Feel No Pain","floor":18},{"not_picked":["Inflame","Combust"],"picked":"True Grit","floor":19},{"not_picked":["Clothesline","Heavy Blade"],"picked":"Clash","floor":20},{"not_picked":["Blood for Blood","Iron Wave"],"picked":"Shrug It Off","floor":22},{"not_picked":["Rage","Armaments"],"picked":"Burning Pact","floor":27},{"not_picked":["Clothesline","Fiend Fire"],"picked":"Seeing Red","floor":28},{"not_picked":["Armaments","Wild Strike"],"picked":"Seeing Red","floor":31}],"player_experience":282407,"potions_floor_usage":[6,8,22,25,27,28,28,33,33],"damage_taken":[{"damage":6,"enemies":"Cultist","floor":1,"turns":4},{"damage":4,"enemies":"Jaw Worm","floor":2,"turns":6},{"damage":0,"enemies":"2 Louse","floor":5,"turns":3},{"damage":8,"enemies":"Gremlin Nob","floor":6,"turns":3},{"damage":26,"enemies":"Lagavulin","floor":8,"turns":5},{"damage":9,"enemies":"2 Fungi Beasts","floor":13,"turns":2},{"damage":19,"enemies":"Hexaghost","floor":16,"turns":7},{"damage":11,"enemies":"Chosen","floor":18,"turns":4},{"damage":15,"enemies":"Spheric Guardian","floor":19,"turns":3},{"damage":14,"enemies":"3 Cultists","floor":20,"turns":3},{"damage":25,"enemies":"Slaver and Parasite","floor":22,"turns":5},{"damage":28,"enemies":"Gremlin Leader","floor":23,"turns":5},{"damage":5,"enemies":"Snecko","floor":25,"turns":4},{"damage":4,"enemies":"Snake Plant","floor":27,"turns":2},{"damage":4,"enemies":"Chosen and Byrds","floor":28,"turns":4},{"damage":25,"enemies":"Slavers","floor":31,"turns":2},{"damage":55,"enemies":"Automaton","floor":33,"turns":6}],"event_choices":[{"event_name":"Golden Wing","player_choice":"Card Removal","floor":4,"damage_taken":0},{"event_name":"World of Goop","player_choice":"Gather Gold","floor":12,"damage_taken":0},{"event_name":"Vampires","player_choice":"Became a vampire","floor":30,"damage_taken":0}],"boss_relics":[{"not_picked":["Runic Pyramid","Black Star"],"picked":"Black Blood"}],"potions_floor_spawned":[1,6,8,13,20,22,25,27,31],"seed_played":"3591934708231112577","killed_by":"Automaton","ascension_level":10,"is_trial":false}