{"gold_per_floor":[119,138,138,209,20,49,49,65,113,113,113,124,135,135,135,209,209,227,227,239,239],"floor_reached":21,"playtime":481,"items_purged":[],"score":358,"play_id":"f29eca80-fdae-46c4-a5ae-dc7a3f050594","local_time":"20190216224722","is_ascension_mode":true,"campfire_choices":[{"floor":7,"key":"REST"},{"data":"Streamline","floor":10,"key":"SMITH"},{"data":"Defragment","floor":15,"key":"SMITH"}],"neow_cost":"TEN_PERCENT_HP_LOSS","seed_source_timestamp":219232944328400,"circlet_count":0,"master_deck":["AscendersBane","Strike_B","Strike_B","Strike_B+1","Strike_B","Defend_B","Defend_B","Defend_B","Zap","Dualcast+1","Streamline+1","Discovery","Defragment+1","Coolheaded","Steam Power","BootSequence","Ball Lightning","Creative AI","Conserve Battery","Defragment"],"relics":["Cracked Core","Ginger","Potion Belt","Vajra","Fusion Hammer"],"potions_floor_usage":[16,18,20],"damage_taken":[{"damage":2,"enemies":"Jaw Worm","floor":1,"turns":4},{"damage":4,"enemies":"2 Louse","floor":2,"turns":4},{"damage":35,"enemies":"Lagavulin","floor":6,"turns":7},{"damage":0,"enemies":"Cultist","floor":8,"turns":3},{"damage":0,"enemies":"3 Louse","floor":12,"turns":1},{"damage":0,"enemies":"Large Slime","floor":13,"turns":3},{"damage":19,"enemies":"Slime Boss","floor":16,"turns":8},{"damage":28,"enemies":"Shell Parasite","floor":18,"turns":4},{"damage":13,"enemies":"3 Byrds","floor":20,"turns":5},{"damage":4,"enemies":"Snecko","floor":21,"turns":3}],"seed_played":"6888371274776457364","potions_obtained":[{"floor":1,"key":"Weak Potion"},{"floor":13,"key":"Energy Potion"},{"floor":16,"key":"Block Potion"},{"floor":18,"key":"Swift Potion"},{"floor":20,"key":"SteroidPotion"}],"is_trial":false,"path_per_floor":["M","M","?","?","$","E","R","M","T","R","?","M","M","?","R","B",null,"M","?","M","M"],"character_chosen":"DEFECT","items_purchased":["Discovery","Defragment"],"campfire_rested":1,"item_purchase_floors":[5,5],"current_hp_per_floor":[62,58,39,39,39,4,23,23,23,23,23,23,23,23,23,4,49,21,21,8,4],"gold":239,"neow_bonus":"ONE_RARE_RELIC","is_prod":false,"is_daily":false,"chose_seed":false,"campfire_upgraded":2,"win_rate":0,"timestamp":1550324842,"path_taken":["M","M","?","?","$","E","R","M","T","R","?","?","M","?","R","BOSS","M","?","M","M"],"build_version":"2019-01-23","purchased_purges":0,"victory":false,"max_hp_per_floor":[64,64,64,64,64,64,64,64,64,64,64,64,64,64,64,64,64,64,64,64,64],"card_choices":[{"not_picked":["Rip and Tear","Fusion"],"picked":"Streamline","floor":1},{"not_picked":["Auto Shields","Streamline","Leap"],"picked":"SKIP","floor":2},{"not_picked":["Force Field","Conserve Battery"],"picked":"Coolheaded","floor":6},{"not_picked":["Chaos","Steam","Turbo"],"picked":"SKIP","floor":8},{"not_picked":["Fission","Redo"],"picked":"BootSequence","floor":12},{"not_picked":["Go for the Eyes","Fusion"],"picked":"Ball Lightning","floor":13},{"not_picked":["Rainbow","Buffer"],"picked":"Creative AI","floor":16},{"not_picked":["Ball Lightning","Recycle"],"picked":"Conserve Battery","floor":18},{"not_picked":["Chaos","Streamline"],"picked":"Defragment","floor":20}],"player_experience":105628,"relics_obtained":[{"floor":6,"key":"Potion Belt"},{"floor":9,"key":"Vajra"}],"event_choices":[{"damage_healed":0,"gold_gain":0,"player_choice":"Entered Light","damage_taken":19,"max_hp_gain":0,"max_hp_loss":0,"event_name":"Shining Light","floor":3,"gold_loss":0,"cards_upgraded":["Dualcast","Strike_B"]},{"damage_healed":0,"gold_gain":71,"player_choice":"Gained Gold","damage_taken":0,"max_hp_gain":0,"max_hp_loss":0,"event_name":"Golden Wing","floor":4,"gold_loss":0},{"damage_healed":0,"gold_gain":0,"cards_transformed":["Defend_B"],"player_choice":"Transformed","damage_taken":0,"max_hp_gain":0,"max_hp_loss":0,"event_name":"Transmorgrifier","floor":11,"gold_loss":0,"cards_obtained":["Steam Power"]},{"damage_healed":0,"gold_gain":0,"player_choice":"Ignored","damage_taken":0,"max_hp_gain":0,"max_hp_loss":0,"event_name":"Liars Game","floor":14,"gold_loss":0},{"damage_healed":0,"gold_gain":0,"player_choice":"Ignored","damage_taken":0,"max_hp_gain":0,"max_hp_loss":0,"event_name":"The Mausoleum","floor":19,"gold_loss":0}],"is_beta":false,"boss_relics":[{"not_picked":["Black Star","Runic Pyramid"],"picked":"Fusion Hammer"}],"items_purged_floors":[],"is_endless":false,"potions_floor_spawned":[1,13,16,18,20],"killed_by":"Snecko","ascension_level":20}