{"gold_per_floor":[109,122,122,122,142,142,142,142,142,33,66,66,76,86,86,158,158,177,177,189,139,152,179,179,179],"floor_reached":25,"playtime":1421,"items_purged":["Defend_G"],"score":406,"play_id":"21cc4edf-70db-471c-abd5-9740b09a3a30","local_time":"20181121133855","is_ascension_mode":true,"campfire_choices":[{"data":"After Image","floor":6,"key":"SMITH"},{"data":"Cloak And Dagger","floor":8,"key":"SMITH"},{"data":"A Thousand Cuts","floor":12,"key":"SMITH"},{"data":"Footwork","floor":15,"key":"SMITH"},{"data":"Neutralize","floor":24,"key":"SMITH"}],"neow_cost":"PERCENT_DAMAGE","seed_source_timestamp":969645748610469,"circlet_count":0,"master_deck":["AscendersBane","Defend_G","Defend_G","Defend_G+1","Strike_G","Strike_G","Strike_G","Strike_G","Strike_G","Survivor+1","Neutralize+1","After Image+1","Backflip","All Out Attack","Cloak And Dagger+1","Footwork+1","A Thousand Cuts+1","Blur","Malaise","Deflect","Slice"],"relics":["Ring of the Snake","Bronze Scales","Bottled Lightning","Busted Crown","Peace Pipe"],"potions_floor_usage":[2,7,14,16,22,25],"damage_taken":[{"damage":4,"enemies":"Small Slimes","floor":1,"turns":5},{"damage":0,"enemies":"Jaw Worm","floor":2,"turns":6},{"damage":0,"enemies":"Cultist","floor":5,"turns":4},{"damage":2,"enemies":"3 Sentries","floor":11,"turns":7},{"damage":0,"enemies":"2 Fungi Beasts","floor":13,"turns":4},{"damage":0,"enemies":"Red Slaver","floor":14,"turns":3},{"damage":10,"enemies":"Hexaghost","floor":16,"turns":10},{"damage":0,"enemies":"3 Byrds","floor":18,"turns":4},{"damage":40,"enemies":"2 Thieves","floor":20,"turns":5},{"damage":7,"enemies":"Cultist and Chosen","floor":22,"turns":7},{"damage":0,"enemies":"Gremlin Leader","floor":23,"turns":11},{"damage":18,"enemies":"Slavers","floor":25,"turns":4}],"seed_played":"7419355063034449580","potions_obtained":[{"floor":1,"key":"SpeedPotion"},{"floor":7,"key":"Fruit Juice"},{"floor":7,"key":"Fire Potion"},{"floor":7,"key":"Ancient Potion"},{"floor":14,"key":"SteroidPotion"},{"floor":18,"key":"Ancient Potion"}],"is_trial":false,"path_per_floor":["M","M","?","?","M","R","?","R","T","$","E","R","M","M","R","B",null,"M","?","M","$","M","E","R","E"],"character_chosen":"THE_SILENT","items_purchased":["Footwork","Slice"],"campfire_rested":0,"item_purchase_floors":[10,21],"current_hp_per_floor":[41,41,27,20,20,20,25,25,25,25,23,23,23,23,23,13,60,60,60,20,20,13,13,13,0],"gold":179,"neow_bonus":"THREE_RARE_CARDS","is_prod":false,"is_daily":false,"chose_seed":false,"campfire_upgraded":5,"win_rate":0,"timestamp":1542778735,"path_taken":["M","M","?","?","?","R","?","R","T","$","E","R","M","M","R","BOSS","M","?","M","$","M","E","R","E"],"build_version":"2018-11-15","purchased_purges":1,"victory":false,"max_hp_per_floor":[70,70,70,70,70,70,75,75,75,75,75,75,75,75,75,75,75,75,75,75,75,75,75,75,75],"card_choices":[{"not_picked":["Venomology","Grand Finale"],"picked":"After Image","floor":0},{"not_picked":["Concentrate","Prepared"],"picked":"Backflip","floor":1},{"not_picked":["Cloak And Dagger","Poisoned Stab"],"picked":"All Out Attack","floor":2},{"not_picked":["Dagger Throw","Acrobatics"],"picked":"Cloak And Dagger","floor":5},{"not_picked":["Calculated Gamble","Envenom"],"picked":"A Thousand Cuts","floor":11},{"not_picked":["Skewer","Bane","Distraction"],"picked":"SKIP","floor":13},{"not_picked":["Slice","Bane"],"picked":"Blur","floor":14},{"not_picked":["Grand Finale","A Thousand Cuts"],"picked":"Malaise","floor":16},{"not_picked":[],"picked":"Deflect","floor":18},{"not_picked":["Riddle With Holes"],"picked":"SKIP","floor":20},{"not_picked":["Prepared+1"],"picked":"SKIP","floor":22},{"not_picked":["Concentrate"],"picked":"SKIP","floor":23}],"player_experience":524441,"relics_obtained":[{"floor":9,"key":"Bronze Scales"},{"floor":11,"key":"Bottled Lightning"},{"floor":23,"key":"Peace Pipe"}],"event_choices":[{"damage_healed":0,"gold_gain":0,"player_choice":"Entered Light","damage_taken":14,"max_hp_gain":0,"max_hp_loss":0,"event_name":"Shining Light","floor":3,"gold_loss":0,"cards_upgraded":["Survivor","Defend_G"]},{"damage_healed":0,"gold_gain":0,"player_choice":"Damaged","damage_taken":7,"max_hp_gain":0,"max_hp_loss":0,"event_name":"Wheel of Change","floor":4,"gold_loss":0},{"damage_healed":0,"gold_gain":0,"player_choice":"Got Potions","damage_taken":0,"max_hp_gain":0,"max_hp_loss":0,"event_name":"Lab","floor":7,"gold_loss":0},{"cards_removed":["Defend_G"],"damage_healed":0,"gold_gain":0,"player_choice":"Offered Basic","damage_taken":0,"max_hp_gain":0,"max_hp_loss":0,"event_name":"Bonfire Elementals","floor":19,"gold_loss":0}],"is_beta":true,"boss_relics":[{"not_picked":["Astrolabe","Snecko Eye"],"picked":"Busted Crown"}],"items_purged_floors":[10],"is_endless":false,"potions_floor_spawned":[1,11,14,18],"killed_by":"Slavers","ascension_level":13}