{"path_per_floor":["M","M","M","?","M","E","R","?","T","E","$","?","R","$","R","B",null,"M","M","M","?","?","R","M","E","T","E","R","E","M"],"character_chosen":"THE_SILENT","items_purchased":["Footwork","Backflip"],"gold_per_floor":[18,35,49,49,61,88,88,53,78,137,56,56,56,5,5,110,110,123,143,162,162,162,162,180,214,290,317,317,351,364,364],"floor_reached":31,"campfire_rested":0,"playtime":1731,"current_hp_per_floor":[63,61,56,49,49,23,23,40,40,29,29,22,22,22,22,22,58,58,46,39,26,51,51,51,66,66,51,51,31,25,0],"items_purged":[],"gold":364,"score":510,"play_id":"7d7f573a-1ea1-4a3e-82b7-bc9d24980e33","local_time":"20180331151749","is_prod":false,"is_daily":false,"is_ascension_mode":true,"campfire_upgraded":5,"timestamp":1522480669,"path_taken":["M","?","?","?","M","E","R","?","T","E","?","?","R","$","R","BOSS","M","M","M","?","?","R","M","E","T","E","R","E","M","M"],"build_version":"2018-03-29","purchased_purges":0,"victory":false,"master_deck":["Defend_G","Defend_G","Defend_G","Defend_G","Defend_G","Strike_G","Strike_G","Strike_G","Strike_G","Strike_G","Survivor","Neutralize+1","Blur","Footwork+1","Dagger Spray","Noxious Fumes+1","Die Die Die","Footwork+1","Backflip","After Image","Sucker Punch+1","Dash+1","Dagger Spray","Burst+1","Bane"],"max_hp_per_floor":[70,70,70,70,70,70,70,70,70,70,70,70,70,70,70,70,70,70,70,70,75,75,75,75,75,75,75,75,75,75,75],"relics":["Ring of the Snake","Calipers","Art of War","Juzu Bracelet","Lantern","Tiny Chest","Velvet Choker","The Courier","Shuriken","Dead Branch","Torii"],"card_choices":[{"not_picked":["Underhanded Strike","Dodge and Roll"],"picked":"Blur","floor":1},{"not_picked":["Underhanded Strike","Bane"],"picked":"Footwork","floor":3},{"not_picked":["Dash","Well Laid Plans"],"picked":"Dagger Spray","floor":5},{"not_picked":["Crippling Poison","Night Terror"],"picked":"Noxious Fumes","floor":6},{"not_picked":["Eviscerate","Setup"],"picked":"Die Die Die","floor":10},{"not_picked":["Tactician","Glass Knife"],"picked":"After Image","floor":16},{"not_picked":["Reflex","Choke"],"picked":"Sucker Punch","floor":18},{"not_picked":["Bane","Finisher"],"picked":"Dash","floor":24},{"not_picked":["Backflip","Adrenaline"],"picked":"Dagger Spray","floor":25},{"not_picked":["Acrobatics","Escape Plan"],"picked":"Burst","floor":27},{"not_picked":["Sucker Punch","Acrobatics"],"picked":"Bane","floor":29}],"player_experience":211269,"potions_floor_usage":[5,6,16,25,27,30],"damage_taken":[{"damage":0,"enemies":"Cultist","floor":1,"turns":5},{"damage":2,"enemies":"2 Louse","floor":2,"turns":4},{"damage":5,"enemies":"Small Slimes","floor":3,"turns":5},{"damage":0,"enemies":"Looter","floor":5,"turns":4},{"damage":26,"enemies":"Gremlin Nob","floor":6,"turns":5},{"damage":11,"enemies":"Lagavulin","floor":10,"turns":10},{"damage":0,"enemies":"The Guardian","floor":16,"turns":12},{"damage":0,"enemies":"Spheric Guardian","floor":18,"turns":7},{"damage":12,"enemies":"2 Thieves","floor":19,"turns":5},{"damage":7,"enemies":"Sentry and Sphere","floor":20,"turns":8},{"damage":0,"enemies":"Snake Plant","floor":24,"turns":8},{"damage":0,"enemies":"Book of Stabbing","floor":25,"turns":8},{"damage":15,"enemies":"Slavers","floor":27,"turns":5},{"damage":20,"enemies":"Gremlin Leader","floor":29,"turns":9},{"damage":6,"enemies":"Cultist and Chosen","floor":30,"turns":7},{"damage":31,"enemies":"Slaver and Parasite","floor":31,"turns":3}],"event_choices":[{"event_name":"Scrap Ooze","player_choice":"success","floor":4,"damage_taken":7},{"event_name":"The Cleric","player_choice":"Healed","floor":8,"damage_taken":0},{"event_name":"Wheel of Change","player_choice":"Damage","floor":12,"damage_taken":0},{"event_name":"Forgotten Altar","player_choice":"Shed Blood","floor":21,"damage_taken":0},{"event_name":"The Library","player_choice":"Heal","floor":22,"damage_taken":0}],"boss_relics":[{"not_picked":["Runic Pyramid","Ectoplasm"],"picked":"Velvet Choker"}],"potions_floor_spawned":[1,3,10,16,25,29,30],"seed_played":"7355865653935883886","killed_by":"Slaver and Parasite","ascension_level":7,"is_trial":false}