{"path_per_floor":["M","M","?","?","$","R","M","R","T","M","M","M","M","T","R","B",null,"M","?","$","M","M","R","?","M","T"],"character_chosen":"IRONCLAD","items_purchased":["Infernal Blade"],"gold_per_floor":[115,131,131,131,57,57,78,78,78,99,123,142,167,167,167,293,293,264,264,214,238,263,263,363,384,411],"floor_reached":27,"campfire_rested":3,"playtime":4480,"current_hp_per_floor":[46,44,37,37,37,61,67,67,81,63,65,53,58,58,86,7,94,46,46,46,37,9,36,36,22,22],"items_purged":["Regret"],"gold":411,"score":248,"play_id":"767f5715-636e-4d83-80c4-34957dd5c390","local_time":"20180303110908","is_prod":false,"is_daily":false,"is_ascension_mode":true,"campfire_upgraded":1,"timestamp":1520068148,"path_taken":["M","M","?","?","$","R","M","R","T","M","M","M","M","?","R","BOSS","M","?","$","M","M","R","?","M","T","?"],"build_version":"2018-03-01-PROD1","purchased_purges":1,"victory":false,"master_deck":["Strike_R","Strike_R","Strike_R","Strike_R","Strike_R","Defend_R","Defend_R","Defend_R","Defend_R","Bash","Exhume","Havoc","Havoc","Injury","Infernal Blade+1","Offering","Sentinel","Feel No Pain","Second Wind","Infernal Blade","Immolate","Clumsy","Armaments+1","Pommel Strike+1","Warcry+1","Pommel Strike"],"max_hp_per_floor":[80,80,80,80,80,80,80,80,94,94,94,94,94,94,94,94,94,94,91,91,91,91,91,91,91,91],"relics":["Burning Blood","Art of War","Golden Idol","Mango","Smiling Mask","Calling Bell","Mummified Hand","Oddly Smooth Stone","Gambling Chip","Ancient Tea Set"],"card_choices":[{"not_picked":["Offering","Feed"],"picked":"Exhume"},{"not_picked":["Thunderclap","Whirlwind"],"picked":"Havoc"},{"not_picked":["Clash","Heavy Blade"],"picked":"Havoc"},{"not_picked":["Havoc","Spot Weakness"],"picked":"Offering"},{"not_picked":["Disarm","Heavy Blade"],"picked":"Sentinel"},{"not_picked":["Havoc","Rage"],"picked":"Feel No Pain"},{"not_picked":["Thunderclap","Headbutt"],"picked":"Second Wind"},{"not_picked":["Shrug It Off","Dark Embrace"],"picked":"Infernal Blade"},{"not_picked":["Limit Break","Offering"],"picked":"Immolate"},{"not_picked":["Clothesline","Searing Blow"],"picked":"Armaments"},{"not_picked":["Reckless Charge","Flex"],"picked":"Pommel Strike"},{"not_picked":["Pommel Strike","Rage"],"picked":"Warcry"},{"not_picked":["Twin Strike","Thunderclap"],"picked":"Pommel Strike"}],"player_experience":223741,"potions_floor_usage":[10,11,13,25],"damage_taken":[{"damage":0,"enemies":"Small Slimes","floor":1,"turns":3},{"damage":8,"enemies":"Jaw Worm","floor":2,"turns":5},{"damage":0,"enemies":"2 Louse","floor":7,"turns":2},{"damage":24,"enemies":"Exordium Wildlife","floor":10,"turns":4},{"damage":19,"enemies":"3 Louse","floor":11,"turns":6},{"damage":18,"enemies":"Lots of Slimes","floor":12,"turns":3},{"damage":25,"enemies":"Gremlin Gang","floor":13,"turns":5},{"damage":85,"enemies":"The Guardian","floor":16,"turns":14},{"damage":54,"enemies":"2 Thieves","floor":18,"turns":5},{"damage":15,"enemies":"Chosen","floor":21,"turns":7},{"damage":34,"enemies":"3 Cultists","floor":22,"turns":6},{"damage":20,"enemies":"Cultist and Chosen","floor":25,"turns":6},{"damage":22,"enemies":"Snecko","floor":27,"turns":5}],"event_choices":[{"event_name":"Scrap Ooze","player_choice":"success","floor":3,"damage_taken":7},{"event_name":"Golden Idol","player_choice":"Take Wound","floor":4,"damage_taken":0},{"event_name":"Back to Basics","player_choice":"Elegance","floor":19,"damage_taken":0},{"event_name":"Golden Shrine","player_choice":"Pray","floor":24,"damage_taken":0}],"boss_relics":[{"not_picked":["Runic Dome","Cursed Key"],"picked":"Calling Bell"}],"potions_floor_spawned":[7,10,12,22],"seed_played":"-3293947076784699484","killed_by":"Snecko","ascension_level":4,"is_trial":false}