{"gold_per_floor":[119,194,214,134,99,134,17,27,97,128,142,152,166,192,192,270,270,284,298,115,125,125,125,159,209,239,272,272,289,299,299],"floor_reached":31,"playtime":1245,"items_purged":["Doom and Gloom"],"score":694,"play_id":"d4612ca7-f5cf-46af-95a1-c0054e8209c6","local_time":"20190313174954","is_ascension_mode":true,"campfire_choices":[{"data":"Defragment","floor":15,"key":"SMITH"},{"data":"Electrodynamics","floor":23,"key":"SMITH"},{"floor":28,"key":"REST"}],"neow_cost":"NONE","seed_source_timestamp":372099639326200,"circlet_count":0,"master_deck":["AscendersBane","Zap+1","Dualcast","Glacier","Biased Cognition","Defragment+1","Hologram","FTL","Cold Snap","Cold Snap","White Noise","Undo","Core Surge","Darkness","Blizzard","Conserve Battery","Leap","Fusion","Capacitor","Conserve Battery","Electrodynamics+1","Defragment","Discovery","Ghostly","Ghostly","Ghostly","Echo Form","Biased Cognition","Turbo"],"relics":["Cracked Core","NeowsBlessing","Strawberry","War Paint","Oddly Smooth Stone","Pandora\u0027s Box","Happy Flower","Tiny Chest","Ancient Tea Set"],"potions_floor_usage":[13,16,24,31],"damage_taken":[{"damage":0,"enemies":"Small Slimes","floor":1,"turns":1},{"damage":0,"enemies":"Jaw Worm","floor":3,"turns":1},{"damage":0,"enemies":"Lagavulin","floor":6,"turns":1},{"damage":1,"enemies":"2 Louse","floor":8,"turns":4},{"damage":28,"enemies":"3 Sentries","floor":10,"turns":7},{"damage":0,"enemies":"Red Slaver","floor":11,"turns":5},{"damage":14,"enemies":"3 Louse","floor":12,"turns":4},{"damage":1,"enemies":"Exordium Thugs","floor":13,"turns":4},{"damage":7,"enemies":"Lagavulin","floor":14,"turns":9},{"damage":12,"enemies":"Hexaghost","floor":16,"turns":8},{"damage":6,"enemies":"3 Byrds","floor":18,"turns":2},{"damage":22,"enemies":"2 Thieves","floor":19,"turns":2},{"damage":0,"enemies":"3 Cultists","floor":21,"turns":3},{"damage":19,"enemies":"Book of Stabbing","floor":24,"turns":6},{"damage":0,"enemies":"Gremlin Leader","floor":27,"turns":6},{"damage":7,"enemies":"Snake Plant","floor":29,"turns":4},{"damage":0,"enemies":"Cultist and Chosen","floor":30,"turns":4},{"damage":19,"enemies":"Book of Stabbing","floor":31,"turns":6}],"seed_played":"4831669640546290775","potions_obtained":[{"floor":6,"key":"Ancient Potion"},{"floor":10,"key":"Ancient Potion"},{"floor":14,"key":"Fire Potion"},{"floor":21,"key":"Swift Potion"},{"floor":27,"key":"Strength Potion"},{"floor":30,"key":"Dexterity Potion"}],"is_trial":false,"path_per_floor":["M","?","M","$","?","E","$","M","T","E","M","M","M","E","R","B",null,"M","M","$","M","?","R","E","?","T","E","R","M","M","E"],"character_chosen":"DEFECT","items_purchased":["Biased Cognition","Defragment","Hologram","Discovery"],"campfire_rested":1,"item_purchase_floors":[4,7,7,20],"current_hp_per_floor":[64,53,53,53,70,77,77,76,76,48,48,34,33,26,26,14,62,56,34,34,34,34,34,15,15,15,15,26,19,19,0],"gold":299,"neow_bonus":"THREE_ENEMY_KILL","is_prod":false,"is_daily":false,"chose_seed":false,"campfire_upgraded":2,"win_rate":0,"timestamp":1552466994,"path_taken":["M","?","M","$","?","E","$","M","T","E","?","M","M","E","R","BOSS","M","M","$","M","?","R","E","?","T","E","R","M","M","E"],"build_version":"2019-01-23","purchased_purges":1,"victory":false,"max_hp_per_floor":[71,71,71,71,71,78,78,78,78,78,78,78,78,78,78,78,78,78,78,78,78,39,39,39,39,39,39,39,39,39,39],"card_choices":[{"not_picked":["Barrage","Streamline"],"picked":"Glacier","floor":1},{"not_picked":["Steam","Barrage"],"picked":"Doom and Gloom","floor":3},{"not_picked":["Streamline","Hyperbeam","Fusion"],"picked":"SKIP","floor":6},{"not_picked":["Conserve Battery","Steam"],"picked":"FTL","floor":8},{"not_picked":["Genetic Algorithm","Rip and Tear"],"picked":"Cold Snap","floor":10},{"not_picked":["Sweeping Beam","Hologram","Rebound"],"picked":"SKIP","floor":11},{"not_picked":["Compile Driver","Fusion"],"picked":"Cold Snap","floor":12},{"not_picked":["Barrage","Streamline"],"picked":"White Noise","floor":13},{"not_picked":["Beam Cell","Hologram"],"picked":"Undo","floor":14},{"not_picked":["Reboot","Seek"],"picked":"Core Surge","floor":16},{"not_picked":["Streamline","Beam Cell","Barrage"],"picked":"SKIP","floor":18},{"not_picked":["Scrape","Leap+1"],"picked":"Defragment","floor":19},{"not_picked":["Conserve Battery","Streamline+1","Rebound"],"picked":"SKIP","floor":21},{"not_picked":["Gash","Auto Shields+1"],"picked":"Echo Form","floor":24},{"not_picked":["Undo+1","Blizzard"],"picked":"Biased Cognition","floor":27},{"not_picked":["Barrage","Redo+1"],"picked":"Turbo","floor":29},{"not_picked":["Chaos","Skim","Streamline"],"picked":"SKIP","floor":30}],"player_experience":2238159,"relics_obtained":[{"floor":6,"key":"Strawberry"},{"floor":10,"key":"War Paint"},{"floor":14,"key":"Oddly Smooth Stone"},{"floor":24,"key":"Happy Flower"},{"floor":26,"key":"Tiny Chest"},{"floor":27,"key":"Ancient Tea Set"}],"event_choices":[{"damage_healed":0,"gold_gain":75,"player_choice":"Gather Gold","damage_taken":11,"max_hp_gain":0,"max_hp_loss":0,"event_name":"World of Goop","floor":2,"gold_loss":0},{"damage_healed":17,"gold_gain":0,"player_choice":"Healed","damage_taken":0,"max_hp_gain":0,"max_hp_loss":0,"event_name":"The Cleric","floor":5,"gold_loss":35},{"damage_healed":0,"gold_gain":0,"player_choice":"Became a Ghost","damage_taken":0,"max_hp_gain":0,"max_hp_loss":39,"event_name":"Ghosts","floor":22,"gold_loss":0,"cards_obtained":["Ghostly","Ghostly","Ghostly"]},{"damage_healed":0,"gold_gain":50,"player_choice":"Stole From Cult","damage_taken":0,"max_hp_gain":0,"max_hp_loss":0,"event_name":"Nest","floor":25,"gold_loss":0}],"is_beta":false,"boss_relics":[{"not_picked":["Coffee Dripper","Fusion Hammer"],"picked":"Pandora\u0027s Box"}],"items_purged_floors":[20],"is_endless":false,"potions_floor_spawned":[6,10,12,14,21,27,30],"killed_by":"Book of Stabbing","ascension_level":20}