{"gold_per_floor":[114,130,130,130,130,155,155,181,204,220,220,220,252,252,252,252],"floor_reached":16,"playtime":313,"items_purged":[],"score":282,"play_id":"263c180e-eb43-41e3-b0f7-d9d999e59461","local_time":"20190320195747","is_ascension_mode":true,"campfire_choices":[{"data":"Zap","floor":7.0,"key":"SMITH"},{"data":"Capacitor","floor":12.0,"key":"SMITH"},{"data":"Parasite","floor":15.0,"key":"PURGE"}],"neow_cost":"NONE","seed_source_timestamp":91282529813400,"circlet_count":0,"master_deck":["AscendersBane","Strike_B","Strike_B","Strike_B","Defend_B+1","Defend_B+1","Defend_B","Zap+1","Dualcast","Capacitor+1","Ball Lightning","Genetic Algorithm","Biased Cognition","Recycle","Conserve Battery","Ball Lightning"],"special_seed":0,"relics":["Cracked Core","NeowsBlessing","Smiling Mask","Peace Pipe","Blood Vial","Centennial Puzzle"],"potions_floor_usage":[16],"damage_taken":[{"damage":0.0,"enemies":"Small Slimes","floor":1.0,"turns":1.0},{"damage":0.0,"enemies":"2 Louse","floor":2.0,"turns":1.0},{"damage":0.0,"enemies":"Gremlin Nob","floor":6.0,"turns":1.0},{"damage":17.0,"enemies":"Lagavulin","floor":8.0,"turns":7.0},{"damage":1.0,"enemies":"Jaw Worm","floor":10.0,"turns":3.0},{"damage":36.0,"enemies":"Gremlin Nob","floor":13.0,"turns":4.0},{"damage":12,"enemies":"Hexaghost","floor":16,"turns":9}],"seed_played":"5764581563205662329","potions_obtained":[{"floor":1.0,"key":"SkillPotion"},{"floor":6.0,"key":"Block Potion"},{"floor":8.0,"key":"GamblersBrew"},{"floor":13.0,"key":"SteroidPotion"}],"is_trial":false,"path_per_floor":["M","M","?","?","?","E","R","E","T","M","?","R","E","?","R","B"],"character_chosen":"DEFECT","items_purchased":[],"campfire_rested":0,"item_purchase_floors":[],"current_hp_per_floor":[64,64,43,43,36,36,36,19,19,20,43,43,9,26,26,16],"gold":252,"neow_bonus":"THREE_ENEMY_KILL","is_prod":false,"is_daily":false,"chose_seed":false,"campfire_upgraded":2,"win_rate":0,"timestamp":1553079467,"path_taken":["M","M","?","?","?","E","R","E","T","M","?","R","E","?","R","BOSS"],"build_version":"2019-01-23","purchased_purges":0,"victory":false,"max_hp_per_floor":[71,71,71,71,71,71,71,71,71,71,71,71,71,71,68,68],"card_choices":[{"not_picked":["Go for the Eyes","Aggregate"],"picked":"Capacitor","floor":1.0},{"not_picked":["Hologram","Force Field"],"picked":"Ball Lightning","floor":2.0},{"not_picked":["Turbo","Auto Shields"],"picked":"Biased Cognition","floor":6.0},{"not_picked":["Blizzard","Double Energy"],"picked":"Recycle","floor":8.0},{"not_picked":["Reinforced Body","Stack"],"picked":"Conserve Battery","floor":10.0},{"not_picked":["Streamline","Barrage"],"picked":"Ball Lightning","floor":13.0}],"player_experience":2420651,"relics_obtained":[{"floor":6.0,"key":"Smiling Mask"},{"floor":8.0,"key":"Peace Pipe"},{"floor":9.0,"key":"Blood Vial"},{"floor":13.0,"key":"Centennial Puzzle"}],"event_choices":[{"damage_healed":0.0,"max_hp_gain":0.0,"max_hp_loss":0.0,"gold_gain":0.0,"event_name":"Shining Light","player_choice":"Entered Light","floor":3.0,"gold_loss":0.0,"damage_taken":21.0,"cards_upgraded":["Defend_B","Defend_B"]},{"damage_healed":0.0,"max_hp_gain":0.0,"max_hp_loss":0.0,"gold_gain":0.0,"cards_transformed":["Defend_B"],"event_name":"Living Wall","player_choice":"Change","floor":4.0,"gold_loss":0.0,"damage_taken":0.0,"cards_obtained":["Genetic Algorithm"]},{"cards_removed":["Strike_B"],"damage_healed":0.0,"max_hp_gain":0.0,"max_hp_loss":0.0,"gold_gain":0.0,"event_name":"Golden Wing","player_choice":"Card Removal","floor":5.0,"gold_loss":0.0,"damage_taken":7.0},{"damage_healed":23.0,"max_hp_gain":0.0,"max_hp_loss":0.0,"gold_gain":0.0,"event_name":"Big Fish","player_choice":"Banana","floor":11.0,"gold_loss":0.0,"damage_taken":0.0},{"damage_healed":17.0,"max_hp_gain":0.0,"max_hp_loss":0.0,"gold_gain":0.0,"event_name":"Mushrooms","player_choice":"Healed and dodged fight","floor":14.0,"gold_loss":0.0,"damage_taken":0.0,"cards_obtained":["Parasite"]}],"is_beta":false,"boss_relics":[],"items_purged_floors":[],"is_endless":false,"potions_floor_spawned":[1,6,8,13],"killed_by":"Hexaghost","ascension_level":20}