{"gold_per_floor":[116,126,126,139,64,64,93,168,214,239,239,249,249,267,267,338,338,352,352,365,16,26,26,53,67,67,117,137,137,153,167,167,242,242,256,356,370,370,382,382,18,35,35,35,55,55,72,92,92,92],"floor_reached":50,"playtime":3814,"items_purged":[],"score":934,"play_id":"13f6efcb-ae19-4ff9-850a-8437c8ba0e6c","local_time":"20181209215215","is_ascension_mode":true,"campfire_choices":[{"data":"Envenom","floor":6.0,"key":"SMITH"},{"floor":11.0,"key":"REST"},{"data":"Skewer","floor":13.0,"key":"SMITH"},{"data":"Neutralize","floor":15.0,"key":"SMITH"},{"data":"After Image","floor":23.0,"key":"SMITH"},{"data":"Catalyst","floor":29.0,"key":"SMITH"},{"data":"Noxious Fumes","floor":32.0,"key":"SMITH"},{"data":"Glass Knife","floor":40.0,"key":"SMITH"},{"data":"Outmaneuver","floor":44.0,"key":"SMITH"},{"data":"Leg Sweep","floor":46.0,"key":"SMITH"},{"data":"Footwork","floor":49.0,"key":"SMITH"}],"neow_cost":"NONE","seed_source_timestamp":1233174094256160,"circlet_count":0,"master_deck":["AscendersBane","Defend_G","Defend_G+1","Defend_G+1","Defend_G","Survivor","Neutralize+1","Skewer+1","Well Laid Plans","Envenom+1","Dagger Throw","Backflip","Catalyst+1","After Image+1","Deflect+1","Bite","Bite","Bite","Bite","Bite","Cloak And Dagger+1","Noxious Fumes+1","Footwork+1","Dagger Spray","Outmaneuver+1","Cloak And Dagger","Flying Knee","Predator","Glass Knife+1","Acrobatics+1","Crippling Poison","Leg Sweep+1","Riddle With Holes","Backflip","Footwork+1"],"special_seed":0,"relics":["Ring of the Snake","Lantern","PreservedInsect","War Paint","Vajra","Philosopher\u0027s Stone","Meat on the Bone","StoneCalendar","Potion Belt","Snecko Eye","Mango","Bottled Tornado","Dodecahedron"],"potions_floor_usage":[50,50],"damage_taken":[{"damage":1.0,"enemies":"2 Louse","floor":1.0,"turns":3.0},{"damage":3.0,"enemies":"Small Slimes","floor":2.0,"turns":3.0},{"damage":2.0,"enemies":"Jaw Worm","floor":4.0,"turns":4.0},{"damage":15.0,"enemies":"Lagavulin","floor":7.0,"turns":6.0},{"damage":12.0,"enemies":"Gremlin Nob","floor":10.0,"turns":3.0},{"damage":9.0,"enemies":"Large Slime","floor":12.0,"turns":6.0},{"damage":0.0,"enemies":"3 Louse","floor":14.0,"turns":3.0},{"damage":24.0,"enemies":"Hexaghost","floor":16.0,"turns":11.0},{"damage":19.0,"enemies":"3 Byrds","floor":18.0,"turns":4.0},{"damage":13.0,"enemies":"Spheric Guardian","floor":20.0,"turns":5.0},{"damage":20.0,"enemies":"Snecko","floor":22.0,"turns":5.0},{"damage":9.0,"enemies":"Slavers","floor":24.0,"turns":5.0},{"damage":7.0,"enemies":"Cultist and Chosen","floor":25.0,"turns":6.0},{"damage":28.0,"enemies":"Chosen and Byrds","floor":28.0,"turns":7.0},{"damage":29.0,"enemies":"Snecko","floor":30.0,"turns":6.0},{"damage":1.0,"enemies":"Centurion and Healer","floor":31.0,"turns":7.0},{"damage":27.0,"enemies":"Collector","floor":33.0,"turns":7.0},{"damage":14.0,"enemies":"3 Darklings","floor":35.0,"turns":6.0},{"damage":12.0,"enemies":"Mind Bloom Boss Battle","floor":36.0,"turns":5.0},{"damage":7.0,"enemies":"Orb Walker","floor":37.0,"turns":3.0},{"damage":7.0,"enemies":"Maw","floor":39.0,"turns":7.0},{"damage":14.0,"enemies":"Writhing Mass","floor":42.0,"turns":7.0},{"damage":14.0,"enemies":"4 Shapes","floor":45.0,"turns":5.0},{"damage":23.0,"enemies":"Maw","floor":47.0,"turns":7.0},{"damage":15.0,"enemies":"Jaw Worm Horde","floor":48.0,"turns":5.0},{"damage":44,"enemies":"Donu and Deca","floor":50,"turns":7}],"seed_played":"4654546236895487371","potions_obtained":[{"floor":1.0,"key":"Poison Potion"},{"floor":7.0,"key":"PowerPotion"},{"floor":16.0,"key":"AttackPotion"},{"floor":18.0,"key":"FearPotion"},{"floor":28.0,"key":"Swift Potion"},{"floor":30.0,"key":"GhostInAJar"},{"floor":33.0,"key":"GamblersBrew"},{"floor":36.0,"key":"EssenceOfSteel"},{"floor":39.0,"key":"SkillPotion"},{"floor":42.0,"key":"Ancient Potion"},{"floor":45.0,"key":"SpeedPotion"}],"is_trial":false,"path_per_floor":["M","M","?","M","?","R","E","?","T","E","R","M","R","M","R","B",null,"M","?","M","$","M","R","E","M","T","?","M","R","M","M","R","B",null,"M","?","M","?","M","R","$","M","T","R","M","R","M","M","R","B"],"character_chosen":"THE_SILENT","items_purchased":["Meat on the Bone","Noxious Fumes","Bottled Tornado","Leg Sweep"],"campfire_rested":1,"item_purchase_floors":[21,21,41,41],"current_hp_per_floor":[58,55,55,53,53,53,38,27,27,15,34,25,25,25,25,1,50,31,31,32,32,34,34,37,40,40,40,32,32,25,34,34,27,41,39,52,53,53,54,54,54,50,50,50,36,36,35,38,38,0],"gold":92,"neow_bonus":"RANDOM_COMMON_RELIC","is_prod":false,"is_daily":false,"chose_seed":false,"campfire_upgraded":10,"win_rate":0,"timestamp":1544363535,"path_taken":["M","M","?","M","?","R","E","?","T","E","R","?","R","M","R","BOSS","M","?","M","$","M","R","E","M","T","?","M","R","?","M","R","BOSS","M","?","M","?","M","R","$","M","T","R","M","R","?","M","R","BOSS"],"build_version":"2018-11-15","purchased_purges":0,"victory":false,"max_hp_per_floor":[66,66,66,66,66,66,66,66,66,66,66,66,66,66,66,66,66,66,46,46,46,46,46,46,46,46,46,46,46,46,46,46,46,46,46,60,60,60,60,60,60,60,60,60,60,60,60,60,60,60],"card_choices":[{"not_picked":["PiercingWail","Quick Slash"],"picked":"Skewer","floor":1.0},{"not_picked":["PiercingWail","Dagger Spray"],"picked":"Well Laid Plans","floor":2.0},{"not_picked":["Bane","Well Laid Plans"],"picked":"Envenom","floor":4.0},{"not_picked":["Dodge and Roll","Eviscerate"],"picked":"Dagger Throw","floor":7.0},{"not_picked":["Predator","Quick Slash"],"picked":"Backflip","floor":10.0},{"not_picked":["Slice","Blade Dance"],"picked":"Catalyst","floor":12.0},{"not_picked":["Quick Slash","Dagger Throw","Poisoned Stab"],"picked":"SKIP","floor":14.0},{"not_picked":["Die Die Die","Glass Knife"],"picked":"After Image","floor":16.0},{"not_picked":["Distraction","Poisoned Stab"],"picked":"Deflect+1","floor":18.0},{"not_picked":["Dodge and Roll","Caltrops"],"picked":"Cloak And Dagger+1","floor":20.0},{"not_picked":["Dagger Spray","Eviscerate"],"picked":"Footwork+1","floor":22.0},{"not_picked":["Slice","Dodge and Roll"],"picked":"Dagger Spray","floor":24.0},{"not_picked":["Slice","Predator"],"picked":"Outmaneuver","floor":25.0},{"not_picked":["Outmaneuver","Caltrops"],"picked":"Cloak And Dagger","floor":28.0},{"not_picked":["Bouncing Flask","Backflip"],"picked":"Flying Knee","floor":30.0},{"not_picked":["Infinite Blades","Calculated Gamble"],"picked":"Predator","floor":31.0},{"not_picked":["Wraith Form v2","Bullet Time"],"picked":"Glass Knife","floor":33.0},{"not_picked":["Well Laid Plans","Dash"],"picked":"Acrobatics+1","floor":35.0},{"not_picked":["Dagger Throw+1","Flying Knee"],"picked":"Crippling Poison","floor":36.0},{"not_picked":["Masterful Stab","Slice","Blade Dance"],"picked":"SKIP","floor":37.0},{"not_picked":["Well Laid Plans","Prepared","Dagger Throw"],"picked":"SKIP","floor":39.0},{"not_picked":["Deadly Poison","Dodge and Roll","Dagger Spray"],"picked":"SKIP","floor":42.0},{"not_picked":["Noxious Fumes","Endless Agony"],"picked":"Riddle With Holes","floor":45.0},{"not_picked":["Acrobatics","Cloak And Dagger+1"],"picked":"Backflip","floor":47.0},{"not_picked":["Underhanded Strike","Dash"],"picked":"Footwork","floor":48.0}],"player_experience":626868,"relics_obtained":[{"floor":7.0,"key":"PreservedInsect"},{"floor":9.0,"key":"War Paint"},{"floor":10.0,"key":"Vajra"},{"floor":24.0,"key":"StoneCalendar"},{"floor":26.0,"key":"Potion Belt"},{"floor":36.0,"key":"Mango"},{"floor":43.0,"key":"Dodecahedron"}],"event_choices":[{"damage_healed":0.0,"max_hp_gain":0.0,"max_hp_loss":0.0,"gold_gain":0.0,"event_name":"Golden Wing","player_choice":"Ignored","floor":3.0,"gold_loss":0.0,"damage_taken":0.0},{"cards_removed":["Strike_G"],"damage_healed":0.0,"max_hp_gain":0.0,"max_hp_loss":0.0,"gold_gain":0.0,"event_name":"The Cleric","player_choice":"Card Removal","floor":5.0,"gold_loss":75.0,"damage_taken":0.0},{"damage_healed":0.0,"max_hp_gain":0.0,"max_hp_loss":0.0,"gold_gain":75.0,"event_name":"World of Goop","player_choice":"Gather Gold","floor":8.0,"gold_loss":0.0,"damage_taken":11.0},{"damage_healed":0.0,"max_hp_gain":0.0,"max_hp_loss":20.0,"gold_gain":0.0,"event_name":"Vampires","player_choice":"Became a vampire","floor":19.0,"gold_loss":0.0,"damage_taken":0.0,"cards_obtained":["Bite","Bite","Bite","Bite","Bite"]},{"damage_healed":0.0,"max_hp_gain":0.0,"max_hp_loss":0.0,"gold_gain":50.0,"event_name":"Golden Shrine","player_choice":"Pray","floor":27.0,"gold_loss":0.0,"damage_taken":0.0},{"damage_healed":0.0,"max_hp_gain":0.0,"max_hp_loss":0.0,"gold_gain":0.0,"event_name":"MindBloom","player_choice":"Fight","floor":36.0,"gold_loss":0.0,"damage_taken":0.0},{"cards_removed":["Defend_G"],"damage_healed":0.0,"max_hp_gain":0.0,"max_hp_loss":0.0,"gold_gain":0.0,"event_name":"Wheel of Change","player_choice":"Card Removal","floor":38.0,"gold_loss":0.0,"damage_taken":0.0}],"is_beta":true,"boss_relics":[{"not_picked":["Calling Bell","Runic Pyramid"],"picked":"Philosopher\u0027s Stone"},{"not_picked":["WristBlade","Runic Dome"],"picked":"Snecko Eye"}],"items_purged_floors":[],"is_endless":false,"potions_floor_spawned":[1,7,16,18,28,30,33,36,39,42,45],"killed_by":"Donu and Deca","ascension_level":17}