{"path_per_floor":["M","?","?","M","M","E","R","E","T","R","$","R","M","M","R","B",null,"M","M","M","$"],"character_chosen":"DEFECT","items_purchased":["Static Discharge","Self Repair"],"gold_per_floor":[112,112,77,93,105,132,132,160,160,160,84,84,97,112,112,211,211,228,245,261,189,189],"floor_reached":22,"campfire_rested":4,"playtime":2751,"item_purchase_floors":[11,21],"current_hp_per_floor":[69,69,75,70,70,20,42,19,19,41,41,63,62,51,80,29,80,44,36,21,21,0],"items_purged":[],"gold":189,"score":235,"play_id":"5e2d6ca4-4698-496c-bd45-194e1a578156","local_time":"20180602191224","is_prod":false,"is_daily":false,"chose_seed":false,"is_ascension_mode":true,"campfire_upgraded":0,"win_rate":0,"timestamp":1527955944,"campfire_choices":[{"floor":7,"key":"REST"},{"floor":10,"key":"REST"},{"floor":12,"key":"REST"},{"floor":15,"key":"REST"}],"path_taken":["M","?","?","?","M","E","R","E","T","R","$","R","?","M","R","BOSS","M","M","M","$","M"],"build_version":"2018-05-31","seed_source_timestamp":1023854195344294,"purchased_purges":0,"victory":false,"master_deck":["Strike_B","Strike_B","Strike_B","Strike_B","Defend_B","Defend_B","Defend_B","Defend_B","Zap","Dualcast","Multi-Cast","Chaos+1","Doom and Gloom","Fission","Echo Form","Static Discharge","Redo","Static Discharge","Amplify","Darkness+1","Chaos","Self Repair"],"max_hp_per_floor":[75,75,75,75,75,75,75,75,75,75,75,75,75,75,80,80,80,80,80,80,80,80],"relics":["Cracked Core","Pen Nib","Ginger","Meat on the Bone","White Beast Statue"],"card_choices":[{"not_picked":["Sweeping Beam","Redo"],"picked":"Chaos","floor":1},{"not_picked":["Barrage","Skim","Conserve Battery"],"picked":"SKIP","floor":4},{"not_picked":["Rebound","Hello World"],"picked":"Doom and Gloom","floor":5},{"not_picked":["Conserve Battery","Melter"],"picked":"Fission","floor":6},{"not_picked":["Go for the Eyes","Compile Driver"],"picked":"Echo Form","floor":8},{"not_picked":["Hologram","Sunder"],"picked":"Redo","floor":13},{"not_picked":["Ball Lightning","Reinforced Body"],"picked":"Static Discharge","floor":14},{"not_picked":["All For One","Multi-Cast"],"picked":"Amplify","floor":16},{"not_picked":["Fusion","Steam"],"picked":"Darkness+1","floor":18},{"not_picked":["Turbo","Reinforced Body","Streamline+1"],"picked":"SKIP","floor":19},{"not_picked":["Conserve Battery","Doom and Gloom"],"picked":"Chaos","floor":20}],"player_experience":466646,"potions_floor_usage":[8,15,16,19,20,22],"damage_taken":[{"damage":6,"enemies":"2 Louse","floor":1,"turns":2},{"damage":5,"enemies":"Jaw Worm","floor":4,"turns":2},{"damage":0,"enemies":"Cultist","floor":5,"turns":3},{"damage":50,"enemies":"Gremlin Nob","floor":6,"turns":5},{"damage":23,"enemies":"3 Sentries","floor":8,"turns":7},{"damage":1,"enemies":"2 Fungi Beasts","floor":13,"turns":3},{"damage":11,"enemies":"Looter","floor":14,"turns":3},{"damage":63,"enemies":"Hexaghost","floor":16,"turns":9},{"damage":36,"enemies":"Spheric Guardian","floor":18,"turns":5},{"damage":20,"enemies":"Shell Parasite","floor":19,"turns":4},{"damage":27,"enemies":"Snake Plant","floor":20,"turns":3},{"damage":22,"enemies":"Slaver and Parasite","floor":22,"turns":2}],"relics_obtained":[{"floor":6,"key":"Pen Nib"},{"floor":8,"key":"Ginger"},{"floor":9,"key":"Meat on the Bone"}],"event_choices":[{"event_name":"Living Wall","player_choice":"Grow","floor":2,"damage_taken":0},{"event_name":"The Cleric","player_choice":"Healed","floor":3,"damage_taken":0}],"boss_relics":[{"not_picked":["Velvet Choker","Calling Bell"],"picked":"White Beast Statue"}],"items_purged_floors":[],"potions_floor_spawned":[6,8,14,18,19,20],"seed_played":"6777360947001765834","killed_by":"Slaver and Parasite","ascension_level":4,"potions_obtained":[{"floor":6,"key":"FocusPotion"},{"floor":8,"key":"GamblersBrew"},{"floor":14,"key":"Fruit Juice"},{"floor":18,"key":"LiquidBronze"},{"floor":19,"key":"Weak Potion"},{"floor":20,"key":"SpeedPotion"}],"is_trial":false}