{"gold_per_floor":[115,115,129,147,72,98,98,98,98,98,113,113,143,93,93,170,170,190,105,118,118,118,182,182,216,239,251,264,264,290,306,306,378,428,445,445,158,178,178,178,205,205,205,233,253,253,253,271,271,271,271,271,271,38,71,71],"floor_reached":57,"playtime":2195,"items_purged":["Pain","Defend_B","Ball Lightning"],"score":2697,"play_id":"ba17653e-52c5-4cdc-aa7c-148bb9720879","local_time":"20190330234612","is_ascension_mode":true,"campfire_choices":[{"data":"Zap","floor":7.0,"key":"SMITH"},{"data":"Dualcast","floor":10.0,"key":"SMITH"},{"data":"Capacitor","floor":12.0,"key":"SMITH"},{"data":"Coolheaded","floor":15.0,"key":"SMITH"},{"floor":24.0,"key":"REST"},{"data":"Defragment","floor":29.0,"key":"SMITH"},{"floor":32.0,"key":"REST"},{"data":"Creative AI","floor":40.0,"key":"SMITH"},{"data":"Defragment","floor":42.0,"key":"SMITH"},{"floor":49.0,"key":"RECALL"},{"data":"Consume","floor":53.0,"key":"SMITH"}],"neow_cost":"NONE","seed_source_timestamp":130072268085400,"circlet_count":0,"master_deck":["AscendersBane","Zap+1","Dualcast+1","Coolheaded+1","Core Surge","Capacitor+1","Seek","Genetic Algorithm","White Noise","Defragment+1","Blizzard+1","Self Repair","BootSequence","Cold Snap+1","Creative AI+1","Defragment+1","Reboot","Self Repair","White Noise","Conserve Battery","Turbo+1","Consume+1","Dark Shackles","Coolheaded+1","Coolheaded","Defragment"],"special_seed":0,"relics":["Cracked Core","NeowsBlessing","WarpedTongs","Symbiotic Virus","Kunai","Smiling Mask","Pandora\u0027s Box","PreservedInsect","Tiny Chest","Red Mask","Lantern","Orichalcum","Tiny House","Dodecahedron","Oddly Smooth Stone","Calipers","Centennial Puzzle"],"potions_floor_usage":[56],"damage_taken":[{"damage":0.0,"enemies":"2 Louse","floor":1.0,"turns":1.0},{"damage":0.0,"enemies":"Cultist","floor":3.0,"turns":1.0},{"damage":0.0,"enemies":"Jaw Worm","floor":4.0,"turns":1.0},{"damage":18.0,"enemies":"Lagavulin","floor":6.0,"turns":7.0},{"damage":11.0,"enemies":"Exordium Thugs","floor":11.0,"turns":3.0},{"damage":31.0,"enemies":"Gremlin Nob","floor":13.0,"turns":4.0},{"damage":37.0,"enemies":"Hexaghost","floor":16.0,"turns":9.0},{"damage":22.0,"enemies":"2 Thieves","floor":18.0,"turns":4.0},{"damage":10.0,"enemies":"Chosen","floor":20.0,"turns":4.0},{"damage":17.0,"enemies":"Book of Stabbing","floor":23.0,"turns":3.0},{"damage":11.0,"enemies":"Masked Bandits","floor":25.0,"turns":4.0},{"damage":12.0,"enemies":"Snake Plant","floor":27.0,"turns":3.0},{"damage":15.0,"enemies":"Centurion and Healer","floor":28.0,"turns":4.0},{"damage":12.0,"enemies":"Snecko","floor":31.0,"turns":4.0},{"damage":25.0,"enemies":"Collector","floor":33.0,"turns":8.0},{"damage":8.0,"enemies":"Orb Walker","floor":35.0,"turns":4.0},{"damage":4.0,"enemies":"3 Shapes","floor":38.0,"turns":4.0},{"damage":5.0,"enemies":"Nemesis","floor":41.0,"turns":9.0},{"damage":14.0,"enemies":"Giant Head","floor":44.0,"turns":8.0},{"damage":8.0,"enemies":"Sphere and 2 Shapes","floor":45.0,"turns":5.0},{"damage":17.0,"enemies":"Jaw Worm Horde","floor":48.0,"turns":4.0},{"damage":51.0,"enemies":"Awakened One","floor":50.0,"turns":22.0},{"damage":10.0,"enemies":"Time Eater","floor":51.0,"turns":14.0},{"damage":32.0,"enemies":"Shield and Spear","floor":55.0,"turns":5.0},{"damage":30,"enemies":"The Heart","floor":56,"turns":14}],"seed_played":"2726580563026403091","potions_obtained":[{"floor":1.0,"key":"Regen Potion"},{"floor":3.0,"key":"Fire Potion"},{"floor":13.0,"key":"Weak Potion"},{"floor":16.0,"key":"Explosive Potion"},{"floor":18.0,"key":"Fire Potion"},{"floor":23.0,"key":"SteroidPotion"},{"floor":33.0,"key":"Swift Potion"},{"floor":34.0,"key":"Fruit Juice"},{"floor":35.0,"key":"PowerPotion"},{"floor":41.0,"key":"Block Potion"},{"floor":44.0,"key":"Weak Potion"}],"is_trial":false,"path_per_floor":["M","?","M","M","$","E","R","?","T","R","M","R","E","$","R","B",null,"M","?","M","?","?","E","R","?","T","M","M","R","T","M","R","B",null,"M","?","$","M","?","R","E","R","T","E","M","?","?","M","R","B","B",null,"R","$","E","B",null],"character_chosen":"DEFECT","items_purchased":["Dodecahedron","Coolheaded","Defragment","LiquidBronze"],"campfire_rested":2,"item_purchase_floors":[37,54,54,54],"current_hp_per_floor":[64,64,64,64,64,46,46,69,69,69,58,58,39,39,39,2,54,39,39,36,36,36,19,40,36,36,31,23,23,23,11,32,14,67,66,66,66,76,76,76,81,81,81,81,81,81,81,78,78,47,58,75,75,75,57,44],"gold":71,"neow_bonus":"THREE_ENEMY_KILL","is_prod":false,"is_daily":false,"chose_seed":false,"campfire_upgraded":8,"win_rate":0,"timestamp":1553957172,"path_taken":["M","?","M","?","$","E","R","?","T","R","M","R","E","?","R","BOSS","M","?","M","?","?","E","R","?","T","M","?","R","?","M","R","BOSS","M","?","$","?","?","R","E","R","T","E","?","?","?","M","R","BOSS","BOSS","R","$","E","BOSS"],"build_version":"2019-01-23","purchased_purges":3,"victory":true,"max_hp_per_floor":[71,71,71,71,71,71,71,71,71,71,71,71,71,71,71,71,71,71,71,71,71,71,71,71,71,71,71,71,71,71,71,71,71,81,81,81,81,81,81,81,81,81,81,81,81,81,81,81,81,81,81,81,81,81,81,81],"card_choices":[{"not_picked":["Turbo","Conserve Battery"],"picked":"Ball Lightning","floor":1.0},{"not_picked":["BootSequence","Doom and Gloom","Redo"],"picked":"SKIP","floor":3.0},{"not_picked":["Leap","Barrage"],"picked":"Coolheaded","floor":4.0},{"not_picked":["Gash","Hello World"],"picked":"Core Surge","floor":6.0},{"not_picked":["White Noise","Streamline"],"picked":"Capacitor","floor":11.0},{"not_picked":["Beam Cell","Scrape","Steam"],"picked":"SKIP","floor":13.0},{"not_picked":["Rainbow","Fission"],"picked":"Seek","floor":16.0},{"not_picked":["Sweeping Beam","Redo+1","Turbo"],"picked":"SKIP","floor":18.0},{"not_picked":["Hologram","Conserve Battery"],"picked":"Cold Snap","floor":20.0},{"not_picked":["Storm","Rebound","Hello World+1"],"picked":"SKIP","floor":23.0},{"not_picked":["Beam Cell","Compile Driver"],"picked":"Coolheaded","floor":25.0},{"not_picked":["Steam+1","Ball Lightning"],"picked":"Creative AI","floor":27.0},{"not_picked":["Stack","Coolheaded"],"picked":"Defragment","floor":28.0},{"not_picked":["Auto Shields","Skim","Leap"],"picked":"SKIP","floor":31.0},{"not_picked":["Hyperbeam","Machine Learning"],"picked":"Reboot","floor":33.0},{"not_picked":["Barrage","Beam Cell"],"picked":"Self Repair","floor":35.0},{"not_picked":["Redo","Reprogram+1"],"picked":"White Noise","floor":38.0},{"not_picked":["Leap","Multi-Cast","Barrage"],"picked":"SKIP","floor":41.0},{"not_picked":["Ball Lightning","Multi-Cast"],"picked":"Turbo+1","floor":44.0},{"not_picked":["Ball Lightning","Defragment"],"picked":"Consume","floor":45.0},{"not_picked":["Madness","Dramatic Entrance"],"picked":"Dark Shackles","floor":46.0},{"not_picked":["Static Discharge","Compile Driver"],"picked":"Coolheaded+1","floor":48.0},{"not_picked":["Melter","Compile Driver","Chaos"],"picked":"SKIP","floor":55.0}],"player_experience":2763596,"relics_obtained":[{"floor":6.0,"key":"Symbiotic Virus"},{"floor":9.0,"key":"Kunai"},{"floor":13.0,"key":"Smiling Mask"},{"floor":23.0,"key":"Tiny Chest"},{"floor":25.0,"key":"Red Mask"},{"floor":26.0,"key":"Lantern"},{"floor":30.0,"key":"Orichalcum"},{"floor":41.0,"key":"Oddly Smooth Stone"},{"floor":44.0,"key":"Calipers"},{"floor":55.0,"key":"Centennial Puzzle"}],"event_choices":[{"damage_healed":0.0,"max_hp_gain":0.0,"max_hp_loss":0.0,"gold_gain":0.0,"event_name":"Accursed Blacksmith","player_choice":"Rummage","floor":2.0,"gold_loss":0.0,"damage_taken":0.0,"relics_obtained":["WarpedTongs"],"cards_obtained":["Pain"]},{"damage_healed":23.0,"max_hp_gain":0.0,"max_hp_loss":0.0,"gold_gain":0.0,"event_name":"Big Fish","player_choice":"Banana","floor":8.0,"gold_loss":0.0,"damage_taken":0.0},{"damage_healed":0.0,"max_hp_gain":0.0,"max_hp_loss":0.0,"gold_gain":0.0,"event_name":"Addict","player_choice":"Obtained Relic","floor":19.0,"gold_loss":85.0,"damage_taken":0.0,"relics_obtained":["PreservedInsect"]},{"damage_healed":0.0,"max_hp_gain":0.0,"max_hp_loss":0.0,"gold_gain":0.0,"event_name":"The Mausoleum","player_choice":"Ignored","floor":21.0,"gold_loss":0.0,"damage_taken":0.0},{"damage_healed":0.0,"max_hp_gain":0.0,"max_hp_loss":0.0,"gold_gain":0.0,"event_name":"Vampires","player_choice":"Ignored","floor":22.0,"gold_loss":0.0,"damage_taken":0.0},{"damage_healed":0.0,"max_hp_gain":0.0,"max_hp_loss":0.0,"gold_gain":0.0,"event_name":"Masked Bandits","player_choice":"Fought Bandits","floor":25.0,"gold_loss":0.0,"damage_taken":0.0},{"damage_healed":0.0,"max_hp_gain":0.0,"max_hp_loss":0.0,"gold_gain":0.0,"event_name":"Upgrade Shrine","player_choice":"Upgraded","floor":36.0,"gold_loss":0.0,"damage_taken":0.0,"cards_upgraded":["Blizzard"]},{"damage_healed":0.0,"max_hp_gain":0.0,"max_hp_loss":0.0,"gold_gain":0.0,"cards_transformed":["Rebound"],"event_name":"Transmorgrifier","player_choice":"Transformed","floor":39.0,"gold_loss":0.0,"damage_taken":0.0,"cards_obtained":["Conserve Battery"]},{"damage_healed":0.0,"max_hp_gain":0.0,"max_hp_loss":0.0,"gold_gain":0.0,"event_name":"SensoryStone","player_choice":"Memory 1","floor":46.0,"gold_loss":0.0,"damage_taken":0.0},{"cards_removed":["Coolheaded"],"damage_healed":0.0,"max_hp_gain":0.0,"max_hp_loss":0.0,"gold_gain":0.0,"event_name":"Falling","player_choice":"Removed Skill","floor":47.0,"gold_loss":0.0,"damage_taken":0.0}],"is_beta":false,"boss_relics":[{"not_picked":["Eternal Feather","FrozenCore"],"picked":"Pandora\u0027s Box"},{"not_picked":["Astrolabe","Lizard Tail"],"picked":"Tiny House"}],"items_purged_floors":[5,14,54],"is_endless":false,"potions_floor_spawned":[1,3,13,16,18,20,23,33,35,41,44],"ascension_level":20}