{"path_per_floor":["M","M","M","M","?","R","M","R","T","E","$","M","T","M","R","B",null,"M","$","?","M","?","R","E","$","T"],"character_chosen":"IRONCLAD","items_purchased":["Bronze Scales","Armaments","Body Slam","Armaments","Bag of Marbles","True Grit"],"gold_per_floor":[117,137,150,167,167,167,180,180,231,260,57,67,116,135,135,238,238,257,152,152,170,170,170,205,8,33],"floor_reached":27,"campfire_rested":2,"playtime":1381,"current_hp_per_floor":[44,41,45,34,34,58,62,80,80,65,65,69,69,74,74,63,80,51,51,51,59,80,80,17,17,17],"items_purged":[],"gold":33,"score":280,"play_id":"9b370c4b-e44e-4f75-ad35-517f92330478","local_time":"20180302235125","is_prod":false,"is_daily":false,"is_ascension_mode":true,"campfire_upgraded":2,"timestamp":1520027485,"path_taken":["M","M","M","M","?","R","M","R","T","E","$","M","?","M","R","BOSS","M","$","?","M","?","R","E","$","T","M"],"build_version":"2018-03-01-PROD1","purchased_purges":0,"victory":false,"master_deck":["Strike_R","Strike_R","Strike_R","Strike_R","Strike_R","Defend_R","Defend_R","Defend_R","Defend_R","Bash","Shrug It Off","Spot Weakness","Metallicize","Juggernaut+1","Shrug It Off","Pommel Strike","Armaments","Carnage","Barricade+1","Body Slam","Juggernaut","Cleave","Body Slam","Armaments","Spot Weakness","Spot Weakness","True Grit","Pommel Strike"],"max_hp_per_floor":[80,80,80,80,80,80,80,80,80,80,80,80,80,80,80,80,80,80,80,80,80,80,80,80,80,80],"relics":["Black Blood","Torii","Prayer Wheel","Happy Flower","Bronze Scales","Art of War","Meat on the Bone","Bag of Marbles","Oddly Smooth Stone"],"card_choices":[{"not_picked":["Heavy Blade","Battle Trance"],"picked":"Shrug It Off"},{"not_picked":["True Grit","Shrug It Off"],"picked":"Spot Weakness"},{"not_picked":["Twin Strike","Reckless Charge"],"picked":"Metallicize"},{"not_picked":["Armaments","Metallicize"],"picked":"Juggernaut"},{"not_picked":["Flex","True Grit"],"picked":"Shrug It Off"},{"not_picked":["Havoc","Sword Boomerang"],"picked":"Pommel Strike"},{"not_picked":["Flex","Sever Soul"],"picked":"Carnage"},{"not_picked":["Reckless Charge","Twin Strike"],"picked":"Barricade"},{"not_picked":["Sword Boomerang","Heavy Blade"],"picked":"Body Slam"},{"not_picked":["Feed","Barricade"],"picked":"Juggernaut"},{"not_picked":["Wild Strike","Feel No Pain"],"picked":"Cleave"},{"not_picked":["Cleave","Perfected Strike"],"picked":"Spot Weakness"},{"not_picked":["Offering","Juggernaut"],"picked":"Spot Weakness"},{"not_picked":["Wild Strike","Heavy Blade"],"picked":"Pommel Strike"}],"player_experience":221463,"potions_floor_usage":[4,10,16,21],"damage_taken":[{"damage":2,"enemies":"Jaw Worm","floor":1,"turns":4},{"damage":9,"enemies":"2 Louse","floor":2,"turns":3},{"damage":2,"enemies":"Cultist","floor":3,"turns":4},{"damage":17,"enemies":"Exordium Wildlife","floor":4,"turns":6},{"damage":2,"enemies":"Looter","floor":7,"turns":4},{"damage":21,"enemies":"Gremlin Nob","floor":10,"turns":5},{"damage":2,"enemies":"Blue Slaver","floor":12,"turns":4},{"damage":1,"enemies":"Large Slime","floor":14,"turns":5},{"damage":17,"enemies":"Slime Boss","floor":16,"turns":9},{"damage":39,"enemies":"2 Thieves","floor":18,"turns":4},{"damage":2,"enemies":"Shell Parasite","floor":21,"turns":5},{"damage":73,"enemies":"Book of Stabbing","floor":24,"turns":6},{"damage":22,"enemies":"Sentry and Sphere","floor":27,"turns":5}],"event_choices":[{"event_name":"Shining Light","player_choice":"Ignored","floor":5,"damage_taken":0},{"event_name":"Vampires","player_choice":"Ignored","floor":20,"damage_taken":0},{"event_name":"The Library","player_choice":"Heal","floor":22,"damage_taken":0}],"boss_relics":[{"not_picked":["Pandora\u0027s Box","Snecko Eye"],"picked":"Black Blood"}],"potions_floor_spawned":[2,3,4,18,24],"seed_played":"1269763625175969494","killed_by":"Sentry and Sphere","ascension_level":4,"is_trial":false}