{"gold_per_floor":[117,131,131,146,116,116,146,146,219,131,131,156,170,505,505,505],"floor_reached":16,"playtime":774,"items_purged":[],"score":194,"play_id":"ca96c6a6-7f2d-40b6-9957-63fdaa2fab12","local_time":"20181201172732","is_ascension_mode":true,"campfire_choices":[{"floor":6,"key":"REST"},{"floor":8,"key":"REST"},{"data":"White Noise","floor":11,"key":"SMITH"},{"floor":15,"key":"REST"}],"neow_cost":"NONE","seed_source_timestamp":622221107797239,"circlet_count":0,"master_deck":["AscendersBane","Strike_B","Strike_B","Strike_B","Strike_B","Defend_B","Defend_B","Defend_B","Defend_B","Zap","Dualcast","White Noise+1","Aggregate","Conserve Battery","Ball Lightning","Loop","White Noise","Force Field","Rainbow"],"relics":["Cracked Core","Bottled Lightning","Prayer Wheel","Old Coin"],"potions_floor_usage":[12,13],"damage_taken":[{"damage":10,"enemies":"Small Slimes","floor":1,"turns":4},{"damage":9,"enemies":"Jaw Worm","floor":2,"turns":3},{"damage":7,"enemies":"2 Louse","floor":4,"turns":4},{"damage":2,"enemies":"Looter","floor":5,"turns":4},{"damage":38,"enemies":"3 Sentries","floor":12,"turns":7},{"damage":9,"enemies":"Exordium Wildlife","floor":13,"turns":2},{"damage":23,"enemies":"Lagavulin","floor":14,"turns":7},{"damage":23,"enemies":"The Guardian","floor":16,"turns":11}],"seed_played":"4405797098425838119","potions_obtained":[{"floor":0,"key":"Fire Potion"},{"floor":0,"key":"PowerPotion"},{"floor":12,"key":"Swift Potion"}],"is_trial":false,"path_per_floor":["M","M","?","M","M","R","?","R","T","$","R","E","M","E","R","B"],"character_chosen":"DEFECT","items_purchased":["Loop"],"campfire_rested":3,"item_purchase_floors":[10],"current_hp_per_floor":[54,45,45,38,36,57,57,71,71,71,71,33,24,1,22,0],"gold":505,"neow_bonus":"THREE_SMALL_POTIONS","is_prod":false,"is_daily":false,"chose_seed":false,"campfire_upgraded":1,"win_rate":0,"timestamp":1543678052,"path_taken":["M","M","?","M","M","R","?","R","T","$","R","E","M","E","R","BOSS"],"build_version":"2018-11-15","purchased_purges":0,"victory":false,"max_hp_per_floor":[71,71,71,71,71,71,71,71,71,71,71,71,71,71,71,71],"card_choices":[{"not_picked":["Stack","Undo"],"picked":"White Noise","floor":1},{"not_picked":["Sweeping Beam","Beam Cell"],"picked":"Aggregate","floor":2},{"not_picked":["Compile Driver","Steam"],"picked":"Conserve Battery","floor":4},{"not_picked":["Conserve Battery","Cold Snap"],"picked":"Ball Lightning","floor":5},{"not_picked":["Rip and Tear","Reprogram","All For One"],"picked":"SKIP","floor":12},{"not_picked":["Rebound","Sweeping Beam"],"picked":"White Noise","floor":13},{"not_picked":["Rip and Tear","Auto Shields"],"picked":"Force Field","floor":13},{"not_picked":["Coolheaded","Compile Driver"],"picked":"Rainbow","floor":14}],"player_experience":814852,"relics_obtained":[{"floor":9,"key":"Bottled Lightning"},{"floor":12,"key":"Prayer Wheel"},{"floor":14,"key":"Old Coin"}],"event_choices":[{"damage_healed":0,"gold_gain":0,"player_choice":"Ignored","damage_taken":0,"max_hp_gain":0,"max_hp_loss":0,"event_name":"Shining Light","floor":3,"gold_loss":0},{"damage_healed":0,"gold_gain":30,"player_choice":"Searched \u00271\u0027 times","damage_taken":0,"max_hp_gain":0,"max_hp_loss":0,"event_name":"Dead Adventurer","floor":7,"gold_loss":0}],"is_beta":false,"boss_relics":[],"items_purged_floors":[],"is_endless":false,"potions_floor_spawned":[2,12],"killed_by":"The Guardian","ascension_level":16}