{"gold_per_floor":[110,120,195,3,13,48,48,76,103,103,120,135,166,186,186,285,285,304,321,197,228,239,268,288,288,288,288,299,367,379,399,399,399],"floor_reached":33,"playtime":1798,"items_purged":["Defend_R"],"score":357,"play_id":"cfea7dc3-3e83-483f-8500-b041fc8b9272","local_time":"20180715175757","is_ascension_mode":true,"campfire_choices":[{"floor":10.0,"key":"REST"},{"data":"Fire Breathing","floor":15.0,"key":"SMITH"},{"floor":25.0,"key":"REST"},{"floor":32,"key":"REST"}],"neow_cost":"","seed_source_timestamp":853385655316467,"circlet_count":0,"master_deck":["Strike_R","Strike_R+1","Strike_R","Strike_R","Strike_R","Defend_R","Defend_R","Defend_R","Bash+1","Sever Soul","Clash","Clash","Fire Breathing+1","Flex","Clash","Inflame","Clash"],"special_seed":0,"relics":["Burning Blood","Sling","Happy Flower","Whetstone","Centennial Puzzle","Pen Nib","Bottled Flame","Letter Opener","Nloth\u0027s Gift","Pear"],"potions_floor_usage":[30,31],"damage_taken":[{"damage":12.0,"enemies":"2 Louse","floor":1.0,"turns":4.0},{"damage":10.0,"enemies":"Small Slimes","floor":2.0,"turns":4.0},{"damage":6.0,"enemies":"Jaw Worm","floor":5.0,"turns":2.0},{"damage":26.0,"enemies":"Lagavulin","floor":6.0,"turns":4.0},{"damage":17.0,"enemies":"3 Sentries","floor":8.0,"turns":8.0},{"damage":0.0,"enemies":"Large Slime","floor":11.0,"turns":5.0},{"damage":0.0,"enemies":"Exordium Thugs","floor":12.0,"turns":3.0},{"damage":0.0,"enemies":"Gremlin Nob","floor":13.0,"turns":2.0},{"damage":6.0,"enemies":"Lots of Slimes","floor":14.0,"turns":3.0},{"damage":45.0,"enemies":"The Guardian","floor":16.0,"turns":7.0},{"damage":5.0,"enemies":"Chosen","floor":18.0,"turns":3.0},{"damage":9.0,"enemies":"Shell Parasite","floor":19.0,"turns":3.0},{"damage":5.0,"floor":21.0,"turns":3.0},{"damage":32.0,"enemies":"Cultist and Chosen","floor":22.0,"turns":5.0},{"damage":26.0,"enemies":"Book of Stabbing","floor":23.0,"turns":3.0},{"damage":17.0,"enemies":"Snecko","floor":24.0,"turns":4.0},{"damage":22.0,"enemies":"Centurion and Healer","floor":28.0,"turns":4.0},{"damage":21,"enemies":"Cultist and Chosen","floor":30,"turns":5},{"damage":10,"enemies":"Chosen and Byrds","floor":31,"turns":3},{"damage":35,"enemies":"Collector","floor":33,"turns":7}],"seed_played":"184902839063075070","potions_obtained":[{"floor":1.0,"key":"BloodPotion"},{"floor":8.0,"key":"SmokeBomb"},{"floor":11.0,"key":"FearPotion"},{"floor":16.0,"key":"Swift Potion"},{"floor":21.0,"key":"Swift Potion"},{"floor":23.0,"key":"Weak Potion"},{"floor":28.0,"key":"Ancient Potion"},{"floor":30,"key":"Energy Potion"}],"is_trial":false,"path_per_floor":["M","M","?","$","M","E","?","E","T","R","M","M","E","M","R","B",null,"M","M","$","?","M","E","M","R","T","?","M","T","M","M","R"],"character_chosen":"IRONCLAD","items_purchased":["Sling","SteroidPotion"],"campfire_rested":3,"item_purchase_floors":[4,20],"current_hp_per_floor":[74,78,67,67,67,47,47,36,36,60,66,72,78,78,78,39,80,80,77,77,78,52,32,21,45,45,45,29,39,24,20,47,12],"gold":399,"neow_bonus":"","is_prod":false,"is_daily":false,"chose_seed":false,"campfire_upgraded":1,"win_rate":0,"timestamp":1531666677,"path_taken":["M","M","?","$","M","E","?","E","T","R","M","?","E","M","R","BOSS","M","M","$","?","M","E","M","R","T","?","M","?","M","M","R","BOSS"],"build_version":"2018-07-12","purchased_purges":1,"victory":false,"max_hp_per_floor":[80,80,80,80,80,80,80,80,80,80,80,80,80,80,80,80,80,80,80,80,80,80,80,80,80,80,80,80,90,90,90,90,90],"card_choices":[{"not_picked":["Disarm","Flex"],"picked":"Sever Soul","floor":1.0},{"not_picked":["Whirlwind","Thunderclap"],"picked":"Clash","floor":2.0},{"not_picked":["Second Wind","Shrug It Off"],"picked":"Clash","floor":5.0},{"not_picked":["Flex","Heavy Blade","Spot Weakness"],"picked":"SKIP","floor":6.0},{"not_picked":["Thunderclap","Sword Boomerang"],"picked":"Fire Breathing","floor":8.0},{"not_picked":["Hemokinesis","Flex","Offering"],"picked":"SKIP","floor":11.0},{"not_picked":["True Grit","Seeing Red"],"picked":"Flex","floor":12.0},{"not_picked":["Second Wind","Dropkick","Rage"],"picked":"SKIP","floor":13.0},{"not_picked":["Rampage","Warcry","Heavy Blade"],"picked":"SKIP","floor":14.0},{"not_picked":["Perfected Strike","Shrug It Off","Sword Boomerang"],"picked":"SKIP","floor":18.0},{"not_picked":["True Grit","Body Slam"],"picked":"Clash","floor":19.0},{"not_picked":["Intimidate","Dropkick"],"picked":"Inflame","floor":22.0},{"not_picked":["True Grit","Combust","Uppercut"],"picked":"SKIP","floor":23.0},{"not_picked":["Inflame","Twin Strike+1","Thunderclap+1"],"picked":"SKIP","floor":24.0},{"not_picked":["Twin Strike+1","Second Wind"],"picked":"Clash","floor":28.0},{"not_picked":["Havoc","Searing Blow+1","Juggernaut"],"picked":"SKIP","floor":30},{"not_picked":["Spot Weakness","Flame Barrier","Entrench"],"picked":"SKIP","floor":31}],"player_experience":589259,"relics_obtained":[{"floor":6.0,"key":"Happy Flower"},{"floor":8.0,"key":"Whetstone"},{"floor":9.0,"key":"Centennial Puzzle"},{"floor":13.0,"key":"Pen Nib"},{"floor":21.0,"key":"Red Mask"},{"floor":23.0,"key":"Bottled Flame"},{"floor":26.0,"key":"Letter Opener"},{"floor":29.0,"key":"Pear"}],"event_choices":[{"event_name":"World of Goop","player_choice":"Gather Gold","floor":3.0,"damage_taken":0.0},{"event_name":"Golden Idol","player_choice":"Ignored","floor":7.0,"damage_taken":0.0},{"event_name":"Masked Bandits","player_choice":"Fought over 197 gold","floor":21.0,"damage_taken":0.0},{"event_name":"N\u0027loth","player_choice":"Traded a Red Mask","floor":27.0,"damage_taken":0.0}],"boss_relics":[{"not_picked":["Fusion Hammer","Mark of Pain","Busted Crown"]}],"items_purged_floors":[20],"is_endless":false,"potions_floor_spawned":[1,8,11,13,16,21,23,24,28,30],"killed_by":"Collector","ascension_level":1}