{"gold_per_floor":[112,125,125,200,200,235,235,250,319,160,160,175,175,193,193,193],"floor_reached":16,"playtime":262,"items_purged":[],"score":250,"play_id":"34bde9ff-6b45-4546-a154-83b3c46b0244","local_time":"20190216215142","is_ascension_mode":true,"campfire_choices":[{"data":"Defragment","floor":7,"key":"SMITH"},{"data":"Consume","floor":11,"key":"SMITH"},{"data":"Zap","floor":13,"key":"SMITH"},{"data":"Conserve Battery","floor":15,"key":"SMITH"}],"neow_cost":"NONE","seed_source_timestamp":216114170357800,"circlet_count":0,"master_deck":["AscendersBane","Strike_B","Strike_B","Strike_B","Strike_B","Defend_B","Defend_B","Defend_B","Defend_B","Zap+1","Dualcast","Consume+1","Defragment+1","Conserve Battery+1","Capacitor","Capacitor"],"relics":["Cracked Core","NeowsBlessing","Boot","Shuriken","Meat on the Bone"],"potions_floor_usage":[16],"damage_taken":[{"damage":0,"enemies":"Small Slimes","floor":1,"turns":1},{"damage":0,"enemies":"Jaw Worm","floor":2,"turns":1},{"damage":0,"enemies":"3 Sentries","floor":6,"turns":1},{"damage":8,"enemies":"2 Louse","floor":8,"turns":3},{"damage":12,"enemies":"Looter","floor":12,"turns":4},{"damage":27,"enemies":"Exordium Wildlife","floor":14,"turns":5},{"damage":20,"enemies":"Hexaghost","floor":16,"turns":8}],"seed_played":"613722705383229044","potions_obtained":[{"floor":2,"key":"Block Potion"},{"floor":8,"key":"FocusPotion"}],"is_trial":false,"path_per_floor":["M","M","?","?","?","E","R","M","T","$","R","M","R","M","R","B"],"character_chosen":"DEFECT","items_purchased":["Capacitor","LiquidBronze"],"campfire_rested":0,"item_purchase_floors":[10,10],"current_hp_per_floor":[64,64,64,53,46,46,46,38,38,38,38,38,38,23,23,3],"gold":193,"neow_bonus":"THREE_ENEMY_KILL","is_prod":false,"is_daily":false,"chose_seed":false,"campfire_upgraded":4,"win_rate":0,"timestamp":1550321502,"path_taken":["M","M","?","?","?","E","R","M","T","?","R","M","R","M","R","BOSS"],"build_version":"2019-01-23","purchased_purges":0,"victory":false,"max_hp_per_floor":[71,71,71,71,71,71,71,71,71,71,71,71,71,71,71,71],"card_choices":[{"not_picked":["Sweeping Beam","Darkness","Steam"],"picked":"SKIP","floor":1},{"not_picked":["Conserve Battery","Rebound"],"picked":"Consume","floor":2},{"not_picked":["BootSequence","Compile Driver"],"picked":"Defragment","floor":6},{"not_picked":["Auto Shields","Steam"],"picked":"Conserve Battery","floor":8},{"not_picked":["Steam Power","Leap"],"picked":"Capacitor","floor":12},{"not_picked":["Amplify","Skim","Redo"],"picked":"SKIP","floor":14}],"player_experience":102599,"relics_obtained":[{"floor":6,"key":"Shuriken"},{"floor":9,"key":"Meat on the Bone"}],"event_choices":[{"damage_healed":0,"gold_gain":0,"player_choice":"Box","damage_taken":0,"relics_obtained":["Boot"],"max_hp_gain":0,"max_hp_loss":0,"event_name":"Big Fish","floor":3,"gold_loss":0,"cards_obtained":["Regret"]},{"damage_healed":0,"gold_gain":75,"player_choice":"Gather Gold","damage_taken":11,"max_hp_gain":0,"max_hp_loss":0,"event_name":"World of Goop","floor":4,"gold_loss":0},{"cards_removed":["Regret"],"damage_healed":0,"gold_gain":0,"player_choice":"Card Removal","damage_taken":7,"max_hp_gain":0,"max_hp_loss":0,"event_name":"Golden Wing","floor":5,"gold_loss":0}],"is_beta":false,"boss_relics":[],"items_purged_floors":[],"is_endless":false,"potions_floor_spawned":[2,8,12],"killed_by":"Hexaghost","ascension_level":20}