{"gold_per_floor":[367,382,396,396,114,142,142,160,160,170,170],"floor_reached":11,"playtime":361,"items_purged":["Normality"],"score":150,"play_id":"00e73a25-ba60-4afe-9f61-5df9920c9ddc","local_time":"20190215155547","is_ascension_mode":true,"campfire_choices":[{"data":"Defragment","floor":7,"key":"SMITH"}],"neow_cost":"CURSE","seed_source_timestamp":108260093977400,"circlet_count":0,"master_deck":["AscendersBane","Strike_B","Strike_B","Strike_B","Strike_B","Defend_B","Defend_B","Defend_B","Defend_B","Zap","Dualcast","Defragment+1","Rip and Tear","White Noise","Defragment","Capacitor"],"relics":["Cracked Core","Omamori","Gambling Chip","Toxic Egg 2"],"potions_floor_usage":[6,6,10],"damage_taken":[{"damage":7,"enemies":"Small Slimes","floor":1,"turns":3},{"damage":2,"enemies":"Cultist","floor":2,"turns":4},{"damage":9,"enemies":"Jaw Worm","floor":3,"turns":4},{"damage":39,"enemies":"Gremlin Nob","floor":6,"turns":4},{"damage":6,"enemies":"Blue Slaver","floor":8,"turns":3},{"damage":11,"enemies":"Gremlin Gang","floor":10,"turns":4},{"damage":13,"enemies":"Lots of Slimes","floor":11,"turns":2}],"seed_played":"-3532751765663823219","potions_obtained":[{"floor":2,"key":"Regen Potion"},{"floor":8,"key":"AttackPotion"}],"is_trial":false,"path_per_floor":["M","M","M","?","$","E","R","M","T","M","M"],"character_chosen":"DEFECT","items_purchased":["Defragment","Regen Potion","Rip and Tear"],"campfire_rested":0,"item_purchase_floors":[5,5,5],"current_hp_per_floor":[57,55,46,46,46,34,34,28,28,17,4],"gold":170,"neow_bonus":"TWO_FIFTY_GOLD","is_prod":false,"is_daily":false,"chose_seed":false,"campfire_upgraded":1,"win_rate":0,"timestamp":1550213747,"path_taken":["M","M","M","?","$","E","R","M","T","?","M"],"build_version":"2019-01-23","purchased_purges":1,"victory":false,"max_hp_per_floor":[71,71,71,71,71,71,71,71,71,71,71],"card_choices":[{"not_picked":["Turbo","Sweeping Beam","Tempest"],"picked":"SKIP","floor":1},{"not_picked":["Gash","Go for the Eyes"],"picked":"Melter","floor":2},{"not_picked":["Compile Driver","Hello World","Steam"],"picked":"SKIP","floor":3},{"not_picked":["Fusion","Turbo"],"picked":"White Noise","floor":6},{"not_picked":["Rebound","Compile Driver"],"picked":"Defragment","floor":8},{"not_picked":["Genetic Algorithm+1","Gash"],"picked":"Capacitor","floor":10}],"player_experience":1598167,"relics_obtained":[{"floor":6,"key":"Gambling Chip"},{"floor":9,"key":"Toxic Egg 2"}],"event_choices":[{"cards_removed":["Melter"],"damage_healed":0,"gold_gain":0,"player_choice":"Gave Card","damage_taken":0,"relics_obtained":["Omamori"],"max_hp_gain":0,"max_hp_loss":0,"event_name":"WeMeetAgain","floor":4,"gold_loss":0}],"is_beta":false,"boss_relics":[],"items_purged_floors":[5],"is_endless":false,"potions_floor_spawned":[2,8],"killed_by":"Lots of Slimes","ascension_level":20}