{"gold_per_floor":[113,123,123,138,138,181,181,221,221,45,61,96,171,209,209,302,302,325,52,52,52,52,83,83,8,34,58,58,4,35,56,56,152,152,173,173,173,186,207,207,226,267,337,361,375,411,429,448,448,448,448,448,448,8,51,51],"floor_reached":57,"playtime":8486,"items_purged":["Strike_R","Strike_R"],"score":2840,"play_id":"718855ea-3bb1-4618-b1b3-a4cd59fe2281","local_time":"20190427144257","is_ascension_mode":true,"campfire_choices":[{"data":"Immolate","floor":7,"key":"SMITH"},{"data":"Inflame","floor":15,"key":"SMITH"},{"data":"Metallicize","floor":24,"key":"SMITH"},{"data":"True Grit","floor":28,"key":"SMITH"},{"floor":32,"key":"REST"},{"data":"RitualDagger","floor":40,"key":"SMITH"},{"floor":49,"key":"RECALL"},{"data":"True Grit","floor":53,"key":"SMITH"}],"neow_cost":"TEN_PERCENT_HP_LOSS","seed_source_timestamp":585612403680566,"circlet_count":0,"master_deck":["AscendersBane","Defend_R+1","Defend_R+1","Defend_R+1","Defend_R+1","Immolate+1","Sword Boomerang","Thunderclap","True Grit+1","True Grit+1","Armaments+1","Metallicize+1","Warcry+1","Exhume+1","Inflame+1","Exhume+1","Shrug It Off+1","RitualDagger+1","Shockwave+1","Warcry+1","Corruption","Dual Wield+1","Warcry+1","Reaper","Shrug It Off+1","Dropkick+1","Reckless Charge+1","Inflame","Disarm+1","Offering+1","Battle Trance+1","Shrug It Off+1","Bloodletting+1","Impervious+1","Dark Shackles+1","Intimidate+1"],"special_seed":0,"relics":["Burning Blood","Golden Idol","Blood Vial","Mango","Toxic Egg 2","Orichalcum","Odd Mushroom","Runic Pyramid","Potion Belt","Bag of Marbles","Oddly Smooth Stone","Kunai","Astrolabe","Sundial","Blue Candle","Bag of Preparation","Happy Flower","Art of War"],"potions_floor_usage":[6,12,16,23,23,23,23,33,42,56,56],"damage_taken":[{"damage":10.0,"enemies":"Small Slimes","floor":1.0,"turns":4.0},{"damage":0.0,"enemies":"2 Louse","floor":2.0,"turns":1.0},{"damage":6,"enemies":"Jaw Worm","floor":4,"turns":3},{"damage":15,"enemies":"Lagavulin","floor":6,"turns":5},{"damage":15,"enemies":"3 Sentries","floor":8,"turns":6},{"damage":0,"enemies":"3 Louse","floor":11,"turns":1},{"damage":7,"enemies":"Gremlin Nob","floor":12,"turns":3},{"damage":0,"enemies":"The Mushroom Lair","floor":14,"turns":1},{"damage":45,"enemies":"Hexaghost","floor":16,"turns":10},{"damage":21,"enemies":"Shell Parasite","floor":18,"turns":5},{"damage":22,"enemies":"Book of Stabbing","floor":23,"turns":7},{"damage":5,"enemies":"2 Thieves","floor":27,"turns":4},{"damage":0,"enemies":"Gremlin Leader","floor":30,"turns":6},{"damage":0,"enemies":"Snecko","floor":31,"turns":5},{"damage":12,"enemies":"Collector","floor":33,"turns":7},{"damage":2,"enemies":"3 Darklings","floor":35,"turns":3},{"damage":0,"enemies":"3 Shapes","floor":38,"turns":18},{"damage":16,"enemies":"Maw","floor":39,"turns":7},{"damage":15,"enemies":"4 Shapes","floor":41,"turns":6},{"damage":11,"enemies":"Reptomancer","floor":42,"turns":4},{"damage":0,"enemies":"Spire Growth","floor":44,"turns":3},{"damage":10,"enemies":"3 Darklings","floor":45,"turns":5},{"damage":14,"enemies":"Nemesis","floor":46,"turns":5},{"damage":0,"enemies":"Sphere and 2 Shapes","floor":47,"turns":7},{"damage":12,"enemies":"Jaw Worm Horde","floor":48,"turns":3},{"damage":40,"enemies":"Donu and Deca","floor":50,"turns":9},{"damage":16,"enemies":"Awakened One","floor":51,"turns":5},{"damage":0,"enemies":"Shield and Spear","floor":55,"turns":2},{"damage":24,"enemies":"The Heart","floor":56,"turns":6}],"seed_played":"-5679432483266504718","potions_obtained":[{"floor":2.0,"key":"AttackPotion"},{"floor":4,"key":"PowerPotion"},{"floor":11,"key":"EntropicBrew"},{"floor":14,"key":"Strength Potion"},{"floor":16,"key":"Block Potion"},{"floor":31,"key":"PowerPotion"},{"floor":33,"key":"Block Potion"},{"floor":42,"key":"SpeedPotion"},{"floor":55,"key":"PowerPotion"}],"is_trial":false,"path_per_floor":["M","M","?","M","?","E","R","E","T","$","M","E","?","?","R","B",null,"M","$","?","?","?","E","R","$","T","M","R","$","E","M","R","B",null,"M","?","T","M","M","R","M","E","T","M","M","E","M","M","R","B","B",null,"R","$","E","B",null],"character_chosen":"IRONCLAD","items_purchased":["Armaments+1","Metallicize","Potion Belt","Corruption","Weak Potion","Impervious+1","Dark Shackles+1","Happy Flower"],"campfire_rested":1,"item_purchase_floors":[10,10,19,25,29,54,54,54],"current_hp_per_floor":[64,68,48,48,48,39,39,46,46,46,54,55,44,52,52,15,61,48,48,42,42,42,28,28,28,28,31,31,31,39,47,69,65,73,76,76,76,76,76,76,76,71,71,76,72,72,76,70,70,76,76,76,76,76,76,64],"gold":51,"neow_bonus":"THREE_RARE_CARDS","is_prod":false,"is_daily":false,"chose_seed":false,"campfire_upgraded":6,"win_rate":0,"timestamp":1556386977,"path_taken":["M","M","?","M","?","E","R","E","T","?","M","E","?","?","R","BOSS","M","$","?","?","?","E","R","?","T","M","R","$","E","M","R","BOSS","M","?","?","M","?","R","M","E","T","M","M","E","M","M","R","BOSS","BOSS","R","$","E","BOSS"],"build_version":"2019-04-23","purchased_purges":2,"victory":true,"max_hp_per_floor":[68,68,68,68,62,62,62,76,76,76,76,76,76,76,76,76,76,76,76,76,76,76,76,76,76,76,76,76,76,76,76,76,76,76,76,76,76,76,76,76,76,76,76,76,76,76,76,76,76,76,76,76,76,76,76,76],"card_choices":[{"not_picked":["Demon Form","Fiend Fire"],"picked":"Immolate","floor":0.0},{"not_picked":["Warcry","Infernal Blade"],"picked":"Sword Boomerang","floor":1.0},{"not_picked":["Wild Strike","Clash"],"picked":"Thunderclap","floor":2.0},{"not_picked":["Cleave","Reckless Charge"],"picked":"True Grit","floor":4},{"not_picked":["Hemokinesis","Dual Wield","Dark Embrace"],"picked":"SKIP","floor":6},{"not_picked":["Sentinel","Infernal Blade"],"picked":"True Grit","floor":8},{"not_picked":["Clothesline","Infernal Blade+1"],"picked":"Warcry+1","floor":11},{"not_picked":["Headbutt","Wild Strike"],"picked":"Exhume+1","floor":12},{"not_picked":["Thunderclap","Shrug It Off+1"],"picked":"Inflame","floor":14},{"not_picked":["Fiend Fire","Juggernaut"],"picked":"Exhume+1","floor":16},{"not_picked":["Anger","Warcry+1"],"picked":"Shrug It Off+1","floor":18},{"not_picked":["Sever Soul","Wild Strike+1"],"picked":"Warcry+1","floor":23},{"not_picked":["Thunderclap","Pummel","Twin Strike"],"picked":"SKIP","floor":27},{"not_picked":["Seeing Red+1","Headbutt"],"picked":"Dual Wield+1","floor":30},{"not_picked":["Second Wind+1","Cleave"],"picked":"Warcry+1","floor":31},{"not_picked":["Feed","Fiend Fire"],"picked":"Reaper","floor":33},{"not_picked":["Wild Strike+1","Evolve+1","Warcry+1"],"picked":"SKIP","floor":35},{"not_picked":["Flex+1","Havoc+1"],"picked":"Inflame","floor":38},{"not_picked":["Twin Strike","Thunderclap","Infernal Blade+1"],"picked":"SKIP","floor":39},{"not_picked":["Heavy Blade+1","Uppercut","Flex+1"],"picked":"SKIP","floor":41},{"not_picked":["True Grit+1","Iron Wave"],"picked":"Disarm+1","floor":42},{"not_picked":["Entrench+1","Wild Strike"],"picked":"Offering+1","floor":44},{"not_picked":["Perfected Strike","Iron Wave","Shockwave+1"],"picked":"SKIP","floor":45},{"not_picked":["Perfected Strike","Iron Wave","Shockwave+1"],"picked":"SKIP","floor":45},{"not_picked":["Clothesline","Evolve"],"picked":"Battle Trance+1","floor":46},{"not_picked":["Heavy Blade","Metallicize"],"picked":"Shrug It Off+1","floor":47},{"not_picked":["Clothesline+1","Clash"],"picked":"Bloodletting+1","floor":48},{"not_picked":["Headbutt","Cleave"],"picked":"Intimidate+1","floor":55}],"player_experience":1316040,"relics_obtained":[{"floor":6,"key":"Blood Vial"},{"floor":8,"key":"Mango"},{"floor":9,"key":"Toxic Egg 2"},{"floor":12,"key":"Orichalcum"},{"floor":14,"key":"Odd Mushroom"},{"floor":23,"key":"Bag of Marbles"},{"floor":26,"key":"Oddly Smooth Stone"},{"floor":30,"key":"Kunai"},{"floor":42,"key":"Sundial"},{"floor":43,"key":"Blue Candle"},{"floor":46,"key":"Bag of Preparation"},{"floor":55,"key":"Art of War"}],"event_choices":[{"damage_healed":0.0,"max_hp_gain":0.0,"max_hp_loss":0.0,"gold_gain":0.0,"event_name":"Shining Light","player_choice":"Entered Light","floor":3.0,"gold_loss":0.0,"damage_taken":20.0,"cards_upgraded":["Strike_R","Defend_R"]},{"damage_healed":0,"gold_gain":0,"player_choice":"Lose Max HP","damage_taken":0,"relics_obtained":["Golden Idol"],"max_hp_gain":0,"max_hp_loss":6,"event_name":"Golden Idol","floor":5,"gold_loss":0},{"damage_healed":0,"gold_gain":75,"player_choice":"Gather Gold","damage_taken":11,"max_hp_gain":0,"max_hp_loss":0,"event_name":"World of Goop","floor":13,"gold_loss":0},{"damage_healed":0,"gold_gain":0,"player_choice":"Fought Mushrooms","damage_taken":0,"max_hp_gain":0,"max_hp_loss":0,"event_name":"Mushrooms","floor":14,"gold_loss":0},{"damage_healed":0,"gold_gain":0,"player_choice":"Joined the Cult","damage_taken":6,"max_hp_gain":0,"max_hp_loss":0,"event_name":"Nest","floor":20,"gold_loss":0,"cards_obtained":["RitualDagger"]},{"damage_healed":0,"gold_gain":0,"player_choice":"Simplicity","damage_taken":0,"max_hp_gain":0,"max_hp_loss":0,"event_name":"Back to Basics","floor":21,"gold_loss":0,"cards_upgraded":["Strike_R","Strike_R","Defend_R","Defend_R","Defend_R"]},{"damage_healed":0,"gold_gain":0,"player_choice":"Read","damage_taken":0,"max_hp_gain":0,"max_hp_loss":0,"event_name":"The Library","floor":22,"gold_loss":0,"cards_obtained":["Shockwave"]},{"cards_removed":["Bash"],"damage_healed":0,"gold_gain":0,"player_choice":"Removed Attack","damage_taken":0,"max_hp_gain":0,"max_hp_loss":0,"event_name":"Falling","floor":36,"gold_loss":0}],"is_beta":true,"boss_relics":[{"not_picked":["Philosopher\u0027s Stone","White Beast Statue"],"picked":"Runic Pyramid"},{"not_picked":["Black Blood","Busted Crown"],"picked":"Astrolabe"}],"items_purged_floors":[10,19],"is_endless":false,"potions_floor_spawned":[2,4,11,14,16,18,31,33,42,46,47,48,55],"ascension_level":20}