{"gold_per_floor":[119,44,15,31,31,31,46,81,81,81,100,100,131,199,199,289,289,310,310,334,19,19,19,54,54,54,54,75,116,129,44,44,140,140,156,156,175,175,11,11,42,42,65,65,65,90,113,132,132,132],"floor_reached":51,"playtime":3105,"items_purged":["Strike_G"],"score":1338,"play_id":"8f2b0e3b-9510-458c-9ccb-d42419d3ddfa","local_time":"20181210032711","is_ascension_mode":true,"campfire_choices":[{"data":"A Thousand Cuts","floor":6.0,"key":"SMITH"},{"data":"Cloak And Dagger","floor":10.0,"key":"SMITH"},{"floor":12.0,"key":"REST"},{"data":"Cloak And Dagger","floor":15,"key":"SMITH"},{"data":"After Image","floor":23,"key":"SMITH"},{"data":"Neutralize","floor":25,"key":"SMITH"},{"floor":32,"key":"REST"},{"data":"Envenom","floor":40,"key":"SMITH"},{"data":"Noxious Fumes","floor":42,"key":"SMITH"},{"data":"J.A.X.","floor":44,"key":"SMITH"},{"data":"Catalyst","floor":49,"key":"SMITH"}],"neow_cost":"CURSE","seed_source_timestamp":1254713459489793,"circlet_count":0,"master_deck":["AscendersBane","Defend_G+1","Defend_G+1","Defend_G+1","Defend_G+1","Defend_G+1","Strike_G+1","Strike_G+1","Strike_G+1","Strike_G+1","Neutralize+1","A Thousand Cuts+1","Dagger Throw","Cloak And Dagger+1","Infinite Blades","Quick Slash","Finisher+1","Glass Knife+1","Escape Plan","Cloak And Dagger+1","After Image+1","PiercingWail","J.A.X.+1","Well Laid Plans","Glass Knife+1","Backflip","Terror","Envenom+1","Sadistic Nature","Acrobatics","Noxious Fumes+1","After Image+1","Catalyst","PiercingWail","Catalyst+1"],"special_seed":0,"relics":["Ring of the Snake","Golden Idol","Molten Egg 2","Blue Candle","Bird Faced Urn","Torii","Runic Dome","Bag of Preparation","Letter Opener","Singing Bowl","Snake Skull","Potion Belt","Philosopher\u0027s Stone","Bronze Scales","Lantern","Pen Nib"],"potions_floor_usage":[14,14,29,33,35,46],"damage_taken":[{"damage":6.0,"enemies":"2 Louse","floor":1.0,"turns":3.0},{"damage":1.0,"enemies":"Jaw Worm","floor":4.0,"turns":5.0},{"damage":2.0,"enemies":"Small Slimes","floor":7.0,"turns":3.0},{"damage":20.0,"enemies":"3 Sentries","floor":8.0,"turns":5.0},{"damage":2.0,"enemies":"2 Fungi Beasts","floor":11.0,"turns":4.0},{"damage":20.0,"enemies":"Lagavulin","floor":13.0,"turns":5.0},{"damage":9,"enemies":"Lagavulin Event","floor":14,"turns":3},{"damage":17,"enemies":"Hexaghost","floor":16,"turns":9},{"damage":1,"enemies":"2 Thieves","floor":18,"turns":2},{"damage":1,"enemies":"3 Byrds","floor":20,"turns":3},{"damage":15,"enemies":"Gremlin Leader","floor":24,"turns":5},{"damage":10,"enemies":"Centurion and Healer","floor":28,"turns":5},{"damage":12,"enemies":"Book of Stabbing","floor":29,"turns":4},{"damage":6,"enemies":"Snecko","floor":30,"turns":4},{"damage":42,"enemies":"Automaton","floor":33,"turns":7},{"damage":13,"enemies":"3 Shapes","floor":35,"turns":5},{"damage":3,"enemies":"Orb Walker","floor":37,"turns":2},{"damage":6,"enemies":"Giant Head","floor":41,"turns":5},{"damage":18,"enemies":"Maw","floor":46,"turns":6},{"damage":1,"enemies":"4 Shapes","floor":47,"turns":2},{"damage":16,"enemies":"3 Darklings","floor":48,"turns":4},{"damage":18,"enemies":"Donu and Deca","floor":50,"turns":6}],"seed_played":"7609650658985308096","potions_obtained":[{"floor":4.0,"key":"Energy Potion"},{"floor":8.0,"key":"GamblersBrew"},{"floor":11.0,"key":"SteroidPotion"},{"floor":13.0,"key":"PowerPotion"},{"floor":18,"key":"Strength Potion"},{"floor":20,"key":"SteroidPotion"},{"floor":33,"key":"Swift Potion"},{"floor":37,"key":"EssenceOfSteel"},{"floor":41,"key":"SpeedPotion"}],"is_trial":false,"path_per_floor":["M","?","$","M","?","R","M","E","T","R","M","R","E","?","R","B",null,"M","?","M","$","?","R","E","R","T","$","M","E","M","?","R","B",null,"M","?","M","?","$","R","E","R","T","R","?","M","M","M","R","B",null],"character_chosen":"THE_SILENT","items_purchased":["Cloak And Dagger","Bag of Preparation","Well Laid Plans","Bronze Scales"],"campfire_rested":2,"item_purchase_floors":[3,21,21,39],"current_hp_per_floor":[53,53,53,52,52,52,50,30,30,30,28,46,26,21,21,8,47,50,50,55,55,55,55,48,48,48,48,44,38,38,38,56,20,50,49,43,44,44,44,44,50,50,50,50,50,48,57,55,55,53],"gold":132,"neow_bonus":"THREE_RARE_CARDS","is_prod":false,"is_daily":false,"chose_seed":false,"campfire_upgraded":9,"win_rate":0,"timestamp":1544383631,"path_taken":["M","?","$","M","?","R","M","E","T","R","M","R","E","?","R","BOSS","M","?","M","$","?","R","E","R","T","$","M","E","M","?","R","BOSS","M","?","M","?","$","R","E","R","T","R","?","M","M","?","R","BOSS"],"build_version":"2018-12-06","purchased_purges":1,"victory":true,"max_hp_per_floor":[66,66,66,66,60,60,60,60,60,60,60,60,60,60,60,60,60,60,60,60,60,60,60,60,60,60,60,60,60,60,60,60,60,60,62,66,66,66,66,66,66,66,66,66,66,66,66,66,66,66],"card_choices":[{"not_picked":["Adrenaline","Doppelganger"],"picked":"A Thousand Cuts","floor":0.0},{"not_picked":["Quick Slash","Outmaneuver"],"picked":"Dagger Throw","floor":1.0},{"not_picked":["Dagger Spray","PiercingWail"],"picked":"Infinite Blades","floor":4.0},{"not_picked":["Reflex","Dagger Throw"],"picked":"Quick Slash","floor":7.0},{"not_picked":["Dagger Spray","Poisoned Stab"],"picked":"Finisher","floor":8.0},{"not_picked":["Deadly Poison","Dagger Spray+1"],"picked":"Glass Knife+1","floor":11.0},{"not_picked":["Flying Knee+1","Dodge and Roll"],"picked":"Escape Plan","floor":13.0},{"not_picked":["Underhanded Strike+1","Dodge and Roll"],"picked":"Cloak And Dagger","floor":14},{"not_picked":["Corpse Explosion","Bullet Time"],"picked":"After Image","floor":16},{"not_picked":["Prepared","Quick Slash+1"],"picked":"PiercingWail","floor":18},{"not_picked":["Underhanded Strike+1","Eviscerate+1","Bane+1"],"picked":"SKIP","floor":20},{"not_picked":["Eviscerate+1","Underhanded Strike+1","PiercingWail"],"picked":"SKIP","floor":24},{"not_picked":["Backflip","Quick Slash+1"],"picked":"Glass Knife+1","floor":28},{"not_picked":["PiercingWail","Underhanded Strike+1"],"picked":"Backflip","floor":29},{"not_picked":["PiercingWail","Riddle With Holes+1"],"picked":"Terror","floor":30},{"not_picked":["Die Die Die+1","Grand Finale+1"],"picked":"Envenom","floor":33},{"not_picked":["Backflip","PiercingWail","Dagger Throw+1"],"picked":"Singing Bowl","floor":35},{"not_picked":["Good Instincts","Jack Of All Trades","Dramatic Entrance+1"],"picked":"Singing Bowl","floor":36},{"not_picked":["Deep Breath","Trip","PanicButton"],"picked":"Singing Bowl","floor":36},{"not_picked":["Swift Strike+1","Jack Of All Trades"],"picked":"Sadistic Nature","floor":36},{"not_picked":["Concentrate","Flying Knee+1"],"picked":"Acrobatics","floor":37},{"not_picked":["Quick Slash+1","Well Laid Plans"],"picked":"Noxious Fumes","floor":41},{"not_picked":["Deflect","Dagger Spray+1"],"picked":"Catalyst","floor":46},{"not_picked":["Setup+1","Bouncing Flask"],"picked":"PiercingWail","floor":47},{"not_picked":["Dagger Spray+1","Flying Knee+1"],"picked":"Catalyst","floor":48}],"player_experience":632525,"relics_obtained":[{"floor":8.0,"key":"Molten Egg 2"},{"floor":9.0,"key":"Blue Candle"},{"floor":13.0,"key":"Bird Faced Urn"},{"floor":14,"key":"Torii"},{"floor":24,"key":"Letter Opener"},{"floor":26,"key":"Singing Bowl"},{"floor":29,"key":"Snake Skull"},{"floor":41,"key":"Lantern"},{"floor":43,"key":"Pen Nib"}],"event_choices":[{"cards_removed":["Doubt"],"damage_healed":0.0,"max_hp_gain":0.0,"max_hp_loss":0.0,"gold_gain":0.0,"event_name":"The Cleric","player_choice":"Card Removal","floor":2.0,"gold_loss":75.0,"damage_taken":0.0},{"damage_healed":0.0,"max_hp_gain":0.0,"max_hp_loss":6.0,"gold_gain":0.0,"event_name":"Golden Idol","player_choice":"Lose Max HP","floor":5.0,"gold_loss":0.0,"damage_taken":0.0,"relics_obtained":["Golden Idol"]},{"damage_healed":0,"gold_gain":30,"player_choice":"Searched \u00272\u0027 times","damage_taken":0,"max_hp_gain":0,"max_hp_loss":0,"event_name":"Dead Adventurer","floor":14,"gold_loss":0},{"damage_healed":0,"gold_gain":0,"player_choice":"Obtain J.A.X.","damage_taken":0,"max_hp_gain":0,"max_hp_loss":0,"event_name":"Drug Dealer","floor":19,"gold_loss":0,"cards_obtained":["J.A.X."]},{"damage_healed":0,"gold_gain":0,"player_choice":"Simplicity","damage_taken":0,"max_hp_gain":0,"max_hp_loss":0,"event_name":"Back to Basics","floor":22,"gold_loss":0,"cards_upgraded":["Defend_G","Defend_G","Defend_G","Defend_G","Defend_G","Strike_G","Strike_G","Strike_G","Strike_G"]},{"damage_healed":0,"gold_gain":0,"player_choice":"Obtained Relic","damage_taken":0,"relics_obtained":["Potion Belt"],"max_hp_gain":0,"max_hp_loss":0,"event_name":"Addict","floor":31,"gold_loss":85},{"damage_healed":0,"gold_gain":0,"player_choice":"Memory 3","damage_taken":10,"max_hp_gain":0,"max_hp_loss":0,"event_name":"SensoryStone","floor":36,"gold_loss":0},{"cards_removed":["Survivor"],"damage_healed":0,"gold_gain":0,"player_choice":"Removed Skill","damage_taken":0,"max_hp_gain":0,"max_hp_loss":0,"event_name":"Falling","floor":38,"gold_loss":0},{"damage_healed":0,"gold_gain":0,"player_choice":"Copied","damage_taken":0,"max_hp_gain":0,"max_hp_loss":0,"event_name":"Duplicator","floor":45,"gold_loss":0,"cards_obtained":["After Image"]}],"is_beta":true,"boss_relics":[{"not_picked":["Eternal Feather","Snecko Eye"],"picked":"Runic Dome"},{"not_picked":["Velvet Choker","Fusion Hammer"],"picked":"Philosopher\u0027s Stone"}],"items_purged_floors":[21],"is_endless":false,"potions_floor_spawned":[4,8,11,13,18,20,33,37,41],"ascension_level":17}