{"path_per_floor":["M","?","?","M","$","R","$","M","T","E","R","E","R","M","R","B",null,"M","$","?","M","?","E","R"],"character_chosen":"THE_SILENT","items_purchased":["Footwork","Dagger Spray"],"gold_per_floor":[111,111,111,125,50,50,10,29,29,54,54,80,80,91,91,191,191,204,79,79,99,99,132,132,132],"floor_reached":25,"campfire_rested":0,"playtime":1434,"current_hp_per_floor":[63,63,63,63,63,63,63,63,63,59,59,64,64,64,64,50,70,70,70,70,60,60,13,13,0],"items_purged":["Defend_G","Parasite"],"gold":132,"score":306,"play_id":"61358fb7-daaa-468c-b3ba-bef887ec64d1","local_time":"20180402001444","is_prod":false,"is_daily":false,"is_ascension_mode":true,"campfire_upgraded":5,"timestamp":1522599284,"path_taken":["M","?","?","M","?","R","$","M","T","E","R","E","R","M","R","BOSS","M","$","?","M","?","E","R","E"],"build_version":"2018-03-29","purchased_purges":2,"victory":false,"master_deck":["Defend_G","Defend_G","Defend_G","Strike_G","Strike_G","Strike_G","Strike_G","Survivor","Neutralize+1","Blur","Footwork+1","Cloak And Dagger+1","Wraith Form+1","Dodge and Roll","Acrobatics+1","Dagger Spray+1"],"max_hp_per_floor":[70,70,70,70,70,70,70,70,70,77,77,77,77,77,77,77,77,77,74,74,74,74,74,74,74],"relics":["Cursed Key","Ginger","Strawberry","Gambling Chip","White Beast Statue","Smiling Mask"],"card_choices":[{"not_picked":["PiercingWail","Backflip"],"picked":"Blur","floor":4},{"not_picked":["Quick Slash","Deflect"],"picked":"Cloak And Dagger","floor":8},{"not_picked":["Predator","Underhanded Strike"],"picked":"Wraith Form","floor":10},{"not_picked":["All Out Attack","Deadly Poison"],"picked":"Dodge and Roll","floor":12},{"not_picked":["Dagger Throw","PiercingWail"],"picked":"Acrobatics","floor":18}],"player_experience":218100,"potions_floor_usage":[10,12,23,23,25,25],"damage_taken":[{"damage":0,"enemies":"Small Slimes","floor":1,"turns":4},{"damage":0,"enemies":"Cultist","floor":4,"turns":4},{"damage":0,"enemies":"2 Louse","floor":8,"turns":4},{"damage":11,"enemies":"Gremlin Nob","floor":10,"turns":6},{"damage":10,"enemies":"3 Sentries","floor":12,"turns":7},{"damage":0,"enemies":"Blue Slaver","floor":14,"turns":4},{"damage":14,"enemies":"Slime Boss","floor":16,"turns":15},{"damage":0,"enemies":"Shell Parasite","floor":18,"turns":8},{"damage":10,"enemies":"Spheric Guardian","floor":21,"turns":4},{"damage":62,"enemies":"Gremlin Leader","floor":23,"turns":10},{"damage":25,"enemies":"Slavers","floor":25,"turns":3}],"event_choices":[{"event_name":"Wheel of Change","player_choice":"Card Removal","floor":2,"damage_taken":0},{"event_name":"Bonfire Elementals","player_choice":"BASIC","floor":3,"damage_taken":0},{"event_name":"Vampires","player_choice":"Ignored","floor":20,"damage_taken":0},{"event_name":"Drug Dealer","player_choice":"Ignored","floor":22,"damage_taken":0}],"boss_relics":[{"not_picked":["Tiny House","Runic Dome"],"picked":"White Beast Statue"}],"potions_floor_spawned":[1,4,16,18,21,23],"seed_played":"285713226153552286","killed_by":"Slavers","ascension_level":7,"is_trial":false}