{"gold_per_floor":[109,109,109,21,37,72,87,87,87,130,145,166,166,204,204,297,297,322,322,345,345,345],"floor_reached":22,"playtime":1418,"items_purged":[],"score":435,"play_id":"012396a7-8fe1-427c-868c-c0e08800897b","local_time":"20181225010024","is_ascension_mode":true,"campfire_choices":[{"data":"Whirlwind","floor":8.0,"key":"SMITH"},{"data":"Bash","floor":13.0,"key":"SMITH"},{"data":"Anger","floor":15.0,"key":"SMITH"}],"neow_cost":"NONE","seed_source_timestamp":88036050838043,"circlet_count":0,"master_deck":["AscendersBane","Strike_R+1","Strike_R+1","Strike_R+1","Strike_R+1","Strike_R+1","Defend_R+1","Defend_R+1","Defend_R+1","Defend_R+1","Bash+1","Whirlwind+1","Ghostly Armor","Anger+1","Flame Barrier","Battle Trance","Pummel","Whirlwind","Metallicize","Limit Break"],"special_seed":0,"relics":["Burning Blood","NeowsBlessing","Shuriken","Golden Idol","War Paint","Question Card","Bronze Scales","Singing Bowl","Philosopher\u0027s Stone","Enchiridion"],"potions_floor_usage":[20],"damage_taken":[{"damage":0.0,"enemies":"Small Slimes","floor":1.0,"turns":1.0},{"damage":0.0,"enemies":"2 Louse","floor":5.0,"turns":1.0},{"damage":0.0,"enemies":"3 Sentries","floor":6.0,"turns":2.0},{"damage":0.0,"enemies":"Cultist","floor":7.0,"turns":3.0},{"damage":26.0,"enemies":"Lagavulin","floor":10.0,"turns":7.0},{"damage":15.0,"enemies":"Exordium Thugs","floor":11.0,"turns":6.0},{"damage":0.0,"enemies":"2 Fungi Beasts","floor":12.0,"turns":3.0},{"damage":23.0,"enemies":"Gremlin Nob","floor":14.0,"turns":4.0},{"damage":17.0,"enemies":"Hexaghost","floor":16.0,"turns":11.0},{"damage":21.0,"enemies":"Spheric Guardian","floor":18.0,"turns":4.0},{"damage":22,"enemies":"Shell Parasite","floor":20,"turns":3},{"damage":11,"enemies":"Centurion and Healer","floor":22,"turns":3}],"seed_played":"8617488394415934878","potions_obtained":[{"floor":1.0,"key":"Swift Potion"},{"floor":6.0,"key":"Fire Potion"}],"is_trial":false,"path_per_floor":["M","?","?","$","M","E","M","R","T","E","M","M","R","E","R","B",null,"M","?","M","?","M"],"character_chosen":"IRONCLAD","items_purchased":["Whirlwind"],"campfire_rested":0,"item_purchase_floors":[4],"current_hp_per_floor":[74,69,43,43,49,55,61,61,61,41,32,38,38,21,21,10,59,46,25,11,11,0],"gold":345,"neow_bonus":"THREE_ENEMY_KILL","is_prod":false,"is_daily":false,"chose_seed":false,"campfire_upgraded":3,"win_rate":0,"timestamp":1545670824,"path_taken":["M","?","?","$","M","E","M","R","T","E","M","M","R","E","R","BOSS","M","?","M","?","M"],"build_version":"2018-12-20","purchased_purges":0,"victory":false,"max_hp_per_floor":[75,75,75,75,75,75,75,75,75,75,75,75,75,75,75,75,75,77,77,79,79,79],"card_choices":[{"not_picked":["Power Through","Rage","Thunderclap"],"picked":"SKIP","floor":1.0},{"not_picked":["True Grit","Cleave"],"picked":"Ghostly Armor","floor":5.0},{"not_picked":["Perfected Strike","Ghostly Armor"],"picked":"Anger","floor":6.0},{"not_picked":["Heavy Blade","Clash"],"picked":"Flame Barrier","floor":7.0},{"not_picked":["Perfected Strike","Warcry","Dropkick"],"picked":"Battle Trance","floor":10.0},{"not_picked":["Twin Strike","Spot Weakness","Impervious"],"picked":"Pummel","floor":11.0},{"not_picked":["True Grit","Havoc","Flex"],"picked":"Whirlwind","floor":12.0},{"not_picked":["Havoc","Perfected Strike","Shockwave"],"picked":"Metallicize","floor":14.0},{"not_picked":["Impervious","Juggernaut","Exhume"],"picked":"Limit Break","floor":16.0},{"not_picked":["Rampage","Dropkick","Warcry","Thunderclap"],"picked":"Singing Bowl","floor":18.0},{"not_picked":["Wild Strike","Clash","Burning Pact","Thunderclap"],"picked":"Singing Bowl","floor":20}],"player_experience":667780,"relics_obtained":[{"floor":6.0,"key":"War Paint"},{"floor":9.0,"key":"Question Card"},{"floor":10.0,"key":"Bronze Scales"},{"floor":14.0,"key":"Singing Bowl"},{"floor":19.0,"key":"Enchiridion"}],"event_choices":[{"damage_healed":0.0,"max_hp_gain":0.0,"max_hp_loss":0.0,"gold_gain":0.0,"event_name":"Scrap Ooze","player_choice":"Success","floor":2.0,"gold_loss":0.0,"damage_taken":5.0,"relics_obtained":["Shuriken"]},{"damage_healed":0.0,"max_hp_gain":0.0,"max_hp_loss":0.0,"gold_gain":0.0,"event_name":"Golden Idol","player_choice":"Take Damage","floor":3.0,"gold_loss":0.0,"damage_taken":26.0,"relics_obtained":["Golden Idol"]},{"damage_healed":0.0,"max_hp_gain":0.0,"max_hp_loss":0.0,"gold_gain":0.0,"event_name":"Cursed Tome","player_choice":"Obtained Book","floor":19.0,"gold_loss":0.0,"damage_taken":21.0},{"damage_healed":0,"gold_gain":0,"player_choice":"Simplicity","damage_taken":0,"max_hp_gain":0,"max_hp_loss":0,"event_name":"Back to Basics","floor":21,"gold_loss":0,"cards_upgraded":["Strike_R","Strike_R","Strike_R","Strike_R","Strike_R","Defend_R","Defend_R"]}],"is_beta":true,"boss_relics":[{"not_picked":["Runic Pyramid","Runic Dome"],"picked":"Philosopher\u0027s Stone"}],"items_purged_floors":[],"is_endless":false,"potions_floor_spawned":[1,6,11,12],"killed_by":"Centurion and Healer","ascension_level":18}