{"gold_per_floor":[112,112,112,126,137,137,62,72,72,72,90,90,102,102],"floor_reached":14,"playtime":401,"items_purged":["Pain"],"score":164,"play_id":"6fedc006-3782-426a-b256-617daa5f42a3","local_time":"20190224115808","is_ascension_mode":true,"campfire_choices":[{"data":"Zap","floor":6,"key":"SMITH"},{"floor":10,"key":"REST"},{"data":"Sunder","floor":12,"key":"SMITH"}],"neow_cost":"NONE","seed_source_timestamp":346084187683000,"circlet_count":0,"master_deck":["AscendersBane","Strike_B","Strike_B","Strike_B","Defend_B","Zap+1","Dualcast","Melter+1","Go for the Eyes+1","Scrape+1","Consume","Sunder+1","Leap","Hologram","Turbo+1","Self Repair"],"relics":["Astrolabe","WarpedTongs","Toxic Egg 2"],"potions_floor_usage":[14,14],"damage_taken":[{"damage":12,"enemies":"2 Louse","floor":1,"turns":2},{"damage":7,"enemies":"Cultist","floor":4,"turns":3},{"damage":8,"enemies":"Small Slimes","floor":5,"turns":2},{"damage":20,"enemies":"Red Slaver","floor":8,"turns":3},{"damage":2,"enemies":"2 Fungi Beasts","floor":11,"turns":3},{"damage":11,"enemies":"3 Louse","floor":13,"turns":3},{"damage":11,"enemies":"Lagavulin","floor":14,"turns":5}],"seed_played":"-8638151564300342089","potions_obtained":[{"floor":1,"key":"Ancient Potion"},{"floor":5,"key":"SneckoOil"}],"is_trial":false,"path_per_floor":["M","?","?","M","M","R","$","M","T","R","M","R","M","E"],"character_chosen":"DEFECT","items_purchased":[],"campfire_rested":1,"item_purchase_floors":[],"current_hp_per_floor":[52,45,45,38,30,30,30,10,10,31,29,29,18,7],"gold":102,"neow_bonus":"BOSS_RELIC","is_prod":false,"is_daily":false,"chose_seed":false,"campfire_upgraded":2,"win_rate":0,"timestamp":1550977088,"path_taken":["M","?","?","M","M","R","$","M","T","R","M","R","M","E"],"build_version":"2019-01-23","purchased_purges":1,"victory":false,"max_hp_per_floor":[71,71,71,71,71,71,71,71,71,71,71,71,71,71],"card_choices":[{"not_picked":["Chaos","Sweeping Beam"],"picked":"Consume","floor":1},{"not_picked":["Turbo","Go for the Eyes"],"picked":"Sunder","floor":4},{"not_picked":["Stack","Compile Driver"],"picked":"Leap","floor":5},{"not_picked":["FTL","Go for the Eyes"],"picked":"Hologram","floor":8},{"not_picked":["Beam Cell","Force Field+1"],"picked":"Turbo+1","floor":11},{"not_picked":["Redo+1","Auto Shields+1"],"picked":"Self Repair","floor":13}],"player_experience":1787021,"relics_obtained":[{"floor":9,"key":"Toxic Egg 2"}],"event_choices":[{"cards_removed":["Strike_B"],"damage_healed":0,"gold_gain":0,"player_choice":"Card Removal","damage_taken":7,"max_hp_gain":0,"max_hp_loss":0,"event_name":"Golden Wing","floor":2,"gold_loss":0},{"damage_healed":0,"gold_gain":0,"player_choice":"Rummage","damage_taken":0,"relics_obtained":["WarpedTongs"],"max_hp_gain":0,"max_hp_loss":0,"event_name":"Accursed Blacksmith","floor":3,"gold_loss":0,"cards_obtained":["Pain"]}],"is_beta":false,"boss_relics":[],"items_purged_floors":[7],"is_endless":false,"potions_floor_spawned":[1,5],"killed_by":"Lagavulin","ascension_level":20}