{"gold_per_floor":[215,96,106,116,126,126,159,159,159,189,239,23,48,66,66,139,139,152,152,162,162,179,205,205,238,238,269,269,282,315,327,327,405,405,419,429,429,429,482,482,508,508,508,541,541,541,308,333,333,333,333,333,333,41,41],"floor_reached":55,"playtime":6145,"items_purged":["Strike_B","Strike_B","Pain","Self Repair"],"score":2098,"play_id":"857d74e0-3e29-4e1a-8179-9283f788e59b","local_time":"20190423212447","is_ascension_mode":true,"campfire_choices":[{"data":"Defragment","floor":6.0,"key":"SMITH"},{"data":"Sunder","floor":8.0,"key":"SMITH"},{"data":"Defragment","floor":15.0,"key":"SMITH"},{"data":"Capacitor","floor":24.0,"key":"SMITH"},{"data":"Biased Cognition","floor":28.0,"key":"SMITH"},{"data":"Coolheaded","floor":32.0,"key":"SMITH"},{"data":"Loop","floor":40.0,"key":"SMITH"},{"data":"Leap","floor":42.0,"key":"SMITH"},{"floor":45.0,"key":"RECALL"},{"data":"Hologram","floor":49.0,"key":"SMITH"},{"data":"Machine Learning","floor":53,"key":"SMITH"}],"neow_cost":"NONE","seed_source_timestamp":5129048832199244,"circlet_count":0,"master_deck":["AscendersBane","Strike_B","Strike_B","Defend_B","Defend_B","Defend_B","Defend_B","Zap","Dualcast","Defragment+1","Genetic Algorithm","Coolheaded+1","Sunder+1","FTL","Ball Lightning","Glacier","Defragment+1","Doom and Gloom","Auto Shields","Conserve Battery","Electrodynamics","Hologram","Capacitor+1","BootSequence","Biased Cognition+1","Hologram+1","Compile Driver+1","Undo","Chill","Barrage+1","Machine Learning+1","Loop+1","Redo","Barrage+1","Leap+1","Skim+1","Cold Snap+1"],"special_seed":0,"relics":["Cracked Core","Vajra","Letter Opener","Meat on the Bone","Coffee Dripper","Art of War","PreservedInsect","Kunai","Molten Egg 2","Bag of Marbles","Inserter","Mango","Pear","Thread and Needle","Frozen Egg 2","WarpedTongs","Orichalcum"],"potions_floor_usage":[51],"damage_taken":[{"damage":0.0,"enemies":"2 Louse","floor":1.0,"turns":2.0},{"damage":2.0,"enemies":"Cultist","floor":3.0,"turns":4.0},{"damage":2.0,"enemies":"Small Slimes","floor":4.0,"turns":4.0},{"damage":18.0,"enemies":"Gremlin Gang","floor":5.0,"turns":5.0},{"damage":15.0,"enemies":"3 Sentries","floor":7.0,"turns":9.0},{"damage":4.0,"enemies":"Lagavulin","floor":10.0,"turns":4.0},{"damage":9.0,"enemies":"3 Sentries","floor":13.0,"turns":6.0},{"damage":17.0,"enemies":"3 Louse","floor":14.0,"turns":2.0},{"damage":17.0,"enemies":"Slime Boss","floor":16.0,"turns":6.0},{"damage":5.0,"enemies":"Chosen","floor":18.0,"turns":5.0},{"damage":1.0,"enemies":"Spheric Guardian","floor":20.0,"turns":4.0},{"damage":0.0,"enemies":"Centurion and Healer","floor":22.0,"turns":5.0},{"damage":17.0,"enemies":"Gremlin Leader","floor":23.0,"turns":6.0},{"damage":18.0,"enemies":"Book of Stabbing","floor":25.0,"turns":4.0},{"damage":12.0,"enemies":"Gremlin Leader","floor":27.0,"turns":5.0},{"damage":21.0,"enemies":"Snake Plant","floor":29.0,"turns":4.0},{"damage":13.0,"enemies":"Slavers","floor":30.0,"turns":3.0},{"damage":7.0,"enemies":"Shelled Parasite and Fungi","floor":31.0,"turns":5.0},{"damage":1.0,"enemies":"Champ","floor":33.0,"turns":14.0},{"damage":0.0,"enemies":"3 Shapes","floor":35.0,"turns":3.0},{"damage":3.0,"enemies":"Orb Walker","floor":36.0,"turns":5.0},{"damage":33.0,"enemies":"2 Orb Walkers","floor":39.0,"turns":4.0},{"damage":36.0,"enemies":"Nemesis","floor":41.0,"turns":5.0},{"damage":8.0,"enemies":"Reptomancer","floor":44.0,"turns":5.0},{"damage":30.0,"enemies":"Giant Head","floor":48.0,"turns":7.0},{"damage":36.0,"enemies":"Time Eater","floor":50.0,"turns":12.0},{"damage":22,"enemies":"Donu and Deca","floor":51,"turns":7},{"damage":82,"enemies":"Shield and Spear","floor":55,"turns":3}],"seed_played":"8334968509884097417","potions_obtained":[{"floor":1.0,"key":"FearPotion"},{"floor":3.0,"key":"Regen Potion"},{"floor":14.0,"key":"Explosive Potion"},{"floor":18.0,"key":"Energy Potion"},{"floor":25.0,"key":"FocusPotion"},{"floor":30.0,"key":"SteroidPotion"},{"floor":31.0,"key":"Explosive Potion"},{"floor":39.0,"key":"SpeedPotion"}],"is_trial":false,"path_per_floor":["M","$","M","M","M","R","E","R","T","E","?","$","E","M","R","B",null,"M","?","M","?","M","E","R","E","T","E","R","M","E","M","R","B",null,"M","M","?","?","?","R","E","R","T","E","R","?","$","E","R","B","B",null,"R","$","E"],"character_chosen":"DEFECT","items_purchased":["Genetic Algorithm","Defragment","Doom and Gloom","PowerPotion","SteroidPotion","FocusPotion","Energy Potion"],"campfire_rested":0,"item_purchase_floors":[2,12,12,47,47,54,54],"current_hp_per_floor":[64,64,62,60,56,56,41,41,41,37,37,37,28,23,23,18,58,53,53,52,52,52,54,54,36,36,43,43,34,33,45,45,51,66,66,70,67,67,48,48,41,41,41,52,52,52,52,41,41,27,27,75,75,75,0],"gold":41,"neow_bonus":"HUNDRED_GOLD","is_prod":false,"is_daily":false,"chose_seed":false,"campfire_upgraded":10,"win_rate":0,"timestamp":1556025887,"path_taken":["M","$","M","M","M","R","E","R","T","E","?","?","E","M","R","BOSS","M","?","M","?","M","E","R","E","T","E","R","?","E","M","R","BOSS","M","M","?","?","?","R","E","R","T","E","R","?","$","E","R","BOSS","BOSS","R","$","E"],"build_version":"2019-04-21","purchased_purges":4,"victory":false,"max_hp_per_floor":[71,71,71,71,71,71,71,71,71,71,71,71,71,71,71,71,71,71,71,71,71,71,71,71,71,71,71,71,71,71,71,71,71,71,71,71,67,67,81,81,91,91,91,91,91,91,91,91,91,91,91,91,91,91,91],"card_choices":[{"not_picked":["Genetic Algorithm","Conserve Battery"],"picked":"Defragment","floor":1.0},{"not_picked":["Gash","Go for the Eyes"],"picked":"Coolheaded","floor":3.0},{"not_picked":["Coolheaded","Melter"],"picked":"Sunder","floor":4.0},{"not_picked":["Go for the Eyes","Hologram"],"picked":"FTL","floor":5.0},{"not_picked":["Static Discharge","Rip and Tear"],"picked":"Ball Lightning","floor":7.0},{"not_picked":["Storm","Compile Driver"],"picked":"Glacier","floor":10.0},{"not_picked":["Reboot","Chaos"],"picked":"Auto Shields","floor":13.0},{"not_picked":["Redo","Cold Snap"],"picked":"Conserve Battery","floor":14.0},{"not_picked":["Fission","Hyperbeam"],"picked":"Electrodynamics","floor":16.0},{"not_picked":["Beam Cell","Compile Driver"],"picked":"Hologram","floor":18.0},{"not_picked":["Stack","Storm"],"picked":"BootSequence","floor":20.0},{"not_picked":["Hologram","Beam Cell+1"],"picked":"Self Repair","floor":22.0},{"not_picked":["Rebound","Storm"],"picked":"Hologram","floor":23.0},{"not_picked":["Beam Cell+1","Steam Power","Hologram"],"picked":"SKIP","floor":25.0},{"not_picked":["Melter","Rebound"],"picked":"Compile Driver","floor":27.0},{"not_picked":["Reprogram","Gash+1"],"picked":"Undo","floor":29.0},{"not_picked":["Tempest+1","Steam"],"picked":"Chill","floor":30.0},{"not_picked":["Biased Cognition","Hologram"],"picked":"Barrage+1","floor":31.0},{"not_picked":["Creative AI","Hyperbeam+1"],"picked":"Machine Learning","floor":33.0},{"not_picked":["Ball Lightning+1","Cold Snap+1"],"picked":"Loop","floor":35.0},{"not_picked":["Turbo","Rebound+1"],"picked":"Redo","floor":36.0},{"not_picked":["Electrodynamics","Beam Cell+1"],"picked":"Barrage+1","floor":39.0},{"not_picked":["Thunder Strike+1","Compile Driver+1"],"picked":"Leap","floor":41.0},{"not_picked":["Beam Cell+1","Static Discharge"],"picked":"Skim+1","floor":44.0},{"not_picked":["Sunder+1","Electrodynamics+1"],"picked":"Cold Snap+1","floor":48.0}],"player_experience":769099,"relics_obtained":[{"floor":7.0,"key":"Vajra"},{"floor":10.0,"key":"Letter Opener"},{"floor":13.0,"key":"Meat on the Bone"},{"floor":23.0,"key":"Art of War"},{"floor":25.0,"key":"PreservedInsect"},{"floor":26.0,"key":"Kunai"},{"floor":27.0,"key":"Molten Egg 2"},{"floor":30.0,"key":"Bag of Marbles"},{"floor":39.0,"key":"Mango"},{"floor":41.0,"key":"Pear"},{"floor":43.0,"key":"Thread and Needle"},{"floor":44.0,"key":"Frozen Egg 2"},{"floor":48.0,"key":"Orichalcum"}],"event_choices":[{"damage_healed":0.0,"max_hp_gain":0.0,"max_hp_loss":0.0,"gold_gain":50.0,"event_name":"Golden Shrine","player_choice":"Pray","floor":11.0,"gold_loss":0.0,"damage_taken":0.0},{"damage_healed":0.0,"max_hp_gain":0.0,"max_hp_loss":0.0,"gold_gain":0.0,"event_name":"The Library","player_choice":"Read","floor":19.0,"gold_loss":0.0,"damage_taken":0.0,"cards_obtained":["Capacitor"]},{"damage_healed":0.0,"max_hp_gain":0.0,"max_hp_loss":0.0,"gold_gain":0.0,"event_name":"Match and Keep!","player_choice":"1 cards matched","floor":21.0,"gold_loss":0.0,"damage_taken":0.0,"cards_obtained":["Biased Cognition"]},{"damage_healed":0.0,"max_hp_gain":0.0,"max_hp_loss":4.0,"gold_gain":0.0,"event_name":"Winding Halls","player_choice":"Max HP","floor":37.0,"gold_loss":0.0,"damage_taken":0.0},{"damage_healed":0.0,"max_hp_gain":0.0,"max_hp_loss":0.0,"gold_gain":0.0,"event_name":"Tomb of Lord Red Mask","player_choice":"Ignored","floor":38.0,"gold_loss":0.0,"damage_taken":0.0},{"damage_healed":0.0,"max_hp_gain":0.0,"max_hp_loss":0.0,"gold_gain":0.0,"event_name":"Mysterious Sphere","player_choice":"Fight","floor":39.0,"gold_loss":0.0,"damage_taken":0.0},{"damage_healed":0.0,"max_hp_gain":0.0,"max_hp_loss":0.0,"gold_gain":0.0,"event_name":"Accursed Blacksmith","player_choice":"Rummage","floor":46.0,"gold_loss":0.0,"damage_taken":0.0,"relics_obtained":["WarpedTongs"],"cards_obtained":["Pain"]}],"is_beta":true,"boss_relics":[{"not_picked":["Black Star","Nuclear Battery"],"picked":"Coffee Dripper"},{"not_picked":["Empty Cage","FrozenCore"],"picked":"Inserter"}],"items_purged_floors":[2,12,47,54],"is_endless":false,"potions_floor_spawned":[1,3,4,14,18,23,25,30,31,35,36,39,48],"killed_by":"Shield and Spear","ascension_level":20}