{"gold_per_floor":[112,112,33,33,51,51,79,79,79,97,131,148,173,18,18,95,95,111,111,126,51,68,83,83,83,83,118,118,130,141,170,170,248,248,258,1257,788,838,853,853],"floor_reached":40,"playtime":1738,"items_purged":["Strike_B","Normality"],"score":1288,"play_id":"7f36335b-ad44-4d92-bc93-2d3d923a7a42","local_time":"20190322182942","is_ascension_mode":true,"campfire_choices":[{"data":"Zap","floor":6,"key":"SMITH"},{"data":"Coolheaded","floor":8,"key":"SMITH"},{"data":"Fission","floor":15,"key":"SMITH"},{"data":"Creative AI","floor":24,"key":"SMITH"},{"data":"Capacitor","floor":28,"key":"SMITH"},{"data":"Loop","floor":32,"key":"SMITH"}],"neow_cost":"NONE","seed_source_timestamp":257399570370600,"circlet_count":0,"master_deck":["AscendersBane","Strike_B","Defend_B","Defend_B","Defend_B","Zap+1","Dualcast","Coolheaded","Cold Snap","Ball Lightning","Coolheaded+1","Streamline","Cold Snap","Echo Form","Fission+1","Glacier","Capacitor+1","Creative AI+1","Biased Cognition+1","Cold Snap+1","Compile Driver+1","Cold Snap+1","Coolheaded","Turbo","Loop+1","Chill","Consume+1","Core Surge","Normality","Blizzard","Self Repair+1"],"relics":["Runic Dome","Bronze Scales","FossilizedHelix","Matryoshka","Pen Nib","Mercury Hourglass","Astrolabe","NlothsMask","Bag of Preparation","Pear","Runic Pyramid","Membership Card","Centennial Puzzle","Vajra"],"potions_floor_usage":[7,11,16,20],"damage_taken":[{"damage":4,"enemies":"Jaw Worm","floor":1,"turns":3},{"damage":0,"enemies":"Cultist","floor":5,"turns":3},{"damage":16,"enemies":"Lagavulin","floor":7,"turns":6},{"damage":0,"enemies":"2 Louse","floor":10,"turns":2},{"damage":0,"enemies":"Gremlin Nob","floor":11,"turns":3},{"damage":10,"enemies":"Lots of Slimes","floor":12,"turns":4},{"damage":8,"enemies":"3 Sentries","floor":13,"turns":4},{"damage":0,"enemies":"The Guardian","floor":16,"turns":9},{"damage":0,"enemies":"Chosen","floor":18,"turns":4},{"damage":13,"enemies":"2 Thieves","floor":20,"turns":3},{"damage":0,"enemies":"Centurion and Healer","floor":22,"turns":6},{"damage":4,"enemies":"Sentry and Sphere","floor":23,"turns":4},{"damage":0,"enemies":"Gremlin Leader","floor":27,"turns":7},{"damage":2,"enemies":"Shelled Parasite and Fungi","floor":29,"turns":4},{"damage":0,"enemies":"3 Cultists","floor":30,"turns":5},{"damage":0,"enemies":"Book of Stabbing","floor":31,"turns":4},{"damage":0,"enemies":"Champ","floor":33,"turns":14},{"damage":0,"enemies":"Orb Walker","floor":35,"turns":4},{"damage":9,"enemies":"3 Darklings","floor":39,"turns":5},{"damage":67,"enemies":"Spire Growth","floor":40,"turns":6}],"seed_played":"-7517551775418561839","potions_obtained":[{"floor":2,"key":"Regen Potion"},{"floor":2,"key":"Swift Potion"},{"floor":10,"key":"Poison Potion"},{"floor":13,"key":"GamblersBrew"},{"floor":16,"key":"Explosive Potion"},{"floor":18,"key":"Ancient Potion"},{"floor":27,"key":"Energy Potion"}],"is_trial":false,"path_per_floor":["M","?","$","?","M","R","E","R","T","M","E","M","E","$","R","B",null,"M","?","M","$","M","M","R","?","T","E","R","M","M","E","R","B",null,"M","?","$","?","M","M"],"character_chosen":"DEFECT","items_purchased":["Cold Snap","Ball Lightning","Glacier","Capacitor","Membership Card","Blizzard","Centennial Puzzle","Vajra"],"campfire_rested":0,"item_purchase_floors":[3,3,14,14,37,37,37,37],"current_hp_per_floor":[60,60,60,60,60,60,58,58,58,58,58,48,40,40,40,40,63,63,63,50,50,50,46,46,46,46,46,46,44,44,54,54,54,74,74,74,74,74,65,0],"gold":853,"neow_bonus":"BOSS_RELIC","is_prod":false,"is_daily":false,"chose_seed":false,"campfire_upgraded":6,"win_rate":0,"timestamp":1553246982,"path_taken":["M","?","?","?","?","R","E","R","T","M","E","M","E","$","R","BOSS","M","?","?","?","?","M","R","?","T","E","R","?","M","E","R","BOSS","M","?","$","?","?","M"],"build_version":"2019-01-23","purchased_purges":2,"victory":false,"max_hp_per_floor":[71,71,71,71,71,71,71,71,71,71,71,71,71,71,71,71,71,71,71,71,71,71,71,71,71,71,71,71,71,71,81,81,81,81,81,81,81,81,81,81],"card_choices":[{"not_picked":["Gash","Leap"],"picked":"Coolheaded","floor":1},{"not_picked":["Redo","Stack","Rebound"],"picked":"SKIP","floor":5},{"not_picked":["Go for the Eyes","Barrage"],"picked":"Coolheaded","floor":7},{"not_picked":["Stack","Ball Lightning"],"picked":"Streamline","floor":10},{"not_picked":["Turbo","Rebound"],"picked":"Cold Snap","floor":11},{"not_picked":["Coolheaded","Ball Lightning"],"picked":"Echo Form","floor":12},{"not_picked":["Lockon","Beam Cell"],"picked":"Fission","floor":13},{"not_picked":["Rainbow","Echo Form"],"picked":"Creative AI","floor":16},{"not_picked":["Skim","Gash"],"picked":"Cold Snap+1","floor":18},{"not_picked":["Auto Shields","Conserve Battery"],"picked":"Coolheaded","floor":20},{"not_picked":["Cold Snap","Multi-Cast","Go for the Eyes+1"],"picked":"SKIP","floor":22},{"not_picked":["Sweeping Beam","Stack","Cold Snap+1"],"picked":"SKIP","floor":23},{"not_picked":["Buffer","Compile Driver"],"picked":"Turbo","floor":27},{"not_picked":["Stack+1","Cold Snap"],"picked":"Loop","floor":29},{"not_picked":["Leap","Hologram"],"picked":"Chill","floor":30},{"not_picked":["Hologram","Compile Driver"],"picked":"Consume+1","floor":31},{"not_picked":["Reboot","Rainbow"],"picked":"Core Surge","floor":33},{"not_picked":["Ball Lightning","Darkness","Steam+1"],"picked":"SKIP","floor":35},{"not_picked":["Beam Cell+1","Streamline+1"],"picked":"Self Repair+1","floor":39}],"player_experience":2470787,"relics_obtained":[{"floor":7,"key":"FossilizedHelix"},{"floor":9,"key":"Matryoshka"},{"floor":11,"key":"Pen Nib"},{"floor":13,"key":"Mercury Hourglass"},{"floor":26,"key":"Bag of Preparation"},{"floor":31,"key":"Pear"}],"event_choices":[{"damage_healed":0,"gold_gain":0,"player_choice":"Got Potions","damage_taken":0,"max_hp_gain":0,"max_hp_loss":0,"event_name":"Lab","floor":2,"gold_loss":0},{"damage_healed":0,"gold_gain":0,"player_choice":"Gave Potion","damage_taken":0,"relics_obtained":["Bronze Scales"],"max_hp_gain":0,"max_hp_loss":0,"event_name":"WeMeetAgain","floor":4,"gold_loss":0},{"damage_healed":0,"gold_gain":0,"player_choice":"Ignored","damage_taken":0,"max_hp_gain":0,"max_hp_loss":0,"event_name":"N\u0027loth","floor":19,"gold_loss":0},{"damage_healed":0,"gold_gain":0,"player_choice":"Trade","damage_taken":0,"relics_obtained":["NlothsMask"],"max_hp_gain":0,"max_hp_loss":0,"event_name":"FaceTrader","floor":25,"gold_loss":0},{"damage_healed":0,"gold_gain":999,"player_choice":"Gold","damage_taken":0,"max_hp_gain":0,"max_hp_loss":0,"event_name":"MindBloom","floor":36,"gold_loss":0,"cards_obtained":["Normality","Normality"]},{"damage_healed":0,"gold_gain":50,"player_choice":"Pray","damage_taken":0,"max_hp_gain":0,"max_hp_loss":0,"event_name":"Golden Shrine","floor":38,"gold_loss":0}],"is_beta":false,"boss_relics":[{"not_picked":["Black Star","Coffee Dripper"],"picked":"Astrolabe"},{"not_picked":["Sozu","Empty Cage"],"picked":"Runic Pyramid"}],"items_purged_floors":[21,37],"is_endless":false,"potions_floor_spawned":[10,13,16,18,27,29],"killed_by":"Spire Growth","ascension_level":20}