{"path_per_floor":["M","M","?","?","M","R","E","R","T","R","E","M","?","E","R","B",null,"M","?","$","M","?","R","E","M","T","E","R","M","?","$","R","B",null,"M","M","?","M","?","R","?","R","T","E","?","$","E","?","R","B"],"character_chosen":"THE_SILENT","items_purchased":["Sadistic Nature","Terror","Pen Nib"],"gold_per_floor":[116,128,128,128,141,141,176,176,176,176,201,211,161,188,188,292,292,308,308,35,51,51,51,86,97,97,129,129,148,148,48,48,149,149,159,177,177,195,295,295,295,295,321,347,347,1,34,34,34,34],"floor_reached":51,"campfire_rested":0,"playtime":5051,"current_hp_per_floor":[61,55,55,55,55,55,40,40,40,40,31,38,38,22,22,26,55,61,61,61,60,60,60,51,63,63,40,40,52,52,52,52,12,55,69,40,40,58,58,58,58,58,58,75,75,75,75,75,75,36],"items_purged":["Strike_G","Survivor","Strike_G"],"gold":34,"score":919,"play_id":"00e34d3f-57ab-414c-8097-a965eefc7ad1","local_time":"20180321233414","is_prod":false,"is_daily":false,"is_ascension_mode":true,"campfire_upgraded":10,"timestamp":1521646454,"path_taken":["M","M","?","?","M","R","E","R","T","R","E","M","?","E","R","BOSS","M","?","$","M","?","R","E","M","T","E","R","M","?","$","R","BOSS","M","M","?","M","?","R","?","R","T","E","?","$","E","?","R","BOSS"],"build_version":"2018-03-20","purchased_purges":3,"victory":true,"master_deck":["Defend_G+1","Defend_G+1","Defend_G+1","Defend_G+1","Strike_G+1","Neutralize+1","Burst+1","Well Laid Plans+1","Noxious Fumes+1","Predator+1","Cloak And Dagger+1","Bouncing Flask+1","Venomology+1","Footwork+1","Sadistic Nature+1","Deadly Poison+1","Caltrops+1","Flying Knee","Footwork+1","A Thousand Cuts+1","Clumsy","Backflip","Terror+1","Caltrops+1","Finisher"],"max_hp_per_floor":[63,63,63,63,63,63,63,63,63,63,63,65,65,65,65,65,65,65,65,65,65,65,65,65,67,67,69,69,69,69,69,69,69,69,71,73,73,75,75,75,75,75,75,75,75,75,75,75,75,75],"relics":["Ring of the Snake","Blood Vial","Singing Bowl","Bird Faced Urn","Thread and Needle","Question Card","Du-Vu Doll","Art of War","Ornamental Fan","Juzu Bracelet","Cursed Key","Snake Skull","Oddly Smooth Stone","Pen Nib","Ninja Scroll"],"card_choices":[{"not_picked":["Wraith Form","Tactician"],"picked":"Burst","floor":0},{"not_picked":["Concentrate","PiercingWail"],"picked":"Well Laid Plans","floor":1},{"not_picked":["Finisher","Outmaneuver"],"picked":"Noxious Fumes","floor":2},{"not_picked":["Reflex","Accuracy"],"picked":"Predator","floor":7},{"not_picked":["Dodge and Roll","Heel Hook"],"picked":"Cloak And Dagger","floor":11},{"not_picked":["Bane","Riddle With Holes"],"picked":"Bouncing Flask","floor":14},{"not_picked":["Bullet Time","Night Terror"],"picked":"Venomology","floor":16},{"not_picked":["Malaise","Prepared","Backflip"],"picked":"Footwork","floor":18},{"not_picked":["Acrobatics","Dagger Spray","Crippling Poison"],"picked":"Deadly Poison","floor":21},{"not_picked":["Burst","Slice","Leg Sweep"],"picked":"Caltrops","floor":24},{"not_picked":["Cloak And Dagger","Escape Plan","Dagger Spray"],"picked":"Flying Knee","floor":29},{"not_picked":["Unload","Glass Knife","Die Die Die"],"picked":"A Thousand Cuts","floor":33},{"not_picked":["Underhanded Strike","Outmaneuver","Setup"],"picked":"Backflip","floor":44},{"not_picked":["Poisoned Stab","Phantasmal Killer","Bane"],"picked":"Caltrops","floor":47}],"player_experience":191329,"potions_floor_usage":[11,14,16,16,24,25,25,27,27,27,33,33,33,33,36,38,38,44,44,50,50,50,50,50],"damage_taken":[{"damage":2,"enemies":"2 Louse","floor":1,"turns":3},{"damage":6,"enemies":"Cultist","floor":2,"turns":6},{"damage":0,"enemies":"Small Slimes","floor":5,"turns":4},{"damage":15,"enemies":"Lagavulin","floor":7,"turns":7},{"damage":11,"enemies":"3 Sentries","floor":11,"turns":7},{"damage":1,"enemies":"Looter","floor":12,"turns":5},{"damage":22,"enemies":"Lagavulin","floor":14,"turns":7},{"damage":2,"enemies":"The Guardian","floor":16,"turns":8},{"damage":0,"enemies":"Chosen","floor":18,"turns":3},{"damage":5,"enemies":"Spheric Guardian","floor":21,"turns":7},{"damage":16,"enemies":"Gremlin Leader","floor":24,"turns":7},{"damage":2,"enemies":"3 Cultists","floor":25,"turns":5},{"damage":33,"enemies":"Slavers","floor":27,"turns":5},{"damage":0,"enemies":"Snecko","floor":29,"turns":4},{"damage":69,"enemies":"Collector","floor":33,"turns":9},{"damage":2,"enemies":"Orb Walker","floor":35,"turns":4},{"damage":45,"enemies":"3 Shapes","floor":36,"turns":4},{"damage":0,"enemies":"Flame Bruiser 2 Orb","floor":38,"turns":4},{"damage":8,"enemies":"Giant Head","floor":44,"turns":6},{"damage":4,"enemies":"Nemesis","floor":47,"turns":5},{"damage":47,"enemies":"Time Eater","floor":50,"turns":9}],"event_choices":[{"event_name":"The Lab","player_choice":"Got Potions","floor":3,"damage_taken":0},{"event_name":"Upgrade Shrine","player_choice":"Upgraded","floor":4,"damage_taken":0},{"event_name":"The Cleric","player_choice":"Card Removal","floor":13,"damage_taken":0},{"event_name":"The Mausoleum","player_choice":"Yes","floor":19,"damage_taken":0},{"event_name":"Back to Basics","player_choice":"Simplicity","floor":22,"damage_taken":0},{"event_name":"Duplicator","player_choice":"One dupe","floor":30,"damage_taken":0},{"event_name":"Upgrade Shrine","player_choice":"Upgraded","floor":37,"damage_taken":0},{"event_name":"Golden Shrine","player_choice":"Pray","floor":39,"damage_taken":0},{"event_name":"Tomb of Lord Red Mask","player_choice":"Ignored","floor":45,"damage_taken":0},{"event_name":"Transmorgrifier","player_choice":"Transform","floor":48,"damage_taken":0}],"boss_relics":[{"not_picked":["Philosopher\u0027s Stone","Calling Bell"],"picked":"Question Card"},{"not_picked":["Runic Dome","The Specimen"],"picked":"Cursed Key"}],"potions_floor_spawned":[1,12,14,21,27,29,33,38,47],"seed_played":"-6938012592280379408","ascension_level":6,"is_trial":false}