{"gold_per_floor":[115,115,133,133,156,156,197,197,224,224,224,264,264,264,264,359,359,374,9,9,9,33,49,49,88,88,88,101,139,162,183,183,183],"floor_reached":33,"playtime":1393,"items_purged":[],"score":686,"play_id":"6d4ac45f-2528-45da-a178-80f8332118a2","local_time":"20190205201702","is_ascension_mode":true,"campfire_choices":[{"data":"Sunder","floor":6,"key":"SMITH"},{"data":"Beam Cell","floor":8,"key":"SMITH"},{"data":"Zap","floor":13,"key":"SMITH"},{"floor":15,"key":"REST"},{"data":"Ghostly","floor":24,"key":"SMITH"},{"data":"Consume","floor":27,"key":"SMITH"},{"data":"Ghostly","floor":32,"key":"SMITH"}],"neow_cost":"NONE","seed_source_timestamp":6602443287000,"circlet_count":0,"master_deck":["AscendersBane","Strike_B+1","Strike_B","Strike_B","Strike_B","Defend_B+1","Defend_B","Zap+1","Dualcast","FTL","Beam Cell+1","Amplify","Sunder+1","Cold Snap","Glacier","Ghostly+1","Ghostly","Ghostly+1","Coolheaded","Hello World+1","Consume+1"],"relics":["Cracked Core","NeowsBlessing","Golden Idol","Potion Belt","PreservedInsect","Mummified Hand","Bag of Preparation","Eternal Feather","Cables","FossilizedHelix","Matryoshka"],"potions_floor_usage":[16,16,25,25,29,33,33],"damage_taken":[{"damage":0,"enemies":"2 Louse","floor":1,"turns":1},{"damage":0,"enemies":"Small Slimes","floor":3,"turns":1},{"damage":0,"enemies":"Cultist","floor":5,"turns":1},{"damage":0,"enemies":"Gremlin Nob","floor":7,"turns":2},{"damage":0,"enemies":"Lagavulin","floor":12,"turns":3},{"damage":10,"enemies":"The Guardian","floor":16,"turns":9},{"damage":8,"enemies":"3 Byrds","floor":18,"turns":4},{"damage":0,"enemies":"2 Thieves","floor":22,"turns":3},{"damage":28,"enemies":"Snake Plant","floor":23,"turns":6},{"damage":12,"enemies":"Book of Stabbing","floor":25,"turns":5},{"damage":0,"enemies":"Cultist and Chosen","floor":28,"turns":7},{"damage":6,"enemies":"Slavers","floor":29,"turns":9},{"damage":0,"enemies":"Shelled Parasite and Fungi","floor":30,"turns":4},{"damage":0,"enemies":"Centurion and Healer","floor":31,"turns":6},{"damage":27,"enemies":"Champ","floor":33,"turns":21}],"seed_played":"-4522177745133510869","potions_obtained":[{"floor":5,"key":"EssenceOfSteel"},{"floor":12,"key":"Weak Potion"},{"floor":16,"key":"EssenceOfSteel"},{"floor":22,"key":"SpeedPotion"},{"floor":25,"key":"FearPotion"},{"floor":28,"key":"FocusPotion"},{"floor":30,"key":"Dexterity Potion"}],"is_trial":false,"path_per_floor":["M","?","M","?","M","R","E","R","T","?","?","E","R","?","R","B",null,"M","$","?","?","M","M","R","E","T","R","M","E","M","M","R","B"],"character_chosen":"DEFECT","items_purchased":["Glacier","Cables"],"campfire_rested":1,"item_purchase_floors":[19,19],"current_hp_per_floor":[64,64,64,64,64,64,64,64,64,45,45,45,45,19,38,28,55,47,47,32,32,32,4,16,4,4,16,16,10,10,10,22,0],"gold":183,"neow_bonus":"THREE_ENEMY_KILL","is_prod":false,"is_daily":false,"chose_seed":false,"campfire_upgraded":6,"win_rate":0,"timestamp":1549365422,"path_taken":["M","?","M","?","M","R","E","R","T","?","?","E","R","?","R","BOSS","M","$","?","?","M","?","R","E","T","R","M","E","M","M","R","BOSS"],"build_version":"2019-01-23","purchased_purges":0,"victory":false,"max_hp_per_floor":[71,64,64,64,64,64,64,64,64,64,64,64,64,64,64,64,64,64,64,32,32,32,32,32,32,32,32,32,32,32,32,32,32],"card_choices":[{"not_picked":["Barrage","Sweeping Beam"],"picked":"FTL","floor":1},{"not_picked":["Redo","Rebound"],"picked":"Beam Cell","floor":3},{"not_picked":["Compile Driver","Undo"],"picked":"Sunder","floor":5},{"not_picked":["Rebound","Ball Lightning","All For One"],"picked":"SKIP","floor":7},{"not_picked":["Sweeping Beam","Heatsinks"],"picked":"Cold Snap","floor":12},{"not_picked":["Steam Power","Compile Driver","Sweeping Beam"],"picked":"SKIP","floor":18},{"not_picked":["Beam Cell","Sweeping Beam"],"picked":"Coolheaded","floor":22},{"not_picked":["Hologram","Stack"],"picked":"Hello World+1","floor":23},{"not_picked":["Melter","Cold Snap"],"picked":"Consume","floor":25},{"not_picked":["Compile Driver","Barrage","Sweeping Beam"],"picked":"SKIP","floor":28},{"not_picked":["Rip and Tear","Beam Cell","Ball Lightning"],"picked":"SKIP","floor":29},{"not_picked":["Heatsinks","Beam Cell","Static Discharge"],"picked":"SKIP","floor":30},{"not_picked":["Stack","Conserve Battery","Force Field"],"picked":"SKIP","floor":31}],"player_experience":1383869,"relics_obtained":[{"floor":7,"key":"Potion Belt"},{"floor":9,"key":"PreservedInsect"},{"floor":12,"key":"Mummified Hand"},{"floor":25,"key":"FossilizedHelix"},{"floor":29,"key":"Matryoshka"}],"event_choices":[{"damage_healed":0,"gold_gain":0,"player_choice":"Lose Max HP","damage_taken":0,"relics_obtained":["Golden Idol"],"max_hp_gain":0,"max_hp_loss":7,"event_name":"Golden Idol","floor":2,"gold_loss":0},{"damage_healed":0,"gold_gain":0,"cards_transformed":["Defend_B"],"player_choice":"Change","damage_taken":0,"max_hp_gain":0,"max_hp_loss":0,"event_name":"Living Wall","floor":4,"gold_loss":0,"cards_obtained":["Amplify"]},{"damage_healed":0,"gold_gain":0,"player_choice":"Entered Light","damage_taken":19,"max_hp_gain":0,"max_hp_loss":0,"event_name":"Shining Light","floor":10,"gold_loss":0,"cards_upgraded":["Defend_B","Strike_B"]},{"damage_healed":0,"gold_gain":0,"player_choice":"Ignored","damage_taken":0,"max_hp_gain":0,"max_hp_loss":0,"event_name":"Liars Game","floor":11,"gold_loss":0},{"damage_healed":0,"gold_gain":0,"player_choice":"Success","damage_taken":26,"relics_obtained":["Bag of Preparation"],"max_hp_gain":0,"max_hp_loss":0,"event_name":"Scrap Ooze","floor":14,"gold_loss":0},{"damage_healed":0,"gold_gain":0,"player_choice":"Became a Ghost","damage_taken":0,"max_hp_gain":0,"max_hp_loss":32,"event_name":"Ghosts","floor":20,"gold_loss":0,"cards_obtained":["Ghostly","Ghostly","Ghostly"]},{"cards_removed":["Defend_B"],"damage_healed":0,"gold_gain":0,"player_choice":"Purged","damage_taken":0,"max_hp_gain":0,"max_hp_loss":0,"event_name":"Purifier","floor":21,"gold_loss":0}],"is_beta":false,"boss_relics":[{"not_picked":["Runic Pyramid","Coffee Dripper"],"picked":"Eternal Feather"}],"items_purged_floors":[],"is_endless":false,"potions_floor_spawned":[5,12,16,22,25,28,30],"killed_by":"Champ","ascension_level":20}