{"gold_per_floor":[115,65,240,126,146,173,191,191,191,191,251,251,251,267,267,267],"floor_reached":16,"playtime":422,"items_purged":["Doubt"],"score":193,"play_id":"ca7c6063-aa29-4412-a3ed-060f861a2fee","local_time":"20180709222157","is_ascension_mode":true,"campfire_choices":[{"data":"Fire Breathing","floor":8,"key":"SMITH"},{"data":"Rage","floor":10,"key":"SMITH"},{"floor":15,"key":"REST"}],"neow_cost":"NONE","seed_source_timestamp":352290875103496,"circlet_count":0,"master_deck":["Strike_R","Strike_R","Strike_R","Strike_R","Defend_R","Defend_R","Defend_R","Bash","Fire Breathing+1","Rage+1"],"special_seed":0,"relics":["Burning Blood","NeowsBlessing","Turnip","Mercury Hourglass","Tiny Chest","Matryoshka"],"potions_floor_usage":[8,11],"damage_taken":[{"damage":0.0,"enemies":"2 Louse","floor":1.0,"turns":1.0},{"damage":0,"enemies":"Jaw Worm","floor":5,"turns":1},{"damage":0,"enemies":"3 Sentries","floor":6,"turns":2},{"damage":6,"enemies":"Cultist","floor":7,"turns":3},{"damage":19,"enemies":"Lagavulin","floor":11,"turns":7},{"damage":3,"enemies":"Blue Slaver","floor":14,"turns":2},{"damage":65,"enemies":"Hexaghost","floor":16,"turns":8}],"seed_played":"-2082651560915478917","potions_obtained":[{"floor":6,"key":"Fruit Juice"},{"floor":7,"key":"Block Potion"}],"is_trial":false,"path_per_floor":["M","?","?","$","M","E","M","R","T","R","E","T","?","M","R"],"character_chosen":"IRONCLAD","items_purchased":["Fire Breathing"],"campfire_rested":1,"item_purchase_floors":[4],"current_hp_per_floor":[78,78,78,78,80,80,80,85,85,85,72,72,72,75,85,20],"gold":267,"neow_bonus":"THREE_ENEMY_KILL","is_prod":false,"is_daily":false,"chose_seed":false,"campfire_upgraded":2,"win_rate":0,"timestamp":1531164117,"path_taken":["M","?","?","$","?","E","M","R","T","R","E","?","?","M","R","BOSS"],"build_version":"2018-07-05","purchased_purges":1,"victory":false,"max_hp_per_floor":[80,80,80,80,80,80,80,85,85,85,85,85,85,85,85,85],"card_choices":[{"not_picked":["Perfected Strike","Rampage","Feel No Pain"],"picked":"SKIP","floor":1.0},{"not_picked":["Pommel Strike","Wild Strike","Heavy Blade"],"picked":"SKIP","floor":5},{"not_picked":["Cleave","Fiend Fire","Iron Wave"],"picked":"SKIP","floor":6},{"not_picked":["Iron Wave","Wild Strike"],"picked":"Rage","floor":7},{"not_picked":["Shrug It Off","Inflame","Heavy Blade"],"picked":"SKIP","floor":11},{"not_picked":["Armaments","Twin Strike","Thunderclap"],"picked":"SKIP","floor":14}],"player_experience":553870,"relics_obtained":[{"floor":6,"key":"Turnip"},{"floor":9,"key":"Mercury Hourglass"},{"floor":11,"key":"Tiny Chest"},{"floor":12,"key":"Matryoshka"}],"event_choices":[{"event_name":"The Cleric","player_choice":"Card Removal","floor":2.0,"damage_taken":0.0},{"event_name":"Liars Game","player_choice":"agreed","floor":3.0,"damage_taken":0.0},{"event_name":"Bonfire Elementals","player_choice":"BASIC","floor":13,"damage_taken":0}],"boss_relics":[],"items_purged_floors":[4],"is_endless":false,"potions_floor_spawned":[6,7],"killed_by":"Hexaghost","ascension_level":9}