{"gold_per_floor":[112,187,337,337,337,368,379,411,436,464,476,476,486,496,496,575,575,589,589,603,603,614,614,629,629,629,629,143,68,80,91,91,167,167,181,199,1198,1208,433,466,466,497,520,520,539,539,556,76,76,76,76,76,76,0,0],"floor_reached":55,"playtime":2311,"items_purged":["Writhe","Normality","Normality"],"score":2144,"play_id":"02b5cb84-ab7f-47cc-9071-874e4fa4b3a3","local_time":"20190306160117","is_ascension_mode":true,"campfire_choices":[{"data":"Loop","floor":12.0,"key":"SMITH"},{"data":"Zap","floor":15.0,"key":"SMITH"},{"floor":23.0,"key":"REST"},{"data":"Buffer","floor":25.0,"key":"SMITH"},{"data":"Biased Cognition","floor":27.0,"key":"SMITH"},{"data":"Defragment","floor":32.0,"key":"SMITH"},{"floor":41.0,"key":"REST"},{"data":"Capacitor","floor":44.0,"key":"SMITH"},{"floor":49.0,"key":"RECALL"},{"data":"Loop","floor":53.0,"key":"SMITH"}],"neow_cost":"NONE","seed_source_timestamp":136347599451299,"circlet_count":0,"master_deck":["AscendersBane","Defend_B","Zap+1","Dualcast","Consume+1","Gash","Hologram","Streamline","Reboot","Loop+1","Ball Lightning","Biased Cognition+1","Melter","Buffer+1","BootSequence","Coolheaded+1","Defragment+1","Darkness+1","Compile Driver","Leap+1","Conserve Battery+1","Reboot+1","Amplify+1","Hello World+1","Reboot+1","Tempest+1","Turbo+1","Conserve Battery+1","Loop+1","Conserve Battery+1","Core Surge","Capacitor+1","Loop+1","Chrysalis+1","White Noise+1","Glacier+1"],"special_seed":0,"relics":["FrozenCore","NeowsBlessing","Regal Pillow","PreservedInsect","Blood Vial","Anchor","Ice Cream","Blue Candle","Toxic Egg 2","Astrolabe","FossilizedHelix","Toy Ornithopter","Singing Bowl","Dodecahedron","Sundial"],"potions_floor_usage":[55],"damage_taken":[{"damage":0.0,"enemies":"Jaw Worm","floor":1.0,"turns":1.0},{"damage":0.0,"enemies":"3 Sentries","floor":6.0,"turns":1.0},{"damage":0.0,"enemies":"Small Slimes","floor":7.0,"turns":1.0},{"damage":22.0,"enemies":"Lagavulin","floor":8.0,"turns":6.0},{"damage":8.0,"enemies":"Gremlin Nob","floor":10.0,"turns":3.0},{"damage":2.0,"enemies":"Cultist","floor":11.0,"turns":4.0},{"damage":0.0,"enemies":"Looter","floor":13.0,"turns":3.0},{"damage":4.0,"enemies":"Exordium Thugs","floor":14.0,"turns":4.0},{"damage":34.0,"enemies":"Hexaghost","floor":16.0,"turns":8.0},{"damage":19.0,"enemies":"3 Byrds","floor":18.0,"turns":4.0},{"damage":11.0,"enemies":"Spheric Guardian","floor":20.0,"turns":4.0},{"damage":3.0,"enemies":"Snecko","floor":22.0,"turns":5.0},{"damage":25.0,"enemies":"Sentry and Sphere","floor":24.0,"turns":6.0},{"damage":0.0,"enemies":"Cultist and Chosen","floor":30.0,"turns":5.0},{"damage":0.0,"enemies":"Centurion and Healer","floor":31.0,"turns":9.0},{"damage":20.0,"enemies":"Champ","floor":33.0,"turns":13.0},{"damage":0.0,"enemies":"Orb Walker","floor":35.0,"turns":3.0},{"damage":0.0,"enemies":"3 Shapes","floor":36.0,"turns":3.0},{"damage":37.0,"enemies":"Writhing Mass","floor":38.0,"turns":6.0},{"damage":0.0,"enemies":"Nemesis","floor":40.0,"turns":5.0},{"damage":0.0,"enemies":"Giant Head","floor":42.0,"turns":7.0},{"damage":0.0,"enemies":"4 Shapes","floor":45.0,"turns":5.0},{"damage":22.0,"enemies":"Jaw Worm Horde","floor":47.0,"turns":5.0},{"damage":0.0,"enemies":"Donu and Deca","floor":50.0,"turns":7.0},{"damage":13.0,"enemies":"Time Eater","floor":51.0,"turns":10.0},{"damage":71,"enemies":"Shield and Spear","floor":55,"turns":6}],"seed_played":"4985186326345929283","potions_obtained":[{"floor":1.0,"key":"Fire Potion"},{"floor":6.0,"key":"Poison Potion"},{"floor":8.0,"key":"FairyPotion"},{"floor":14.0,"key":"Fire Potion"},{"floor":24.0,"key":"Poison Potion"},{"floor":30.0,"key":"Energy Potion"},{"floor":31.0,"key":"Dexterity Potion"},{"floor":33.0,"key":"SkillPotion"},{"floor":40.0,"key":"EntropicBrew"}],"is_trial":false,"path_per_floor":["M","?","?","?","?","E","M","E","T","E","M","R","M","M","R","B",null,"M","?","M","?","M","R","M","R","T","R","$","?","M","M","R","B",null,"M","M","?","M","$","E","R","E","T","R","M","?","M","$","R","B","B",null,"R","$","E"],"character_chosen":"DEFECT","items_purchased":["Toxic Egg 2","Defragment","Darkness+1","Loop","FossilizedHelix","Conserve Battery+1","Toy Ornithopter","Sundial","White Noise+1","Glacier+1"],"campfire_rested":2,"item_purchase_floors":[28,28,28,39,39,39,39,48,48,54],"current_hp_per_floor":[64,53,53,53,53,53,53,31,31,25,25,25,27,25,25,7,55,38,38,29,29,28,64,41,41,41,41,41,41,43,45,45,27,60,62,64,64,29,29,36,71,71,71,71,71,71,51,51,51,53,57,69,69,69,2],"gold":0,"neow_bonus":"THREE_ENEMY_KILL","is_prod":false,"is_daily":false,"chose_seed":false,"campfire_upgraded":7,"win_rate":0,"timestamp":1551855677,"path_taken":["M","?","?","?","?","E","?","E","T","E","M","R","M","M","R","BOSS","M","?","M","?","?","R","M","R","T","R","$","?","?","M","R","BOSS","M","?","?","M","$","E","R","E","T","R","M","?","M","$","R","BOSS","BOSS","R","$","E"],"build_version":"2019-01-23","purchased_purges":3,"victory":false,"max_hp_per_floor":[71,71,71,71,71,71,71,71,71,71,71,71,71,71,71,71,71,71,71,71,71,71,71,71,71,71,71,71,71,71,71,71,71,71,71,71,71,71,71,71,71,71,71,71,71,71,73,73,73,73,73,73,73,73,73],"card_choices":[{"not_picked":["Aggregate","Compile Driver"],"picked":"Consume","floor":1.0},{"not_picked":["Compile Driver","Go for the Eyes"],"picked":"Gash","floor":6.0},{"not_picked":["Beam Cell","Steam"],"picked":"Hologram","floor":7.0},{"not_picked":["Steam","Barrage"],"picked":"Streamline","floor":8.0},{"not_picked":["Gash","Turbo"],"picked":"Reboot","floor":10.0},{"not_picked":["Sweeping Beam","Ball Lightning"],"picked":"Loop","floor":11.0},{"not_picked":["Sweeping Beam","Conserve Battery","Barrage"],"picked":"SKIP","floor":13.0},{"not_picked":["Doom and Gloom","Auto Shields"],"picked":"Ball Lightning","floor":14.0},{"not_picked":["Core Surge","Amplify"],"picked":"Biased Cognition","floor":16.0},{"not_picked":["Heatsinks","Consume"],"picked":"Melter","floor":18.0},{"not_picked":["Skim+1","Leap","Reprogram"],"picked":"SKIP","floor":20.0},{"not_picked":["Steam","Reinforced Body","Rebound"],"picked":"SKIP","floor":22.0},{"not_picked":["Sunder","Beam Cell"],"picked":"Coolheaded+1","floor":24.0},{"not_picked":["Hologram+1","Force Field+1"],"picked":"Conserve Battery+1","floor":30.0},{"not_picked":["Rip and Tear","Barrage"],"picked":"Reboot+1","floor":31.0},{"not_picked":["Hyperbeam","Rainbow+1"],"picked":"Amplify+1","floor":33.0},{"not_picked":["Streamline","Chaos+1"],"picked":"Turbo+1","floor":35.0},{"not_picked":["Turbo+1","Gash"],"picked":"Conserve Battery+1","floor":36.0},{"not_picked":["Barrage","Rebound","Beam Cell"],"picked":"SKIP","floor":38.0},{"not_picked":["Cold Snap","Melter"],"picked":"Core Surge","floor":40.0},{"not_picked":["Sweeping Beam","Turbo+1"],"picked":"Capacitor","floor":42.0},{"not_picked":["Coolheaded+1","Storm"],"picked":"Loop+1","floor":45.0},{"not_picked":["Metamorphosis+1","Blind+1"],"picked":"Chrysalis+1","floor":46.0},{"not_picked":["Redo+1","Sweeping Beam","Streamline+1"],"picked":"Singing Bowl","floor":47.0}],"player_experience":2036965,"relics_obtained":[{"floor":6.0,"key":"Regal Pillow"},{"floor":8.0,"key":"PreservedInsect"},{"floor":9.0,"key":"Blood Vial"},{"floor":10.0,"key":"Anchor"},{"floor":26.0,"key":"Blue Candle"},{"floor":40.0,"key":"Singing Bowl"},{"floor":42.0,"key":"Dodecahedron"}],"event_choices":[{"damage_healed":0.0,"max_hp_gain":0.0,"max_hp_loss":0.0,"gold_gain":75.0,"event_name":"World of Goop","player_choice":"Gather Gold","floor":2.0,"gold_loss":0.0,"damage_taken":11.0},{"damage_healed":0.0,"max_hp_gain":0.0,"max_hp_loss":0.0,"gold_gain":150.0,"event_name":"Liars Game","player_choice":"AGREE","floor":3.0,"gold_loss":0.0,"damage_taken":0.0,"cards_obtained":["Doubt"]},{"cards_removed":["Doubt"],"damage_healed":0.0,"max_hp_gain":0.0,"max_hp_loss":0.0,"gold_gain":0.0,"event_name":"Living Wall","player_choice":"Forget","floor":4.0,"gold_loss":0.0,"damage_taken":0.0},{"damage_healed":0.0,"max_hp_gain":0.0,"max_hp_loss":0.0,"gold_gain":0.0,"event_name":"Upgrade Shrine","player_choice":"Upgraded","floor":5.0,"gold_loss":0.0,"damage_taken":0.0,"cards_upgraded":["Consume"]},{"damage_healed":0.0,"max_hp_gain":0.0,"max_hp_loss":0.0,"gold_gain":0.0,"event_name":"The Mausoleum","player_choice":"Opened","floor":19.0,"gold_loss":0.0,"damage_taken":0.0,"relics_obtained":["Ice Cream"],"cards_obtained":["Writhe"]},{"damage_healed":0.0,"max_hp_gain":0.0,"max_hp_loss":0.0,"gold_gain":0.0,"cards_transformed":["Defend_B","Defend_B"],"event_name":"Drug Dealer","player_choice":"Became Test Subject","floor":21.0,"gold_loss":0.0,"damage_taken":0.0,"cards_obtained":["Buffer","BootSequence"]},{"damage_healed":0.0,"max_hp_gain":0.0,"max_hp_loss":0.0,"gold_gain":0.0,"cards_transformed":["Strike_B","Strike_B"],"event_name":"Designer","player_choice":"Transformed Cards","floor":29.0,"gold_loss":75.0,"damage_taken":0.0,"cards_obtained":["Compile Driver","Leap"]},{"damage_healed":0.0,"max_hp_gain":0.0,"max_hp_loss":0.0,"gold_gain":999.0,"event_name":"MindBloom","player_choice":"Gold","floor":37.0,"gold_loss":0.0,"damage_taken":0.0,"cards_obtained":["Normality","Normality"]},{"damage_healed":0.0,"max_hp_gain":0.0,"max_hp_loss":0.0,"gold_gain":0.0,"event_name":"SensoryStone","player_choice":"Memory 1","floor":46.0,"gold_loss":0.0,"damage_taken":0.0}],"is_beta":false,"boss_relics":[{"not_picked":["Runic Pyramid","Tiny House"],"picked":"FrozenCore"},{"not_picked":["White Beast Statue","Eternal Feather"],"picked":"Astrolabe"}],"items_purged_floors":[28,39,48],"is_endless":false,"potions_floor_spawned":[1,6,8,14,24,30,31,33,40,42,45,47],"killed_by":"Shield and Spear","ascension_level":20}