{"gold_per_floor":[117,117,30,48,61,61,92,111,111,111,386,403,403,432,432,432],"floor_reached":16,"playtime":580,"items_purged":[],"score":220,"play_id":"f6ccbb82-0168-4529-80d0-35ab71d1ad16","local_time":"20190421183202","is_ascension_mode":true,"campfire_choices":[{"data":"Sunder","floor":6,"key":"SMITH"},{"data":"Zap","floor":10,"key":"SMITH"},{"floor":13,"key":"REST"},{"data":"Hologram","floor":15,"key":"SMITH"}],"neow_cost":"NONE","seed_source_timestamp":0,"circlet_count":0,"master_deck":["AscendersBane","Strike_B","Strike_B","Strike_B","Strike_B","Defend_B","Defend_B","Defend_B","Defend_B","Zap+1","Dualcast","Hologram+1","Sunder+1","Ball Lightning","Chill","Turbo+1","Regret","Leap+1"],"relics":["Cracked Core","NeowsBlessing","Cables","Toxic Egg 2","Pantograph","Centennial Puzzle"],"potions_floor_usage":[8,14,16],"damage_taken":[{"damage":0,"enemies":"Small Slimes","floor":1,"turns":1},{"damage":0,"enemies":"Cultist","floor":4,"turns":1},{"damage":0,"enemies":"2 Louse","floor":5,"turns":1},{"damage":8,"enemies":"Gremlin Nob","floor":7,"turns":3},{"damage":12,"enemies":"Large Slime","floor":8,"turns":4},{"damage":5,"enemies":"Blue Slaver","floor":12,"turns":3},{"damage":21,"enemies":"Lagavulin","floor":14,"turns":7},{"damage":58,"enemies":"Slime Boss","floor":16,"turns":7}],"seed_played":"-3130889625671774430","potions_obtained":[{"floor":5,"key":"Weak Potion"},{"floor":7,"key":"Regen Potion"},{"floor":12,"key":"FearPotion"}],"is_trial":false,"path_per_floor":["M","?","$","M","M","R","E","M","T","R","?","M","R","E","R","B"],"character_chosen":"DEFECT","items_purchased":["Sunder"],"campfire_rested":1,"item_purchase_floors":[3],"current_hp_per_floor":[64,46,46,46,46,46,38,38,38,38,38,33,54,33,33,0],"gold":432,"neow_bonus":"THREE_ENEMY_KILL","is_prod":false,"is_daily":false,"chose_seed":true,"campfire_upgraded":3,"win_rate":0,"timestamp":1555839122,"path_taken":["M","?","$","M","M","R","E","M","T","R","?","?","R","E","R","BOSS"],"build_version":"2019-01-23","purchased_purges":0,"victory":false,"max_hp_per_floor":[71,71,71,71,71,71,71,71,71,71,71,71,71,71,71,71],"card_choices":[{"not_picked":["Rebound","Redo"],"picked":"Hologram","floor":1},{"not_picked":["Steam","Barrage"],"picked":"Ball Lightning","floor":4},{"not_picked":["Hologram","Lockon"],"picked":"Chill","floor":5},{"not_picked":["Streamline","Steam","Barrage"],"picked":"SKIP","floor":7},{"not_picked":["Beam Cell","Doom and Gloom"],"picked":"Turbo+1","floor":8},{"not_picked":["Sweeping Beam","Barrage","Gash"],"picked":"SKIP","floor":12},{"not_picked":["Stack+1","Blizzard"],"picked":"Leap+1","floor":14}],"player_experience":3279240,"relics_obtained":[{"floor":7,"key":"Toxic Egg 2"},{"floor":9,"key":"Pantograph"},{"floor":14,"key":"Centennial Puzzle"}],"event_choices":[{"damage_healed":0,"gold_gain":0,"player_choice":"Success","damage_taken":18,"relics_obtained":["Cables"],"max_hp_gain":0,"max_hp_loss":0,"event_name":"Scrap Ooze","floor":2,"gold_loss":0},{"damage_healed":0,"gold_gain":275,"player_choice":"Desecrate","damage_taken":0,"max_hp_gain":0,"max_hp_loss":0,"event_name":"Golden Shrine","floor":11,"gold_loss":0,"cards_obtained":["Regret"]}],"is_beta":false,"boss_relics":[],"items_purged_floors":[],"is_endless":false,"potions_floor_spawned":[5,7,12],"killed_by":"Slime Boss","ascension_level":20}