{"gold_per_floor":[10,10,10,23,23,23,23,23,48,66,66,79,79,79,79,174,174,144,161,261,274,120,120,120],"floor_reached":24,"playtime":1183,"items_purged":["Defend_G"],"score":239,"play_id":"39fa4a6a-2d57-4a56-b3a4-315808596a3e","local_time":"20190426211529","is_ascension_mode":true,"campfire_choices":[{"data":"Cloak And Dagger","floor":6,"key":"SMITH"},{"data":"Survivor","floor":8,"key":"SMITH"},{"data":"Backflip","floor":13,"key":"SMITH"},{"floor":15,"key":"REST"},{"floor":23,"key":"REST"}],"neow_cost":"NO_GOLD","seed_source_timestamp":185744056286900,"circlet_count":0,"master_deck":["Defend_G","Defend_G","Defend_G","Defend_G+1","Strike_G+1","Strike_G","Strike_G","Strike_G","Survivor+1","Neutralize+1","After Image","Cloak And Dagger+1","Crippling Poison","Backflip+1","Burst","Leg Sweep","Dash","Bullet Time"],"relics":["Ring of the Snake","WristBlade"],"potions_floor_usage":[16,16,24,24],"damage_taken":[{"damage":9,"enemies":"Jaw Worm","floor":1,"turns":6},{"damage":0,"enemies":"2 Louse","floor":4,"turns":4},{"damage":1,"enemies":"Small Slimes","floor":10,"turns":4},{"damage":2,"enemies":"Red Slaver","floor":12,"turns":5},{"damage":11,"enemies":"The Guardian","floor":16,"turns":20},{"damage":18,"enemies":"2 Thieves","floor":18,"turns":5},{"damage":4,"enemies":"3 Byrds","floor":19,"turns":8},{"damage":19,"enemies":"Snake Plant","floor":21,"turns":9},{"damage":58,"enemies":"Slavers","floor":24,"turns":11}],"seed_played":"-5184406037813906773","potions_obtained":[{"floor":4,"key":"AttackPotion"},{"floor":10,"key":"GhostInAJar"},{"floor":21,"key":"Block Potion"}],"is_trial":false,"path_per_floor":["M","?","?","M","?","R","?","R","T","M","$","M","R","?","R","B",null,"M","M","?","M","$","R","E"],"character_chosen":"THE_SILENT","items_purchased":["Regen Potion"],"campfire_rested":2,"item_purchase_floors":[22],"current_hp_per_floor":[54,54,47,47,47,47,47,47,47,46,46,44,44,30,51,40,63,45,41,41,22,22,43,0],"gold":120,"neow_bonus":"THREE_RARE_CARDS","is_prod":false,"is_daily":false,"chose_seed":false,"campfire_upgraded":3,"win_rate":0,"timestamp":1556327729,"path_taken":["M","?","?","M","?","R","?","R","T","M","?","?","R","?","R","BOSS","M","M","?","M","$","R","E"],"build_version":"2019-01-23","purchased_purges":1,"victory":false,"max_hp_per_floor":[70,70,70,70,70,70,70,70,70,70,70,70,70,70,70,70,70,70,70,70,70,70,70,70],"card_choices":[{"not_picked":["Envenom","A Thousand Cuts"],"picked":"After Image","floor":0},{"not_picked":["Flying Knee","Finisher"],"picked":"Cloak And Dagger","floor":1},{"not_picked":["Concentrate","Heel Hook"],"picked":"Crippling Poison","floor":4},{"not_picked":["Prepared","Outmaneuver","Flechettes"],"picked":"SKIP","floor":10},{"not_picked":["Underhanded Strike","Sucker Punch"],"picked":"Backflip","floor":12},{"not_picked":["A Thousand Cuts","Wraith Form v2"],"picked":"Burst","floor":16},{"not_picked":["Flying Knee","Sucker Punch"],"picked":"Leg Sweep","floor":18},{"not_picked":["PiercingWail","Prepared+1"],"picked":"Dash","floor":19},{"not_picked":["Dagger Throw+1","Bouncing Flask"],"picked":"Bullet Time","floor":21}],"player_experience":180482,"relics_obtained":[],"event_choices":[{"damage_healed":0,"gold_gain":0,"player_choice":"Leave","damage_taken":0,"max_hp_gain":0,"max_hp_loss":0,"event_name":"The Cleric","floor":2,"gold_loss":0},{"cards_removed":["Strike_G"],"damage_healed":0,"gold_gain":0,"player_choice":"Card Removal","damage_taken":7,"max_hp_gain":0,"max_hp_loss":0,"event_name":"Golden Wing","floor":3,"gold_loss":0},{"damage_healed":0,"gold_gain":0,"player_choice":"Ignored","damage_taken":0,"max_hp_gain":0,"max_hp_loss":0,"event_name":"Liars Game","floor":5,"gold_loss":0},{"damage_healed":0,"gold_gain":0,"player_choice":"Grow","damage_taken":0,"max_hp_gain":0,"max_hp_loss":0,"event_name":"Living Wall","floor":7,"gold_loss":0,"cards_upgraded":["Neutralize"]},{"damage_healed":0,"gold_gain":0,"player_choice":"Entered Light","damage_taken":14,"max_hp_gain":0,"max_hp_loss":0,"event_name":"Shining Light","floor":14,"gold_loss":0,"cards_upgraded":["Defend_G","Strike_G"]},{"damage_healed":0,"gold_gain":100,"player_choice":"Pray","damage_taken":0,"max_hp_gain":0,"max_hp_loss":0,"event_name":"Golden Shrine","floor":20,"gold_loss":0}],"is_beta":false,"boss_relics":[{"not_picked":["Coffee Dripper","Orrery"],"picked":"WristBlade"}],"items_purged_floors":[22],"is_endless":false,"potions_floor_spawned":[4,10,21],"killed_by":"Slavers","ascension_level":6}