{"path_per_floor":["M","?","?","?","$","R","E","R","T","E","M","M","M","?","R","B",null,"M","?","M","M","?","E","R","M","T","R","$","M","M","?","R","B",null,"M","M","M","M","M","E","R","?","T","E","?"],"character_chosen":"IRONCLAD","items_purchased":["Jack Of All Trades","Dropkick","Mercury Hourglass","Headbutt"],"gold_per_floor":[111,111,186,186,18,18,53,53,80,107,125,139,154,154,154,257,257,272,272,286,296,296,330,330,347,374,374,73,89,103,103,103,203,203,215,226,243,259,277,304,304,304,304,337,337],"floor_reached":46,"campfire_rested":4,"playtime":4978,"current_hp_per_floor":[80,80,69,69,69,69,65,90,90,64,65,71,77,82,82,67,95,95,95,91,71,71,29,57,58,58,86,86,75,72,72,72,56,98,90,93,98,94,76,21,51,51,51,11,11],"items_purged":[],"gold":337,"play_id":"05ef2483-1da9-49d5-8cfc-241ac0bc735f","is_prod":false,"is_daily":false,"is_ascension_mode":false,"campfire_upgraded":3,"path_taken":["M","?","?","?","$","R","E","R","T","E","M","M","?","?","R","BOSS","M","?","M","M","?","E","R","M","T","R","$","M","?","?","R","BOSS","M","M","M","M","M","E","R","?","T","E","?","M"],"build_version":"2018-01-25-PROD3","purchased_purges":0,"victory":false,"master_deck":["Strike_R","Strike_R","Strike_R","Strike_R","Strike_R","Defend_R","Defend_R","Defend_R","Defend_R","Bash","Metallicize+1","Jack Of All Trades+1","Dropkick","Power Through","Shrug It Off","Flame Barrier+1","Shrug It Off+1","Twin Strike","Barricade+1","Rampage","Body Slam","Anger","Flex","Feed","Armaments+1","Headbutt","Sword Boomerang","Iron Wave+1","Uppercut+1","Dramatic Entrance+1","Iron Wave","Warcry","Shrug It Off+1","Clothesline+1","Sword Boomerang+1","Inflame+1","Impervious","Feel No Pain+1"],"max_hp_per_floor":[80,80,80,80,80,80,90,90,90,90,90,90,90,95,95,95,95,95,95,95,95,95,95,95,95,95,95,95,95,95,95,95,98,98,98,98,98,98,98,101,101,101,101,101,101],"relics":["Burning Blood","Pear","Bronze Scales","Bottled Tornado","Sozu","War Paint","Toxic Egg","Mercury Hourglass","Astrolabe","Dodecahedron","Dream Catcher","Charon\u0027s Ashes"],"card_choices":[{"not_picked":["Iron Wave","True Grit"],"picked":"Metallicize"},{"not_picked":["Infernal Blade","Power Through"],"picked":"Dual Wield"},{"not_picked":["Shockwave","Combust"],"picked":"Power Through"},{"not_picked":["Clothesline","Thunderclap"],"picked":"Shrug It Off"},{"not_picked":["Pummel","Thunderclap"],"picked":"Flame Barrier"},{"not_picked":["Clash","Twin Strike"],"picked":"Shrug It Off"},{"not_picked":["Thunderclap","Warcry"],"picked":"Twin Strike"},{"not_picked":["Dark Embrace","Fiend Fire"],"picked":"Barricade"},{"not_picked":["Cleave","Hemokinesis"],"picked":"Rampage"},{"not_picked":["Clash","Burning Pact"],"picked":"Anger"},{"not_picked":["Twin Strike","True Grit"],"picked":"Flex"},{"not_picked":["True Grit","Burning Pact"],"picked":"Feed"},{"not_picked":["Pommel Strike","Cleave"],"picked":"Armaments"},{"not_picked":["Clash","Cleave"],"picked":"Sword Boomerang"},{"not_picked":["Shockwave","Flex"],"picked":"Iron Wave"},{"not_picked":["Brutality","Offering"],"picked":"Reaper"},{"not_picked":["Clothesline","Seeing Red"],"picked":"Iron Wave"},{"not_picked":["Cleave","Heavy Blade"],"picked":"Warcry"},{"not_picked":["Warcry","Berserk"],"picked":"Shrug It Off"},{"not_picked":["Dropkick","True Grit"],"picked":"Clothesline"},{"not_picked":["Clash","Clothesline"],"picked":"Sword Boomerang"},{"not_picked":["Iron Wave","Shrug It Off"],"picked":"Inflame"},{"not_picked":["Second Wind","Warcry"],"picked":"Feel No Pain"}],"player_experience":19843,"potions_floor_usage":[],"damage_taken":[{"damage":3.0,"enemies":"Jaw Worm","floor":1.0,"turns":5.0},{"damage":30.0,"enemies":"Gremlin Nob","floor":7.0,"turns":5.0},{"damage":32.0,"enemies":"3 Sentries","floor":10.0,"turns":7.0},{"damage":5.0,"enemies":"Blue Slaver","floor":11.0,"turns":3.0},{"damage":0.0,"enemies":"Small Slimes","floor":12.0,"turns":4.0},{"damage":0.0,"enemies":"2 Fungi Beasts","floor":13.0,"turns":5.0},{"damage":21.0,"enemies":"The Guardian","floor":16.0,"turns":12.0},{"damage":0.0,"enemies":"Chosen","floor":18.0,"turns":7.0},{"damage":10.0,"enemies":"2 Thieves","floor":20.0,"turns":4.0},{"damage":26.0,"enemies":"Slaver and Parasite","floor":21.0,"turns":7.0},{"damage":48.0,"enemies":"Slavers","floor":23.0,"turns":8.0},{"damage":5.0,"enemies":"Centurion and Healer","floor":25.0,"turns":11.0},{"damage":17.0,"enemies":"Snake Plant","floor":29.0,"turns":4.0},{"damage":9.0,"enemies":"Snecko","floor":30.0,"turns":6.0},{"damage":25.0,"enemies":"Automaton","floor":33.0,"turns":14.0},{"damage":14.0,"enemies":"3 Darklings","floor":35.0,"turns":7.0},{"damage":3.0,"enemies":"Orb Walker","floor":36.0,"turns":4.0},{"damage":0.0,"enemies":"Maw","floor":37.0,"turns":10.0},{"damage":10.0,"enemies":"4 Shapes","floor":38.0,"turns":4.0},{"damage":24.0,"enemies":"Sphere and 2 Shapes","floor":39.0,"turns":6.0},{"damage":64.0,"enemies":"2 Orb Walkers","floor":40.0,"turns":6.0},{"damage":46,"enemies":"Nemesis","floor":44,"turns":15},{"damage":11,"enemies":"3 Darklings","floor":46,"turns":3}],"event_choices":[{"event_name":"Match and Keep!","player_choice":"1 cards matched","floor":2.0,"damage_taken":0.0},{"event_name":"World of Goop","player_choice":"Gather Gold","floor":3.0,"damage_taken":0.0},{"event_name":"Golden Wing","player_choice":"Ignored","floor":4.0,"damage_taken":0.0},{"event_name":"Big Fish","player_choice":"Donut","floor":14.0,"damage_taken":0.0},{"event_name":"The Library","player_choice":"Read","floor":19.0,"damage_taken":0.0},{"event_name":"Vampires","player_choice":"Ignored","floor":22.0,"damage_taken":0.0},{"event_name":"Beggar","player_choice":"Ignored","floor":31.0,"damage_taken":0.0},{"event_name":"Transmorgrifier","player_choice":"Transform","floor":42,"damage_taken":0},{"event_name":"The Woman in Blue","player_choice":"Bought 0 Potions","floor":45,"damage_taken":0}],"boss_relics":[],"potions_floor_spawned":[1,11,13,20,21,29,30,33,36,37,40],"seed_played":"-5813394439526680610","killed_by":"3 Darklings","ascension_level":0,"is_trial":false}