{"gold_per_floor":[114,28,28,41,41,68,68,81,81,81,94,123,123,141,141,216,216,234,249,249,27,27,27,302,302],"floor_reached":25,"playtime":645,"items_purged":[],"score":468,"play_id":"655704e4-7a56-4a4d-8c49-9e94699aeee7","local_time":"20190326142447","is_ascension_mode":true,"campfire_choices":[{"data":"Defragment","floor":7,"key":"SMITH"},{"data":"Loop","floor":10,"key":"SMITH"},{"data":"Genetic Algorithm","floor":13,"key":"SMITH"},{"data":"Lockon","floor":15,"key":"SMITH"},{"data":"Recycle","floor":23,"key":"SMITH"}],"neow_cost":"NONE","seed_source_timestamp":156233915872700,"circlet_count":0,"master_deck":["AscendersBane","Strike_B","Strike_B","Strike_B","Defend_B","Defend_B","Defend_B","Zap","Dualcast","Recycle+1","Defragment+1","Lockon+1","Loop+1","Genetic Algorithm+1","Undo","Leap","Echo Form","Loop+1","Regret"],"relics":["Cracked Core","NeowsBlessing","FossilizedHelix","Emotion Chip","Blood Vial","Nuclear Battery","DollysMirror"],"potions_floor_usage":[16,18,25],"damage_taken":[{"damage":0,"enemies":"2 Louse","floor":1,"turns":1},{"damage":0,"enemies":"Cultist","floor":4,"turns":1},{"damage":0,"enemies":"Lagavulin","floor":6,"turns":1},{"damage":2,"enemies":"Jaw Worm","floor":8,"turns":3},{"damage":3,"enemies":"Large Slime","floor":11,"turns":5},{"damage":24,"enemies":"Gremlin Nob","floor":12,"turns":5},{"damage":0,"enemies":"Red Slaver","floor":14,"turns":4},{"damage":2,"enemies":"The Guardian","floor":16,"turns":8},{"damage":19,"enemies":"3 Byrds","floor":18,"turns":4},{"damage":12,"enemies":"Spheric Guardian","floor":19,"turns":6},{"damage":47,"enemies":"3 Cultists","floor":25,"turns":4}],"seed_played":"3330401678956212810","potions_obtained":[{"floor":1,"key":"Ancient Potion"},{"floor":4,"key":"FocusPotion"},{"floor":11,"key":"Dexterity Potion"},{"floor":16,"key":"Poison Potion"},{"floor":19,"key":"GamblersBrew"}],"is_trial":false,"path_per_floor":["M","$","?","M","?","E","R","M","T","R","M","E","R","M","R","B",null,"M","M","?","$","?","R","?","M"],"character_chosen":"DEFECT","items_purchased":["Defragment","DollysMirror"],"campfire_rested":0,"item_purchase_floors":[2,21],"current_hp_per_floor":[64,64,57,57,57,57,57,55,55,55,52,28,28,30,30,30,61,44,34,34,34,34,34,34,0],"gold":302,"neow_bonus":"THREE_ENEMY_KILL","is_prod":false,"is_daily":false,"chose_seed":false,"campfire_upgraded":5,"win_rate":0,"timestamp":1553577887,"path_taken":["M","$","?","M","?","E","R","M","T","R","M","E","R","M","R","BOSS","M","?","?","$","?","R","?","?"],"build_version":"2019-01-23","purchased_purges":0,"victory":false,"max_hp_per_floor":[71,71,71,71,71,71,71,71,71,71,71,71,71,71,71,71,71,71,71,71,71,71,71,71,71],"card_choices":[{"not_picked":["Turbo","Streamline"],"picked":"Recycle","floor":1},{"not_picked":["Hologram","Beam Cell"],"picked":"Lockon","floor":4},{"not_picked":["Storm","Beam Cell"],"picked":"Loop","floor":6},{"not_picked":["Beam Cell","Rebound"],"picked":"Genetic Algorithm","floor":8},{"not_picked":["Beam Cell","Stack"],"picked":"Undo","floor":11},{"not_picked":["Double Energy","Gash"],"picked":"Leap","floor":12},{"not_picked":["Streamline","Hello World","BootSequence"],"picked":"SKIP","floor":14},{"not_picked":["Rainbow","Multi-Cast"],"picked":"Echo Form","floor":16},{"not_picked":["Lockon","Steam","Rebound"],"picked":"SKIP","floor":18},{"not_picked":["Ball Lightning","Streamline","Turbo"],"picked":"SKIP","floor":19}],"player_experience":2601586,"relics_obtained":[{"floor":6,"key":"FossilizedHelix"},{"floor":9,"key":"Emotion Chip"},{"floor":12,"key":"Blood Vial"}],"event_choices":[{"cards_removed":["Strike_B"],"damage_healed":0,"gold_gain":0,"player_choice":"Card Removal","damage_taken":7,"max_hp_gain":0,"max_hp_loss":0,"event_name":"Golden Wing","floor":3,"gold_loss":0},{"cards_removed":["Defend_B"],"damage_healed":0,"gold_gain":0,"player_choice":"Purged","damage_taken":0,"max_hp_gain":0,"max_hp_loss":0,"event_name":"Purifier","floor":5,"gold_loss":0},{"damage_healed":0,"gold_gain":0,"player_choice":"Ignored","damage_taken":0,"max_hp_gain":0,"max_hp_loss":0,"event_name":"Beggar","floor":20,"gold_loss":0},{"damage_healed":0,"gold_gain":0,"player_choice":"Ignored","damage_taken":0,"max_hp_gain":0,"max_hp_loss":0,"event_name":"Vampires","floor":22,"gold_loss":0},{"damage_healed":0,"gold_gain":275,"player_choice":"Desecrate","damage_taken":0,"max_hp_gain":0,"max_hp_loss":0,"event_name":"Golden Shrine","floor":24,"gold_loss":0,"cards_obtained":["Regret"]}],"is_beta":false,"boss_relics":[{"not_picked":["Cursed Key","Orrery"],"picked":"Nuclear Battery"}],"items_purged_floors":[],"is_endless":false,"potions_floor_spawned":[1,4,11,14,16,19],"killed_by":"3 Cultists","ascension_level":20}