{"gold_per_floor":[110,130,205,205,224,224,256,8,31,31,31,43,62,82,82,155,155,166,166,177,191,191],"floor_reached":22,"playtime":1014,"items_purged":[],"score":357,"play_id":"c03f8f7d-4b37-43fe-aed1-d7106a6623c5","local_time":"20190312191741","is_ascension_mode":true,"campfire_choices":[{"floor":6.0,"key":"REST"},{"floor":10.0,"key":"REST"},{"floor":15.0,"key":"REST"}],"neow_cost":"NONE","seed_source_timestamp":612143850982189,"circlet_count":0,"master_deck":["AscendersBane","Strike_B","Strike_B","Strike_B","Defend_B","Defend_B","Defend_B","Zap","Dualcast","Auto Shields","Sunder","Cold Snap","Ball Lightning","Heatsinks","Capacitor","Defragment","Creative AI","Self Repair","Fission","Steam","Heatsinks","Force Field","Loop"],"special_seed":0,"relics":["Cracked Core","Strawberry","DataDisk","Lantern","Lizard Tail"],"potions_floor_usage":[20,20,20,21,22],"damage_taken":[{"damage":0.0,"enemies":"Small Slimes","floor":1.0,"turns":3.0},{"damage":0.0,"enemies":"2 Louse","floor":2.0,"turns":2.0},{"damage":0.0,"enemies":"Cultist","floor":5.0,"turns":4.0},{"damage":29.0,"enemies":"3 Sentries","floor":7.0,"turns":8.0},{"damage":0.0,"enemies":"Exordium Wildlife","floor":12.0,"turns":2.0},{"damage":0.0,"enemies":"Lots of Slimes","floor":13.0,"turns":3.0},{"damage":9.0,"enemies":"Blue Slaver","floor":14.0,"turns":3.0},{"damage":53.0,"enemies":"Slime Boss","floor":16.0,"turns":9.0},{"damage":54.0,"enemies":"3 Byrds","floor":18.0,"turns":6.0},{"damage":0,"enemies":"Spheric Guardian","floor":20,"turns":1},{"damage":43,"enemies":"Snake Plant","floor":21,"turns":6},{"damage":0,"enemies":"Centurion and Healer","floor":22,"turns":1}],"seed_played":"8913778993249235461","potions_obtained":[{"floor":7.0,"key":"Strength Potion"},{"floor":12.0,"key":"Poison Potion"},{"floor":13.0,"key":"Poison Potion"},{"floor":16.0,"key":"EntropicBrew"},{"floor":21,"key":"GamblersBrew"}],"is_trial":false,"path_per_floor":["M","M","?","$","M","R","E","$","T","R","?","M","M","M","R","B",null,"M","?","M","M","M"],"character_chosen":"DEFECT","items_purchased":["DataDisk","Capacitor"],"campfire_rested":3,"item_purchase_floors":[8,8],"current_hp_per_floor":[64,64,53,53,53,71,49,49,49,72,72,72,72,63,78,32,67,20,20,27,30,30],"gold":191,"neow_bonus":"THREE_CARDS","is_prod":false,"is_daily":false,"chose_seed":false,"campfire_upgraded":0,"win_rate":0,"timestamp":1552411061,"path_taken":["M","M","?","$","M","R","E","$","T","R","?","M","M","?","R","BOSS","M","?","M","?","M"],"build_version":"2019-01-23","purchased_purges":0,"victory":false,"max_hp_per_floor":[71,71,71,71,71,71,78,78,78,78,78,78,78,78,78,78,78,78,78,78,78,78],"card_choices":[{"not_picked":["Stack","Consume"],"picked":"Auto Shields","floor":0.0},{"not_picked":["Streamline","Double Energy"],"picked":"Sunder","floor":1.0},{"not_picked":["Gash","Double Energy"],"picked":"Cold Snap","floor":2.0},{"not_picked":["Redo","Conserve Battery"],"picked":"Ball Lightning","floor":5.0},{"not_picked":["Go for the Eyes","Coolheaded"],"picked":"Heatsinks","floor":7.0},{"not_picked":["Lockon","Coolheaded"],"picked":"Defragment","floor":12.0},{"not_picked":["Beam Cell","Turbo"],"picked":"Creative AI","floor":13.0},{"not_picked":["Redo","Stack"],"picked":"Self Repair","floor":14.0},{"not_picked":["Meteor Strike","Machine Learning"],"picked":"Fission","floor":16.0},{"not_picked":["Blizzard","Turbo"],"picked":"Steam","floor":18.0},{"not_picked":["Turbo","Leap"],"picked":"Force Field","floor":20},{"not_picked":["Sweeping Beam","Rebound"],"picked":"Loop","floor":21}],"player_experience":1086980,"relics_obtained":[{"floor":7.0,"key":"Strawberry"},{"floor":9.0,"key":"Lantern"}],"event_choices":[{"damage_healed":0.0,"max_hp_gain":0.0,"max_hp_loss":0.0,"gold_gain":75.0,"event_name":"World of Goop","player_choice":"Gather Gold","floor":3.0,"gold_loss":0.0,"damage_taken":11.0},{"cards_removed":["Strike_B"],"damage_healed":0.0,"max_hp_gain":0.0,"max_hp_loss":0.0,"gold_gain":0.0,"event_name":"Bonfire Elementals","player_choice":"Offered Basic","floor":11.0,"gold_loss":0.0,"damage_taken":0.0},{"damage_healed":0.0,"max_hp_gain":0.0,"max_hp_loss":0.0,"gold_gain":0.0,"cards_transformed":["Defend_B"],"event_name":"Transmorgrifier","player_choice":"Transformed","floor":19.0,"gold_loss":0.0,"damage_taken":0.0,"cards_obtained":["Heatsinks"]}],"is_beta":false,"boss_relics":[{"not_picked":["Runic Pyramid","Cursed Key"],"picked":"Lizard Tail"}],"items_purged_floors":[],"is_endless":false,"potions_floor_spawned":[7,12,13,16,21],"killed_by":"Centurion and Healer","ascension_level":18}