{"gold_per_floor":[112,131,131,131,131,131,151,206,206,239,252,252,279,294,294,294],"floor_reached":16,"playtime":634,"items_purged":[],"score":270,"play_id":"7a4c9da3-a19e-47ba-94ed-366dc45bb3de","local_time":"20190310143740","is_ascension_mode":true,"campfire_choices":[{"data":"Buffer","floor":6,"key":"SMITH"},{"floor":12,"key":"REST"},{"data":"Dualcast","floor":15,"key":"SMITH"}],"neow_cost":"NONE","seed_source_timestamp":101977426056500,"circlet_count":0,"master_deck":["AscendersBane","Strike_B","Strike_B","Strike_B","Strike_B","Defend_B","Defend_B","Defend_B","Defend_B","Zap+1","Dualcast+1","Reboot+1","Coolheaded","Buffer+1","Ball Lightning","Reboot+1","Steam+1","Recycle+1","Hologram+1"],"relics":["Cracked Core","Ginger","Boot","Toxic Egg 2","Ornamental Fan","Molten Egg 2"],"potions_floor_usage":[16,16],"damage_taken":[{"damage":1,"enemies":"Cultist","floor":1,"turns":3},{"damage":0,"enemies":"2 Louse","floor":2,"turns":2},{"damage":6,"enemies":"Small Slimes","floor":7,"turns":3},{"damage":14,"enemies":"3 Sentries","floor":8,"turns":8},{"damage":0,"enemies":"Lagavulin","floor":10,"turns":6},{"damage":0,"enemies":"Exordium Thugs","floor":11,"turns":3},{"damage":8,"enemies":"3 Sentries","floor":13,"turns":7},{"damage":8,"enemies":"Large Slime","floor":14,"turns":5},{"damage":19,"enemies":"Slime Boss","floor":16,"turns":8}],"seed_played":"6697786455456269619","potions_obtained":[{"floor":8,"key":"GamblersBrew"},{"floor":11,"key":"Swift Potion"}],"is_trial":false,"path_per_floor":["M","M","?","$","?","R","M","?","T","E","M","R","E","M","R","B"],"character_chosen":"DEFECT","items_purchased":[],"campfire_rested":1,"item_purchase_floors":[],"current_hp_per_floor":[63,63,58,58,37,37,31,17,17,17,17,38,30,22,22,3],"gold":294,"neow_bonus":"ONE_RANDOM_RARE_CARD","is_prod":false,"is_daily":false,"chose_seed":false,"campfire_upgraded":2,"win_rate":0,"timestamp":1552196260,"path_taken":["M","M","?","$","?","R","M","?","T","E","M","R","E","M","R","BOSS"],"build_version":"2019-01-23","purchased_purges":0,"victory":false,"max_hp_per_floor":[71,71,71,71,71,71,71,71,71,71,71,71,71,71,71,71],"card_choices":[{"not_picked":["Sweeping Beam","Ball Lightning"],"picked":"Coolheaded","floor":1},{"not_picked":["Barrage","Aggregate"],"picked":"Buffer","floor":2},{"not_picked":["Conserve Battery","Fusion"],"picked":"Ball Lightning","floor":7},{"not_picked":["Go for the Eyes","Streamline"],"picked":"Reboot+1","floor":10},{"not_picked":["Beam Cell","Compile Driver"],"picked":"Steam+1","floor":11},{"not_picked":["Static Discharge","Hyperbeam"],"picked":"Recycle+1","floor":13},{"not_picked":["Sweeping Beam+1","Storm"],"picked":"Hologram+1","floor":14}],"player_experience":2145806,"relics_obtained":[{"floor":8,"key":"Boot"},{"floor":9,"key":"Toxic Egg 2"},{"floor":10,"key":"Ornamental Fan"},{"floor":13,"key":"Molten Egg 2"}],"event_choices":[{"damage_healed":0,"gold_gain":0,"player_choice":"Success","damage_taken":5,"relics_obtained":["Ginger"],"max_hp_gain":0,"max_hp_loss":0,"event_name":"Scrap Ooze","floor":3,"gold_loss":0},{"damage_healed":0,"gold_gain":0,"player_choice":"Entered Light","damage_taken":21,"max_hp_gain":0,"max_hp_loss":0,"event_name":"Shining Light","floor":5,"gold_loss":0,"cards_upgraded":["Reboot","Zap"]},{"damage_healed":0,"gold_gain":30,"player_choice":"Searched \u00273\u0027 times","damage_taken":0,"max_hp_gain":0,"max_hp_loss":0,"event_name":"Dead Adventurer","floor":8,"gold_loss":0}],"is_beta":false,"boss_relics":[],"items_purged_floors":[],"is_endless":false,"potions_floor_spawned":[8,11,13,14],"killed_by":"Slime Boss","ascension_level":20}