{"gold_per_floor":[119,119,78,95,95,95,20,43,68,86,86,97,97,125,125,204,204,221,221,49,149,199,231,244,244,244,255,255,283,310,247,247,318,318,333,333,190,208,227,227,261,261,261,261,220,220,233,233,233,233,233,233,233,67,101,101],"floor_reached":57,"playtime":2606,"items_purged":["Strike_B","Defend_B","Strike_B"],"score":2728,"play_id":"a578be09-dffa-48c9-987b-39da79863d24","local_time":"20190413220729","is_ascension_mode":true,"campfire_choices":[{"floor":6,"key":"REST"},{"data":"Defragment","floor":11,"key":"SMITH"},{"data":"Loop","floor":13,"key":"SMITH"},{"data":"Coolheaded","floor":15,"key":"SMITH"},{"floor":25,"key":"REST"},{"floor":28,"key":"REST"},{"data":"Creative AI","floor":32,"key":"SMITH"},{"floor":40,"key":"RECALL"},{"data":"Loop","floor":42,"key":"SMITH"},{"data":"Loop","floor":49,"key":"SMITH"},{"data":"Creative AI","floor":53,"key":"SMITH"}],"neow_cost":"NONE","seed_source_timestamp":122124174527700,"circlet_count":0,"master_deck":["AscendersBane","Defend_B","Zap","Dualcast","Chill","Loop+1","Coolheaded+1","Conserve Battery+1","Defragment+1","Tempest+1","Cold Snap","Biased Cognition","Consume+1","Tempest+1","Turbo+1","Double Energy+1","Hologram+1","Self Repair","Creative AI+1","Cold Snap","Core Surge","Coolheaded+1","Amplify+1","Loop+1","Loop+1","Chill+1","Finesse+1","Madness+1","Recycle+1","Reinforced Body+1","Creative AI+1","Glacier+1"],"relics":["Runic Pyramid","Toxic Egg 2","Odd Mushroom","Orichalcum","Boot","Orrery","PreservedInsect","Calipers","Ornamental Fan","Bag of Preparation","Mummified Hand","MawBank","Runic Dome","Meat on the Bone","Centennial Puzzle"],"potions_floor_usage":[8,21,29,56],"damage_taken":[{"damage":0,"enemies":"Cultist","floor":1,"turns":4},{"damage":7,"enemies":"Jaw Worm","floor":4,"turns":6},{"damage":16,"enemies":"The Mushroom Lair","floor":8,"turns":6},{"damage":3,"enemies":"Small Slimes","floor":10,"turns":5},{"damage":1,"enemies":"2 Fungi Beasts","floor":12,"turns":4},{"damage":13,"enemies":"Gremlin Nob","floor":14,"turns":4},{"damage":8,"enemies":"Hexaghost","floor":16,"turns":12},{"damage":12,"enemies":"3 Byrds","floor":18,"turns":3},{"damage":15,"enemies":"Colosseum Slavers","floor":21,"turns":3},{"damage":2,"enemies":"Colosseum Nobs","floor":21,"turns":2},{"damage":28,"enemies":"Slavers","floor":23,"turns":4},{"damage":8,"enemies":"2 Thieves","floor":24,"turns":4},{"damage":0,"enemies":"Centurion and Healer","floor":27,"turns":4},{"damage":0,"enemies":"Book of Stabbing","floor":29,"turns":2},{"damage":0,"enemies":"Snecko","floor":30,"turns":4},{"damage":5,"enemies":"Champ","floor":33,"turns":9},{"damage":0,"enemies":"3 Darklings","floor":35,"turns":3},{"damage":0,"enemies":"Orb Walker","floor":38,"turns":4},{"damage":0,"enemies":"Spire Growth","floor":39,"turns":4},{"damage":0,"enemies":"Giant Head","floor":41,"turns":5},{"damage":6,"enemies":"Writhing Mass","floor":47,"turns":5},{"damage":24,"enemies":"Awakened One","floor":50,"turns":19},{"damage":24,"enemies":"Time Eater","floor":51,"turns":14},{"damage":0,"enemies":"Shield and Spear","floor":55,"turns":11},{"damage":23,"enemies":"The Heart","floor":56,"turns":9}],"seed_played":"-6349991796872371749","potions_obtained":[{"floor":4,"key":"FearPotion"},{"floor":14,"key":"AttackPotion"},{"floor":16,"key":"SteroidPotion"},{"floor":27,"key":"Explosive Potion"},{"floor":29,"key":"Fruit Juice"},{"floor":30,"key":"FearPotion"},{"floor":33,"key":"Energy Potion"},{"floor":41,"key":"SkillPotion"},{"floor":47,"key":"FocusPotion"}],"is_trial":false,"path_per_floor":["M","?","$","M","?","R","?","?","T","M","R","M","R","E","R","B",null,"M","?","$","?","?","E","M","R","T","M","R","E","M","$","R","B",null,"M","?","$","M","M","R","E","R","T","?","$","?","M","?","R","B","B",null,"R","$","E","B",null],"character_chosen":"DEFECT","items_purchased":["Loop","PreservedInsect","Loop","Recycle+1","Glacier+1"],"campfire_rested":3,"item_purchase_floors":[3,20,37,45,54],"current_hp_per_floor":[64,69,69,62,44,66,66,50,50,47,47,46,46,33,33,25,63,51,51,51,34,34,13,12,34,34,41,63,68,75,75,75,77,80,80,80,80,81,81,81,81,81,81,71,71,71,72,72,72,62,64,77,77,77,81,65],"gold":101,"neow_bonus":"BOSS_RELIC","is_prod":false,"is_daily":false,"chose_seed":false,"campfire_upgraded":7,"win_rate":0,"timestamp":1555160849,"path_taken":["M","?","$","M","?","R","?","?","T","M","R","M","R","E","R","BOSS","M","?","$","?","?","E","M","R","T","M","R","E","M","?","R","BOSS","M","?","$","M","M","R","E","R","T","?","$","?","?","?","R","BOSS","BOSS","R","$","E","BOSS"],"build_version":"2019-01-23","purchased_purges":3,"victory":true,"max_hp_per_floor":[71,76,76,76,76,76,76,76,76,76,76,76,76,76,76,76,76,76,76,76,76,76,76,76,76,76,76,76,81,81,81,81,81,81,81,81,81,81,81,81,81,81,81,81,81,81,81,81,81,81,81,81,81,81,81,81],"card_choices":[{"not_picked":["Turbo","Cold Snap"],"picked":"Chill","floor":1},{"not_picked":["Chaos","Compile Driver"],"picked":"Coolheaded","floor":4},{"not_picked":["Ball Lightning","Streamline"],"picked":"Conserve Battery+1","floor":8},{"not_picked":["Buffer","Coolheaded+1"],"picked":"Defragment","floor":10},{"not_picked":["FTL","Self Repair"],"picked":"Tempest+1","floor":12},{"not_picked":["Thunder Strike","Gash"],"picked":"Cold Snap","floor":14},{"not_picked":["Meteor Strike","Creative AI"],"picked":"Biased Cognition","floor":16},{"not_picked":["Conserve Battery+1","Storm"],"picked":"Consume+1","floor":17},{"not_picked":["Beam Cell","Static Discharge"],"picked":"Tempest+1","floor":17},{"not_picked":["Auto Shields+1","Storm"],"picked":"Turbo+1","floor":17},{"not_picked":["Stack+1","Glacier+1"],"picked":"Double Energy+1","floor":17},{"not_picked":["Beam Cell","Streamline"],"picked":"Hologram+1","floor":18},{"not_picked":["Barrage","Rebound"],"picked":"Cold Snap","floor":21},{"not_picked":["Ball Lightning","Hologram+1"],"picked":"Core Surge","floor":23},{"not_picked":["Compile Driver","Sweeping Beam","Go for the Eyes"],"picked":"SKIP","floor":24},{"not_picked":["Sweeping Beam+1","Compile Driver"],"picked":"Coolheaded+1","floor":27},{"not_picked":["Rebound","Thunder Strike","Lockon+1"],"picked":"SKIP","floor":29},{"not_picked":["Streamline","Hologram+1","Cold Snap"],"picked":"SKIP","floor":30},{"not_picked":["Reboot+1","Multi-Cast+1"],"picked":"Amplify+1","floor":33},{"not_picked":["Stack+1","Go for the Eyes"],"picked":"Loop","floor":35},{"not_picked":["Turbo+1","Compile Driver","Hologram+1"],"picked":"SKIP","floor":38},{"not_picked":["Reprogram+1","Sweeping Beam","Steam+1"],"picked":"SKIP","floor":39},{"not_picked":["Go for the Eyes","Rip and Tear"],"picked":"Chill+1","floor":41},{"not_picked":["Bandage Up+1","Chrysalis+1"],"picked":"Finesse+1","floor":44},{"not_picked":["Blind+1","Magnetism"],"picked":"Madness+1","floor":44},{"not_picked":["Auto Shields+1","White Noise+1"],"picked":"Reinforced Body+1","floor":47},{"not_picked":["Ball Lightning","Conserve Battery+1","Rebound"],"picked":"SKIP","floor":55}],"player_experience":3112863,"relics_obtained":[{"floor":8,"key":"Odd Mushroom"},{"floor":9,"key":"Orichalcum"},{"floor":14,"key":"Boot"},{"floor":21,"key":"Calipers"},{"floor":21,"key":"Ornamental Fan"},{"floor":23,"key":"Bag of Preparation"},{"floor":26,"key":"Mummified Hand"},{"floor":29,"key":"MawBank"},{"floor":41,"key":"Meat on the Bone"},{"floor":55,"key":"Centennial Puzzle"}],"event_choices":[{"damage_healed":0,"gold_gain":0,"player_choice":"Donut","damage_taken":0,"max_hp_gain":5,"max_hp_loss":0,"event_name":"Big Fish","floor":2,"gold_loss":0},{"damage_healed":0,"gold_gain":0,"player_choice":"Success","damage_taken":18,"relics_obtained":["Toxic Egg 2"],"max_hp_gain":0,"max_hp_loss":0,"event_name":"Scrap Ooze","floor":5,"gold_loss":0},{"cards_removed":["Strike_B"],"damage_healed":0,"gold_gain":0,"player_choice":"Card Removal","damage_taken":0,"max_hp_gain":0,"max_hp_loss":0,"event_name":"The Cleric","floor":7,"gold_loss":75},{"damage_healed":0,"gold_gain":0,"player_choice":"Fought Mushrooms","damage_taken":0,"max_hp_gain":0,"max_hp_loss":0,"event_name":"Mushrooms","floor":8,"gold_loss":0},{"damage_healed":0,"gold_gain":0,"cards_transformed":["Strike_B","Defend_B"],"player_choice":"Became Test Subject","damage_taken":0,"max_hp_gain":0,"max_hp_loss":0,"event_name":"Drug Dealer","floor":19,"gold_loss":0,"cards_obtained":["Self Repair","Creative AI"]},{"damage_healed":0,"gold_gain":0,"player_choice":"Fight","damage_taken":0,"max_hp_gain":0,"max_hp_loss":0,"event_name":"Colosseum","floor":21,"gold_loss":0},{"damage_healed":0,"gold_gain":0,"player_choice":"Fought Nobs","damage_taken":0,"max_hp_gain":0,"max_hp_loss":0,"event_name":"Colosseum","floor":21,"gold_loss":0},{"damage_healed":0,"gold_gain":50,"player_choice":"Stole From Cult","damage_taken":0,"max_hp_gain":0,"max_hp_loss":0,"event_name":"Nest","floor":22,"gold_loss":0},{"damage_healed":0,"gold_gain":0,"player_choice":"Ignored","damage_taken":0,"max_hp_gain":0,"max_hp_loss":0,"event_name":"Tomb of Lord Red Mask","floor":36,"gold_loss":0},{"damage_healed":0,"gold_gain":0,"player_choice":"Memory 3","damage_taken":10,"max_hp_gain":0,"max_hp_loss":0,"event_name":"SensoryStone","floor":44,"gold_loss":0},{"damage_healed":0,"gold_gain":0,"player_choice":"Ignored","damage_taken":0,"max_hp_gain":0,"max_hp_loss":0,"event_name":"SecretPortal","floor":46,"gold_loss":0},{"damage_healed":0,"gold_gain":0,"cards_transformed":["Defend_B"],"player_choice":"Transformed","damage_taken":0,"max_hp_gain":0,"max_hp_loss":0,"event_name":"Transmorgrifier","floor":48,"gold_loss":0,"cards_obtained":["Creative AI"]}],"is_beta":false,"boss_relics":[{"not_picked":["Cursed Key","Coffee Dripper"],"picked":"Orrery"},{"not_picked":["Eternal Feather","Velvet Choker"],"picked":"Runic Dome"}],"items_purged_floors":[31,37,54],"is_endless":false,"potions_floor_spawned":[4,14,16,21,27,29,30,33,38,41,47,55],"ascension_level":20}