{"gold_per_floor":[113,113,129,152,152,181,213,256,268,280,20,50,67,80,80,80],"floor_reached":16,"playtime":490,"items_purged":[],"score":290,"play_id":"78c3c4b2-6bb8-4f58-a2f7-86611fd3482a","local_time":"20190208113142","is_ascension_mode":true,"campfire_choices":[{"floor":10,"key":"DIG"},{"floor":15,"key":"DIG"}],"neow_cost":"NONE","seed_source_timestamp":235187839620100,"circlet_count":0,"master_deck":["AscendersBane","Strike_B+1","Strike_B+1","Strike_B","Strike_B+1","Defend_B","Defend_B","Defend_B","Defend_B","Zap","Dualcast","Ball Lightning","Gash+1","Coolheaded","Glacier","Glacier","Gash"],"relics":["Cracked Core","NeowsBlessing","Whetstone","MawBank","Shovel","Question Card","Ancient Tea Set","Medical Kit","Pantograph","Ornamental Fan"],"potions_floor_usage":[8,12,12],"damage_taken":[{"damage":0,"enemies":"Jaw Worm","floor":1,"turns":1},{"damage":0,"enemies":"2 Louse","floor":3,"turns":1},{"damage":0,"enemies":"Lagavulin","floor":6,"turns":1},{"damage":0,"enemies":"Cultist","floor":7,"turns":2},{"damage":17,"enemies":"3 Sentries","floor":8,"turns":6},{"damage":9,"enemies":"Gremlin Nob","floor":12,"turns":3},{"damage":0,"enemies":"2 Fungi Beasts","floor":13,"turns":4},{"damage":8,"enemies":"Lots of Slimes","floor":14,"turns":5},{"damage":32,"enemies":"Slime Boss","floor":16,"turns":10}],"seed_played":"4146970978971516810","potions_obtained":[{"floor":3,"key":"AttackPotion"},{"floor":7,"key":"FearPotion"},{"floor":14,"key":"Ancient Potion"}],"is_trial":false,"path_per_floor":["M","?","M","T","?","E","M","E","T","R","$","E","M","M","R","B"],"character_chosen":"DEFECT","items_purchased":["Medical Kit","PowerPotion"],"campfire_rested":0,"item_purchase_floors":[11,11],"current_hp_per_floor":[64,43,43,43,43,43,43,26,26,26,26,17,17,9,9,2],"gold":80,"neow_bonus":"THREE_ENEMY_KILL","is_prod":false,"is_daily":false,"chose_seed":false,"campfire_upgraded":0,"win_rate":0,"timestamp":1549593102,"path_taken":["M","?","M","?","?","E","M","E","T","R","$","E","M","M","R","BOSS"],"build_version":"2019-01-23","purchased_purges":0,"victory":false,"max_hp_per_floor":[71,71,71,71,71,71,71,71,71,71,71,71,71,71,71,71],"card_choices":[{"not_picked":["Heatsinks","Steam Power"],"picked":"Ball Lightning","floor":1},{"not_picked":["Blizzard","Lockon"],"picked":"Gash","floor":3},{"not_picked":["Fusion","Leap","Hello World"],"picked":"SKIP","floor":6},{"not_picked":["Auto Shields","Sweeping Beam"],"picked":"Coolheaded","floor":7},{"not_picked":["Hello World","Sweeping Beam","Redo"],"picked":"SKIP","floor":8},{"not_picked":["Hello World","Sweeping Beam","Redo"],"picked":"SKIP","floor":8},{"not_picked":["Gash","Sweeping Beam","Coolheaded"],"picked":"Glacier","floor":12},{"not_picked":["Beam Cell","Turbo","Loop"],"picked":"Glacier","floor":13},{"not_picked":["Leap","Reinforced Body","Lockon"],"picked":"Gash","floor":14}],"player_experience":1452800,"relics_obtained":[{"floor":4,"key":"Whetstone"},{"floor":6,"key":"MawBank"},{"floor":8,"key":"Shovel"},{"floor":9,"key":"Question Card"},{"floor":10,"key":"Ancient Tea Set"},{"floor":12,"key":"Pantograph"},{"floor":15,"key":"Ornamental Fan"}],"event_choices":[{"damage_healed":0,"gold_gain":0,"player_choice":"Entered Light","damage_taken":21,"max_hp_gain":0,"max_hp_loss":0,"event_name":"Shining Light","floor":2,"gold_loss":0,"cards_upgraded":["Strike_B","Strike_B"]},{"damage_healed":0,"gold_gain":0,"player_choice":"Ignored","damage_taken":0,"max_hp_gain":0,"max_hp_loss":0,"event_name":"Liars Game","floor":5,"gold_loss":0}],"is_beta":false,"boss_relics":[],"items_purged_floors":[],"is_endless":false,"potions_floor_spawned":[3,7,14],"killed_by":"Slime Boss","ascension_level":20}