{"gold_per_floor":[119,194,205,217,217,248,259,259,259,16,16,43,62,62,62,133,133,153,53,53,45,45,45,70,70,122,150,25,37,37],"floor_reached":30,"playtime":857,"items_purged":["Regret","Decay","Regret"],"score":552,"play_id":"9ba2c2e1-4ae1-4c4a-8db1-3a0276a8233d","local_time":"20190317181903","is_ascension_mode":true,"campfire_choices":[{"floor":8,"key":"REST"},{"data":"Consume","floor":15,"key":"SMITH"},{"floor":23,"key":"REST"}],"neow_cost":"NONE","seed_source_timestamp":26439421521200,"circlet_count":0,"master_deck":["AscendersBane","Strike_B","Strike_B","Strike_B","Strike_B","Defend_B","Defend_B","Defend_B","Defend_B","Zap+1","Dualcast","Cold Snap","Ball Lightning","Cold Snap","Leap","Loop","Creative AI","Consume+1","Biased Cognition","Cold Snap","Glacier+1","Seek","Capacitor+1","Heatsinks+1"],"relics":["Cursed Key","Gremlin Horn","Cables","Bag of Preparation","Question Card","Lantern","Runic Dome","Nilry\u0027s Codex","Frozen Egg 2","Shuriken"],"potions_floor_usage":[6,21,29,30],"damage_taken":[{"damage":7,"enemies":"Small Slimes","floor":1,"turns":4},{"damage":4,"enemies":"2 Louse","floor":3,"turns":2},{"damage":0,"enemies":"Cultist","floor":4,"turns":3},{"damage":22,"enemies":"Gremlin Nob","floor":6,"turns":4},{"damage":0,"enemies":"Red Slaver","floor":7,"turns":3},{"damage":7,"enemies":"3 Sentries","floor":12,"turns":6},{"damage":0,"enemies":"Large Slime","floor":13,"turns":4},{"damage":2,"enemies":"Slime Boss","floor":16,"turns":6},{"damage":0,"enemies":"Spheric Guardian","floor":18,"turns":4},{"damage":11,"enemies":"2 Thieves","floor":21,"turns":4},{"damage":14,"enemies":"Book of Stabbing","floor":24,"turns":5},{"damage":28,"enemies":"Slavers","floor":27,"turns":7},{"damage":1,"enemies":"Chosen and Byrds","floor":29,"turns":5},{"damage":7,"enemies":"Centurion and Healer","floor":30,"turns":1}],"seed_played":"-1671215358261645824","potions_obtained":[{"floor":3,"key":"Strength Potion"},{"floor":6,"key":"FocusPotion"},{"floor":7,"key":"Block Potion"},{"floor":24,"key":"SneckoOil"},{"floor":25,"key":"Swift Potion"},{"floor":29,"key":"EssenceOfSteel"}],"is_trial":false,"path_per_floor":["M","?","M","M","?","E","M","R","T","$","T","E","M","?","R","B",null,"M","$","?","M","?","R","E","?","T","E","$","M","M"],"character_chosen":"DEFECT","items_purchased":["Bag of Preparation"],"campfire_rested":2,"item_purchase_floors":[10],"current_hp_per_floor":[57,46,42,42,42,20,20,41,41,41,41,34,34,34,34,32,61,61,61,61,50,29,50,36,36,36,8,8,7,0],"gold":37,"neow_bonus":"BOSS_RELIC","is_prod":false,"is_daily":false,"chose_seed":false,"campfire_upgraded":1,"win_rate":0,"timestamp":1552814343,"path_taken":["M","?","M","M","?","E","?","R","T","$","?","E","M","?","R","BOSS","M","$","?","M","?","R","E","?","T","E","$","M","M"],"build_version":"2019-01-23","purchased_purges":3,"victory":false,"max_hp_per_floor":[71,71,71,71,71,71,71,71,71,71,71,71,71,71,71,71,71,71,71,71,71,71,71,71,71,71,71,71,71,71],"card_choices":[{"not_picked":["Streamline","Chill"],"picked":"Cold Snap","floor":1},{"not_picked":["Barrage","Steam Power"],"picked":"Ball Lightning","floor":3},{"not_picked":["Rip and Tear","Chill"],"picked":"Cold Snap","floor":4},{"not_picked":["Steam","Reprogram"],"picked":"Leap","floor":6},{"not_picked":["Darkness","Compile Driver"],"picked":"Loop","floor":7},{"not_picked":["Defragment","Scrape","Stack"],"picked":"Creative AI","floor":12},{"not_picked":["Beam Cell","Streamline","Barrage"],"picked":"Consume","floor":13},{"not_picked":["Core Surge","Thunder Strike","Buffer"],"picked":"Biased Cognition","floor":16},{"not_picked":["Steam Power","Melter","Sunder"],"picked":"Cold Snap","floor":18},{"not_picked":["Gash","Ball Lightning","Hologram"],"picked":"Glacier+1","floor":21},{"not_picked":["Steam","Ball Lightning","Go for the Eyes"],"picked":"Seek","floor":24},{"not_picked":["Beam Cell+1","Go for the Eyes","Compile Driver"],"picked":"Capacitor+1","floor":27},{"not_picked":["Undo","Glacier","Streamline"],"picked":"Heatsinks+1","floor":29}],"player_experience":2323213,"relics_obtained":[{"floor":6,"key":"Gremlin Horn"},{"floor":9,"key":"Cables"},{"floor":11,"key":"Question Card"},{"floor":12,"key":"Lantern"},{"floor":22,"key":"Nilry\u0027s Codex"},{"floor":24,"key":"Frozen Egg 2"},{"floor":27,"key":"Shuriken"}],"event_choices":[{"damage_healed":0,"gold_gain":75,"player_choice":"Gather Gold","damage_taken":11,"max_hp_gain":0,"max_hp_loss":0,"event_name":"World of Goop","floor":2,"gold_loss":0},{"damage_healed":0,"gold_gain":0,"player_choice":"Upgraded","damage_taken":0,"max_hp_gain":0,"max_hp_loss":0,"event_name":"Upgrade Shrine","floor":5,"gold_loss":0,"cards_upgraded":["Zap"]},{"damage_healed":0,"gold_gain":0,"player_choice":"Ignored","damage_taken":0,"max_hp_gain":0,"max_hp_loss":0,"event_name":"Liars Game","floor":14,"gold_loss":0},{"damage_healed":0,"gold_gain":0,"player_choice":"Ignored","damage_taken":0,"max_hp_gain":0,"max_hp_loss":0,"event_name":"Beggar","floor":20,"gold_loss":0},{"damage_healed":0,"gold_gain":0,"player_choice":"Obtained Book","damage_taken":21,"max_hp_gain":0,"max_hp_loss":0,"event_name":"Cursed Tome","floor":22,"gold_loss":0},{"damage_healed":0,"gold_gain":0,"player_choice":"Got Potions","damage_taken":0,"max_hp_gain":0,"max_hp_loss":0,"event_name":"Lab","floor":25,"gold_loss":0}],"is_beta":false,"boss_relics":[{"not_picked":["Coffee Dripper","Black Star"],"picked":"Runic Dome"}],"items_purged_floors":[10,19,28],"is_endless":false,"potions_floor_spawned":[3,6,7,16,24,29],"killed_by":"Centurion and Healer","ascension_level":20}