{"gold_per_floor":[119,269,288,288,342,354,386,386,410,428,428,445,445,459,459,532,532,548,52,52,66,83,83,98,116,170,170,182,182,48,60,60,135,135,145,420,86,86,103,103,120,120],"floor_reached":42,"playtime":1805,"items_purged":["Regret"],"score":854,"play_id":"99935304-033c-41d9-93e8-48a984f98bf4","local_time":"20190226164014","is_ascension_mode":true,"campfire_choices":[{"data":"Defragment","floor":8,"key":"SMITH"},{"floor":11,"key":"REST"},{"data":"Loop","floor":15,"key":"SMITH"},{"data":"Defragment","floor":23,"key":"SMITH"},{"floor":27,"key":"REST"},{"data":"Buffer","floor":29,"key":"SMITH"},{"data":"Discovery","floor":32,"key":"SMITH"},{"data":"Turbo","floor":40,"key":"SMITH"}],"neow_cost":"NONE","seed_source_timestamp":27739883400400,"circlet_count":0,"master_deck":["AscendersBane","Strike_B","Strike_B","Strike_B","Defend_B","Defend_B","Defend_B","Zap","Dualcast","Gash","Beam Cell","Defragment+1","Capacitor","BootSequence","Gash","Loop+1","Glacier","Defragment+1","Conserve Battery","Buffer+1","Capacitor","Coolheaded+1","Turbo+1","Discovery+1","Coolheaded","Hologram","Echo Form","Coolheaded+1","Fusion"],"relics":["Cracked Core","Pen Nib","PreservedInsect","Runic Pyramid","Torii","Nloth\u0027s Gift","Potion Belt","Sozu","Lee\u0027s Waffle"],"potions_floor_usage":[16,16,25,33,33,42],"damage_taken":[{"damage":0,"enemies":"Small Slimes","floor":1,"turns":1},{"damage":0,"enemies":"2 Louse","floor":3,"turns":1},{"damage":0,"enemies":"Jaw Worm","floor":6,"turns":1},{"damage":30,"enemies":"Lagavulin","floor":7,"turns":7},{"damage":23,"enemies":"Exordium Wildlife","floor":10,"turns":4},{"damage":4,"enemies":"2 Fungi Beasts","floor":12,"turns":3},{"damage":0,"enemies":"Red Slaver","floor":14,"turns":4},{"damage":4,"enemies":"Hexaghost","floor":16,"turns":7},{"damage":10,"enemies":"Spheric Guardian","floor":18,"turns":4},{"damage":10,"enemies":"3 Byrds","floor":21,"turns":5},{"damage":1,"enemies":"Centurion and Healer","floor":22,"turns":9},{"damage":11,"enemies":"Snake Plant","floor":24,"turns":7},{"damage":10,"enemies":"Shelled Parasite and Fungi","floor":25,"turns":9},{"damage":1,"enemies":"Centurion and Healer","floor":28,"turns":8},{"damage":26,"enemies":"Snake Plant","floor":31,"turns":5},{"damage":1,"enemies":"Collector","floor":33,"turns":14},{"damage":9,"enemies":"Orb Walker","floor":35,"turns":6},{"damage":1,"enemies":"3 Shapes","floor":39,"turns":8},{"damage":0,"enemies":"Writhing Mass","floor":41,"turns":11},{"damage":70,"enemies":"Reptomancer","floor":42,"turns":4}],"seed_played":"8724171022980398529","potions_obtained":[{"floor":7,"key":"PowerPotion"},{"floor":12,"key":"SteroidPotion"},{"floor":24,"key":"Dexterity Potion"},{"floor":25,"key":"AttackPotion"},{"floor":28,"key":"PowerPotion"},{"floor":33,"key":"Block Potion"}],"is_trial":false,"path_per_floor":["M","?","M","?","T","M","E","R","T","M","R","M","?","M","R","B",null,"M","$","?","M","M","R","M","M","T","R","M","R","$","M","R","B",null,"M","?","$","?","M","R","M","E"],"character_chosen":"DEFECT","items_purchased":["Glacier","Defragment","Torii","Discovery","Coolheaded","Lee\u0027s Waffle","Fusion"],"campfire_rested":2,"item_purchase_floors":[19,19,19,30,30,37,37],"current_hp_per_floor":[64,64,64,64,64,64,34,34,34,11,32,28,21,21,21,17,58,48,48,48,38,37,37,26,16,16,37,36,36,36,10,10,9,56,47,47,78,78,77,77,77,7],"gold":120,"neow_bonus":"THREE_ENEMY_KILL","is_prod":false,"is_daily":false,"chose_seed":false,"campfire_upgraded":6,"win_rate":0,"timestamp":1551166814,"path_taken":["M","?","M","?","?","?","E","R","T","M","R","M","?","M","R","BOSS","M","$","?","?","M","R","M","M","T","R","M","R","?","M","R","BOSS","M","?","$","?","M","R","M","E"],"build_version":"2019-01-23","purchased_purges":1,"victory":false,"max_hp_per_floor":[71,71,71,71,71,71,71,71,71,71,71,71,71,71,71,71,71,71,71,71,71,71,71,71,71,71,71,71,71,71,71,71,71,71,71,71,78,78,78,78,78,78],"card_choices":[{"not_picked":["Sweeping Beam","Darkness"],"picked":"Gash","floor":1},{"not_picked":["Leap","Conserve Battery"],"picked":"Beam Cell","floor":3},{"not_picked":["Aggregate","Stack"],"picked":"Defragment","floor":6},{"not_picked":["Hologram","Auto Shields"],"picked":"Capacitor","floor":7},{"not_picked":["Rainbow","Compile Driver"],"picked":"BootSequence","floor":10},{"not_picked":["Stack","Ball Lightning"],"picked":"Gash","floor":12},{"not_picked":["Reinforced Body","Redo"],"picked":"Loop","floor":14},{"not_picked":["Streamline","Beam Cell","Stack"],"picked":"SKIP","floor":18},{"not_picked":["Beam Cell","Sweeping Beam"],"picked":"Conserve Battery","floor":21},{"not_picked":["Go for the Eyes","Hello World"],"picked":"Buffer","floor":22},{"not_picked":["Recycle","Chaos"],"picked":"Capacitor","floor":24},{"not_picked":["Rebound+1","Lockon"],"picked":"Coolheaded+1","floor":25},{"not_picked":["Coolheaded","Go for the Eyes"],"picked":"Turbo","floor":28},{"not_picked":["Steam","Turbo"],"picked":"Hologram","floor":31},{"not_picked":["Multi-Cast","Rainbow"],"picked":"Echo Form","floor":33},{"not_picked":["Steam","Meteor Strike"],"picked":"Coolheaded+1","floor":35},{"not_picked":["Sweeping Beam","Coolheaded","Rebound"],"picked":"SKIP","floor":39},{"not_picked":["Aggregate","Steam","Conserve Battery"],"picked":"SKIP","floor":41}],"player_experience":1841492,"relics_obtained":[{"floor":7,"key":"Pen Nib"},{"floor":9,"key":"PreservedInsect"},{"floor":26,"key":"Potion Belt"}],"event_choices":[{"damage_healed":0,"gold_gain":150,"player_choice":"AGREE","damage_taken":0,"max_hp_gain":0,"max_hp_loss":0,"event_name":"Liars Game","floor":2,"gold_loss":0,"cards_obtained":["Doubt"]},{"cards_removed":["Doubt"],"damage_healed":0,"gold_gain":0,"player_choice":"Forget","damage_taken":0,"max_hp_gain":0,"max_hp_loss":0,"event_name":"Living Wall","floor":4,"gold_loss":0},{"cards_removed":["Strike_B"],"damage_healed":0,"gold_gain":0,"player_choice":"Card Removal","damage_taken":7,"max_hp_gain":0,"max_hp_loss":0,"event_name":"Golden Wing","floor":13,"gold_loss":0},{"damage_healed":0,"gold_gain":0,"player_choice":"Traded Relic","damage_taken":0,"relics_obtained":["Nloth\u0027s Gift"],"max_hp_gain":0,"max_hp_loss":0,"event_name":"N\u0027loth","floor":20,"relics_lost":["NeowsBlessing"],"gold_loss":0},{"damage_healed":0,"gold_gain":275,"player_choice":"Desecrate","damage_taken":0,"max_hp_gain":0,"max_hp_loss":0,"event_name":"Golden Shrine","floor":36,"gold_loss":0,"cards_obtained":["Regret"]},{"cards_removed":["Defend_B"],"damage_healed":0,"gold_gain":0,"player_choice":"Removed Skill","damage_taken":0,"max_hp_gain":0,"max_hp_loss":0,"event_name":"Falling","floor":38,"gold_loss":0}],"is_beta":false,"boss_relics":[{"not_picked":["Black Star","Ectoplasm"],"picked":"Runic Pyramid"},{"not_picked":["Empty Cage","Pandora\u0027s Box"],"picked":"Sozu"}],"items_purged_floors":[37],"is_endless":false,"potions_floor_spawned":[7,12,24,25,28,33,41],"killed_by":"Reptomancer","ascension_level":20}