{"path_per_floor":["M","?","M","M","M","R","?","R","T","R","M","M","M","M","R","B",null,"M","$","?","?","$","R","M","R","T","?","R","M"],"character_chosen":"DEFECT","items_purchased":["Bottled Tornado","Capacitor"],"gold_per_floor":[113,113,131,147,163,163,163,163,163,163,184,199,214,239,239,364,364,377,74,74,74,74,74,95,95,95,95,95,118,118],"floor_reached":30,"campfire_rested":0,"playtime":1467,"current_hp_per_floor":[72,54,50,42,39,39,32,32,32,32,31,18,28,31,31,41,75,61,61,61,61,61,61,57,57,57,57,57,45,0],"items_purged":[],"gold":118,"score":286,"play_id":"05c729bc-ef58-41b4-9523-2e81b6fa83fc","local_time":"20180430140453","is_prod":false,"is_daily":false,"chose_seed":false,"is_ascension_mode":true,"campfire_upgraded":7,"timestamp":1525068293,"path_taken":["M","?","M","M","M","R","?","R","T","R","?","M","M","?","R","BOSS","M","$","?","?","?","R","M","R","T","?","R","?","E"],"build_version":"2018-04-27v3","seed_source_timestamp":274550747622420,"purchased_purges":1,"victory":false,"master_deck":["Zap+1","Dualcast","Capacitor+1","Heatsinks","Self Repair+1","Ball Lightning","Loop+1","Static Discharge+1","Barrage","Buffer","Coolheaded","Fusion+1","Stack","Chill","Axe Kick","Doom and Gloom","Leap","Stack","Skim","Impulse","Capacitor","Storm+1","Capacitor","Writhe","Self Repair"],"max_hp_per_floor":[75,75,75,75,75,75,75,75,75,75,75,75,75,75,75,75,75,75,75,75,75,75,75,75,75,75,75,75,75,75],"relics":["Cracked Core","Golden Idol","Bottled Lightning","Pandora\u0027s Box","Bottled Tornado","Matryoshka","Du-Vu Doll"],"card_choices":[{"not_picked":["Hello World","Cold Snap"],"picked":"Capacitor","floor":0},{"not_picked":["Blizzard","Capacitor"],"picked":"Heatsinks","floor":1},{"not_picked":["Cold Snap","Sweeping Beam"],"picked":"Self Repair","floor":3},{"not_picked":["Streamline","Skim"],"picked":"Ball Lightning","floor":4},{"not_picked":["Rip and Tear","Stack"],"picked":"Loop","floor":5},{"not_picked":["Go for the Eyes","Multi-Cast"],"picked":"Static Discharge","floor":11},{"not_picked":["Blaster","Ball Lightning"],"picked":"Barrage","floor":12},{"not_picked":["Capacitor","Skim"],"picked":"Buffer","floor":13},{"not_picked":["Reprogram","Rip and Tear"],"picked":"Coolheaded","floor":14},{"not_picked":["Prime","Seek"],"picked":"Fusion","floor":16},{"not_picked":["Go for the Eyes","Streamline"],"picked":"Impulse","floor":18},{"not_picked":["Chill","Aggregate"],"picked":"Capacitor","floor":24},{"not_picked":["Tempest","Leap"],"picked":"Self Repair","floor":29}],"player_experience":290113,"potions_floor_usage":[11,29,30],"damage_taken":[{"damage":3,"enemies":"Jaw Worm","floor":1,"turns":4},{"damage":4,"enemies":"2 Louse","floor":3,"turns":4},{"damage":15,"enemies":"Small Slimes","floor":4,"turns":4},{"damage":10,"enemies":"Looter","floor":5,"turns":4},{"damage":11,"enemies":"3 Louse","floor":11,"turns":2},{"damage":23,"enemies":"Blue Slaver","floor":12,"turns":5},{"damage":0,"enemies":"Large Slime","floor":13,"turns":4},{"damage":7,"enemies":"Exordium Wildlife","floor":14,"turns":5},{"damage":0,"enemies":"Slime Boss","floor":16,"turns":9},{"damage":24,"enemies":"2 Thieves","floor":18,"turns":3},{"damage":14,"enemies":"Shell Parasite","floor":24,"turns":5},{"damage":28,"enemies":"Snake Plant","floor":29,"turns":2},{"damage":48,"enemies":"Slavers","floor":30,"turns":3}],"event_choices":[{"event_name":"Golden Idol","player_choice":"Take Damage","floor":2,"damage_taken":0},{"event_name":"Golden Wing","player_choice":"Card Removal","floor":7,"damage_taken":0},{"event_name":"Ghosts","player_choice":"Ignored","floor":20,"damage_taken":0},{"event_name":"The Library","player_choice":"Read","floor":21,"damage_taken":0},{"event_name":"The Mausoleum","player_choice":"Yes","floor":27,"damage_taken":0}],"boss_relics":[{"not_picked":["Snecko Eye","Velvet Choker"],"picked":"Pandora\u0027s Box"}],"potions_floor_spawned":[1,5,11,14,29],"seed_played":"8430051640520761790","killed_by":"Slavers","ascension_level":1,"is_trial":false}