{"gold_per_floor":[115,125,125,125,400,435,98,108,131,163,163,163,163,181,181,257,257],"floor_reached":17,"playtime":408,"items_purged":["Regret"],"score":376,"play_id":"a71fcca2-5c46-430b-b0a7-3d279e58e1a6","local_time":"20190419215158","is_ascension_mode":true,"campfire_choices":[{"data":"Bash","floor":11,"key":"SMITH"},{"data":"Pommel Strike","floor":15,"key":"SMITH"}],"neow_cost":"NONE","seed_source_timestamp":323737872834600,"circlet_count":0,"master_deck":["AscendersBane","Bash+1","Pommel Strike+1","Double Tap","Corruption","Impervious","Reaper","Ghostly Armor","Barricade"],"relics":["Burning Blood","NeowsBlessing","PreservedInsect","Meat on the Bone","Juzu Bracelet","Kunai","Pandora\u0027s Box"],"potions_floor_usage":[14,16],"damage_taken":[{"damage":0,"enemies":"Jaw Worm","floor":1,"turns":1},{"damage":0,"enemies":"2 Louse","floor":2,"turns":1},{"damage":0,"enemies":"Gremlin Nob","floor":6,"turns":1},{"damage":6,"enemies":"Cultist","floor":8,"turns":3},{"damage":25,"enemies":"Lagavulin","floor":10,"turns":6},{"damage":13,"enemies":"3 Louse","floor":14,"turns":2},{"damage":85,"enemies":"Slime Boss","floor":16,"turns":15}],"seed_played":"3920306833912116477","potions_obtained":[{"floor":2,"key":"SteroidPotion"},{"floor":10,"key":"Regen Potion"},{"floor":14,"key":"LiquidBronze"}],"is_trial":false,"path_per_floor":["M","M","?","?","?","E","$","M","T","E","R","?","?","M","R","B",null],"character_chosen":"IRONCLAD","items_purchased":["Meat on the Bone"],"campfire_rested":0,"item_purchase_floors":[7],"current_hp_per_floor":[74,75,80,73,73,79,79,79,79,60,60,60,60,71,71,23,23],"gold":257,"neow_bonus":"THREE_ENEMY_KILL","is_prod":false,"is_daily":false,"chose_seed":false,"campfire_upgraded":2,"win_rate":0,"timestamp":1555678318,"path_taken":["M","M","?","?","?","E","$","M","T","E","R","?","?","M","R","BOSS"],"build_version":"2019-01-23","purchased_purges":1,"victory":false,"max_hp_per_floor":[75,75,80,80,80,80,80,80,80,80,80,80,80,80,80,80,80],"card_choices":[{"not_picked":["Armaments","Twin Strike"],"picked":"Pommel Strike","floor":1},{"not_picked":["Thunderclap","Hemokinesis"],"picked":"Double Tap","floor":2},{"not_picked":["Metallicize","Anger","Havoc"],"picked":"SKIP","floor":6},{"not_picked":["Thunderclap","Dark Embrace"],"picked":"Corruption","floor":8},{"not_picked":["Reckless Charge","Hemokinesis"],"picked":"Impervious","floor":10},{"not_picked":["Power Through","Iron Wave"],"picked":"Ghostly Armor","floor":14},{"not_picked":["Berserk","Double Tap"],"picked":"Barricade","floor":16}],"player_experience":3239874,"relics_obtained":[{"floor":6,"key":"PreservedInsect"},{"floor":9,"key":"Juzu Bracelet"},{"floor":10,"key":"Kunai"}],"event_choices":[{"damage_healed":0,"gold_gain":0,"player_choice":"Donut","damage_taken":0,"max_hp_gain":5,"max_hp_loss":0,"event_name":"Big Fish","floor":3,"gold_loss":0},{"cards_removed":["Strike_R"],"damage_healed":0,"gold_gain":0,"player_choice":"Card Removal","damage_taken":7,"max_hp_gain":0,"max_hp_loss":0,"event_name":"Golden Wing","floor":4,"gold_loss":0},{"damage_healed":0,"gold_gain":275,"player_choice":"Desecrate","damage_taken":0,"max_hp_gain":0,"max_hp_loss":0,"event_name":"Golden Shrine","floor":5,"gold_loss":0,"cards_obtained":["Regret"]},{"damage_healed":0,"gold_gain":0,"player_choice":"Ignored","damage_taken":0,"max_hp_gain":0,"max_hp_loss":0,"event_name":"Liars Game","floor":12,"gold_loss":0},{"damage_healed":0,"gold_gain":0,"player_choice":"1 cards matched","damage_taken":0,"max_hp_gain":0,"max_hp_loss":0,"event_name":"Match and Keep!","floor":13,"gold_loss":0,"cards_obtained":["Reaper"]}],"is_beta":false,"boss_relics":[{"not_picked":["Philosopher\u0027s Stone","Runic Cube"],"picked":"Pandora\u0027s Box"}],"items_purged_floors":[7],"is_endless":false,"potions_floor_spawned":[2,10,14],"ascension_level":20}