{"gold_per_floor":[218,232,232,248,320,377,389,389,389,423,439,454,500,269,269,367,367,384,395,41,41,57,57,67,77,151,162,162,162,178,194,194,299,299,311,662,679,23,23,51,63,78,126,71,71,29,39,0,0,0],"floor_reached":51,"playtime":4857,"items_purged":[],"score":1165,"play_id":"f4784294-c6b4-4fe8-becb-6791baa4b0ed","local_time":"20190409193152","is_ascension_mode":true,"campfire_choices":[{"data":"Spot Weakness","floor":8,"key":"SMITH"},{"floor":15,"key":"REST"},{"floor":23,"key":"REST"},{"floor":29,"key":"REST"},{"data":"Dark Embrace","floor":32,"key":"SMITH"},{"data":"1","floor":45,"key":"LIFT"},{"data":"2","floor":49,"key":"LIFT"}],"neow_cost":"NONE","seed_source_timestamp":877448941994,"circlet_count":0,"master_deck":["AscendersBane","Strike_R","Strike_R","Strike_R","Strike_R","Strike_R","Defend_R","Defend_R","Defend_R","Defend_R","Bash","Pummel","Spot Weakness+1","True Grit","Havoc","Pummel","Seeing Red","Offering","Sentinel","Ghostly Armor","Armaments","Fiend Fire","Warcry","Shockwave+1","Headbutt","Seeing Red+1","Armaments+1","Carnage","Body Slam","Dark Embrace+1","Feed","Feel No Pain+1","Seeing Red+1","Warcry","Metallicize","Corruption","Infernal Blade","True Grit","Exhume","Flex","Dramatic Entrance","Armaments+1","Intimidate+1","Inflame+1","Infernal Blade","Havoc"],"relics":["Burning Blood","Gremlin Horn","Tiny Chest","Charon\u0027s Ashes","Question Card","Bronze Scales","Anchor","Lizard Tail","Dead Branch","The Courier","Blue Candle","Eternal Feather","Old Coin","Oddly Smooth Stone","Girya","Omamori","Red Mask"],"potions_floor_usage":[7,7,16,22,22,24,25,27,33,41,41,47,50],"damage_taken":[{"damage":1,"enemies":"Cultist","floor":1,"turns":4},{"damage":8,"enemies":"Jaw Worm","floor":2,"turns":6},{"damage":10,"enemies":"Small Slimes","floor":4,"turns":3},{"damage":16,"enemies":"3 Sentries","floor":6,"turns":7},{"damage":2,"enemies":"Exordium Wildlife","floor":7,"turns":3},{"damage":36,"enemies":"Gremlin Nob","floor":10,"turns":4},{"damage":1,"enemies":"Blue Slaver","floor":11,"turns":2},{"damage":6,"enemies":"Large Slime","floor":12,"turns":3},{"damage":34,"enemies":"The Guardian","floor":16,"turns":11},{"damage":10,"enemies":"Shell Parasite","floor":18,"turns":4},{"damage":42,"enemies":"Spheric Guardian","floor":19,"turns":5},{"damage":14,"enemies":"Snecko","floor":22,"turns":4},{"damage":6,"enemies":"Centurion and Healer","floor":24,"turns":2},{"damage":7,"enemies":"Snake Plant","floor":25,"turns":3},{"damage":13,"enemies":"Shelled Parasite and Fungi","floor":27,"turns":4},{"damage":1,"enemies":"Centurion and Healer","floor":30,"turns":2},{"damage":8,"enemies":"Snake Plant","floor":31,"turns":4},{"damage":10,"enemies":"Automaton","floor":33,"turns":6},{"damage":7,"enemies":"3 Shapes","floor":35,"turns":2},{"damage":17,"enemies":"2 Orb Walkers","floor":36,"turns":2},{"damage":6,"enemies":"3 Darklings","floor":37,"turns":1},{"damage":26,"enemies":"Giant Head","floor":40,"turns":6},{"damage":41,"enemies":"Spire Growth","floor":41,"turns":5},{"damage":8,"enemies":"Maw","floor":42,"turns":5},{"damage":8,"enemies":"Transient","floor":47,"turns":5},{"damage":15,"enemies":"Donu and Deca","floor":50,"turns":4}],"seed_played":"-6065101467768820705","potions_obtained":[{"floor":1,"key":"BloodPotion"},{"floor":6,"key":"BloodPotion"},{"floor":7,"key":"LiquidBronze"},{"floor":11,"key":"GamblersBrew"},{"floor":16,"key":"FearPotion"},{"floor":19,"key":"Regen Potion"},{"floor":22,"key":"SkillPotion"},{"floor":25,"key":"Dexterity Potion"},{"floor":31,"key":"PowerPotion"},{"floor":35,"key":"LiquidBronze"},{"floor":40,"key":"Regen Potion"},{"floor":41,"key":"GamblersBrew"}],"is_trial":false,"path_per_floor":["M","M","$","M","T","E","M","R","T","E","M","M","T","$","R","B",null,"M","M","$","?","M","R","M","M","T","M","T","R","M","M","R","B",null,"M","?","M","$","?","E","M","M","T","$","R","$","M","?","R","B",null],"character_chosen":"IRONCLAD","items_purchased":["Ghostly Armor","Anchor","Armaments","Dead Branch","PowerPotion","Warcry","Metallicize","Corruption","Infernal Blade","True Grit","Exhume","Flex","Oddly Smooth Stone","Regen Potion","FairyPotion","Infernal Blade","PowerPotion"],"campfire_rested":3,"item_purchase_floors":[14,14,14,20,20,38,38,38,38,38,38,38,38,38,38,44,46],"current_hp_per_floor":[77,75,75,71,71,61,80,80,80,50,55,55,55,55,79,51,73,69,33,33,33,37,61,61,60,60,53,53,77,80,78,78,74,79,78,67,67,67,67,47,46,47,47,47,74,74,72,72,83,74],"gold":0,"neow_bonus":"HUNDRED_GOLD","is_prod":false,"is_daily":false,"chose_seed":false,"campfire_upgraded":2,"win_rate":0,"timestamp":1554827512,"path_taken":["M","M","$","?","?","E","M","R","T","E","?","M","?","$","R","BOSS","M","M","$","?","M","R","M","M","T","M","?","R","M","M","R","BOSS","M","?","M","$","?","E","M","?","T","$","R","$","M","?","R","BOSS"],"build_version":"2019-01-23","purchased_purges":0,"victory":true,"max_hp_per_floor":[80,80,80,80,80,80,80,80,80,80,80,80,80,80,80,80,80,80,80,80,80,80,80,80,80,80,80,80,80,80,80,80,80,80,80,80,80,80,80,80,80,83,83,83,83,83,83,83,83,83],"card_choices":[{"not_picked":["Pommel Strike","Uppercut"],"picked":"Pummel","floor":1},{"not_picked":["Cleave","Clothesline"],"picked":"Spot Weakness","floor":2},{"not_picked":["Wild Strike","Perfected Strike"],"picked":"True Grit","floor":4},{"not_picked":["Flex","Sword Boomerang"],"picked":"Havoc","floor":6},{"not_picked":["Shrug It Off","Perfected Strike"],"picked":"Pummel","floor":7},{"not_picked":["Iron Wave","Twin Strike"],"picked":"Seeing Red","floor":10},{"not_picked":["Shockwave","Body Slam","Ghostly Armor"],"picked":"Offering","floor":11},{"not_picked":["Iron Wave","Sword Boomerang","Entrench"],"picked":"Sentinel","floor":12},{"not_picked":["Bludgeon","Barricade","Berserk"],"picked":"Fiend Fire","floor":16},{"not_picked":["Armaments","Flex","Shrug It Off+1"],"picked":"Warcry","floor":18},{"not_picked":["Entrench+1","Clash","Evolve"],"picked":"Shockwave+1","floor":19},{"not_picked":["Cleave","Thunderclap","Rupture"],"picked":"Headbutt","floor":22},{"not_picked":["Perfected Strike+1","Cleave","Heavy Blade+1"],"picked":"Seeing Red+1","floor":24},{"not_picked":["Power Through","Body Slam","Entrench+1"],"picked":"Armaments+1","floor":25},{"not_picked":["Armaments","Body Slam","Cleave"],"picked":"Carnage","floor":27},{"not_picked":["Thunderclap","Sword Boomerang","Inflame"],"picked":"Body Slam","floor":30},{"not_picked":["Heavy Blade","Metallicize","True Grit+1"],"picked":"Dark Embrace","floor":31},{"not_picked":["Bludgeon","Juggernaut","Brutality"],"picked":"Feed","floor":33},{"not_picked":["Rupture+1","Anger","Rampage+1","Twin Strike+1"],"picked":"SKIP","floor":35},{"not_picked":["Perfected Strike","Power Through+1","Iron Wave+1"],"picked":"Feel No Pain+1","floor":36},{"not_picked":["Carnage","Headbutt","Ghostly Armor+1"],"picked":"Seeing Red+1","floor":37},{"not_picked":["Jack Of All Trades","Deep Breath","Discovery"],"picked":"Dramatic Entrance","floor":39},{"not_picked":["Pommel Strike","Limit Break","Wild Strike+1"],"picked":"Armaments+1","floor":40},{"not_picked":["Twin Strike+1","Clash","Clothesline+1"],"picked":"Intimidate+1","floor":41},{"not_picked":["Blood for Blood","Thunderclap+1","Heavy Blade+1"],"picked":"Inflame+1","floor":42},{"not_picked":["Ghostly Armor","Bloodletting+1","Headbutt+1"],"picked":"Havoc","floor":47}],"player_experience":1179036,"relics_obtained":[{"floor":5,"key":"Gremlin Horn"},{"floor":6,"key":"Tiny Chest"},{"floor":9,"key":"Charon\u0027s Ashes"},{"floor":10,"key":"Question Card"},{"floor":13,"key":"Bronze Scales"},{"floor":26,"key":"The Courier"},{"floor":28,"key":"Blue Candle"},{"floor":36,"key":"Old Coin"},{"floor":40,"key":"Girya"},{"floor":43,"key":"Omamori"}],"event_choices":[{"damage_healed":0,"gold_gain":0,"player_choice":"Fight","damage_taken":0,"max_hp_gain":0,"max_hp_loss":0,"event_name":"Mysterious Sphere","floor":36,"gold_loss":0},{"damage_healed":0,"gold_gain":0,"player_choice":"Memory 1","damage_taken":0,"max_hp_gain":0,"max_hp_loss":0,"event_name":"SensoryStone","floor":39,"gold_loss":0},{"damage_healed":0,"gold_gain":0,"player_choice":"Paid","damage_taken":0,"relics_obtained":["Red Mask"],"max_hp_gain":0,"max_hp_loss":0,"event_name":"Tomb of Lord Red Mask","floor":48,"gold_loss":39}],"is_beta":false,"boss_relics":[{"not_picked":["Snecko Eye","Mark of Pain"],"picked":"Lizard Tail"},{"not_picked":["Astrolabe","Runic Dome"],"picked":"Eternal Feather"}],"items_purged_floors":[],"is_endless":false,"potions_floor_spawned":[1,6,7,11,16,19,22,25,31,35,40,41],"ascension_level":10}