{"gold_per_floor":[18,33,50,15,15,49,49,61,61,61,96,96,107,132,132,132],"floor_reached":16,"playtime":457,"items_purged":[],"score":240,"play_id":"98cb869b-4668-4dcc-aaf3-48e341fc87f3","local_time":"20190211110006","is_ascension_mode":true,"campfire_choices":[{"data":"Creative AI","floor":7.0,"key":"SMITH"},{"floor":12.0,"key":"REST"},{"data":"Consume","floor":15.0,"key":"SMITH"}],"neow_cost":"NO_GOLD","seed_source_timestamp":492476932982300,"circlet_count":0,"master_deck":["AscendersBane","Strike_B","Strike_B","Strike_B","Strike_B","Defend_B","Defend_B","Defend_B","Defend_B","Zap","Dualcast","Creative AI+1","Gash","Glacier","Gash","Cold Snap","Consume+1","Glacier","Blizzard","Buffer"],"special_seed":0,"relics":["Cracked Core","Dodecahedron","Meat on the Bone","Art of War","Juzu Bracelet"],"potions_floor_usage":[],"damage_taken":[{"damage":7.0,"enemies":"Jaw Worm","floor":1.0,"turns":4.0},{"damage":7.0,"enemies":"2 Louse","floor":2.0,"turns":2.0},{"damage":0.0,"enemies":"Cultist","floor":3.0,"turns":4.0},{"damage":45.0,"enemies":"3 Sentries","floor":6.0,"turns":6.0},{"damage":5.0,"enemies":"Red Slaver","floor":8.0,"turns":5.0},{"damage":24.0,"enemies":"Lagavulin","floor":11.0,"turns":7.0},{"damage":6.0,"enemies":"Blue Slaver","floor":13.0,"turns":4.0},{"damage":25.0,"enemies":"Gremlin Nob","floor":14.0,"turns":4.0},{"damage":0,"enemies":"The Guardian","floor":16,"turns":2}],"seed_played":"-9142768058499409829","potions_obtained":[{"floor":5.0,"key":"Regen Potion"},{"floor":5.0,"key":"Explosive Potion"},{"floor":6.0,"key":"Fire Potion"},{"floor":11.0,"key":"LiquidBronze"}],"is_trial":false,"path_per_floor":["M","M","M","?","?","E","R","M","T","$","E","R","M","E","R","B"],"character_chosen":"DEFECT","items_purchased":[],"campfire_rested":1,"item_purchase_floors":[],"current_hp_per_floor":[57,50,50,67,67,36,36,31,31,31,19,40,46,33,33,33],"gold":132,"neow_bonus":"THREE_RARE_CARDS","is_prod":false,"is_daily":false,"chose_seed":false,"campfire_upgraded":2,"win_rate":0,"timestamp":1549850406,"path_taken":["M","M","M","?","?","E","R","?","T","?","E","R","M","E","R","BOSS"],"build_version":"2019-01-23","purchased_purges":0,"victory":false,"max_hp_per_floor":[71,71,71,71,71,71,71,71,71,71,71,71,71,71,71,71],"card_choices":[{"not_picked":["Reboot","Machine Learning"],"picked":"Creative AI","floor":0.0},{"not_picked":["Steam","Chaos"],"picked":"Gash","floor":1.0},{"not_picked":["Leap","Fusion"],"picked":"Glacier","floor":2.0},{"not_picked":["Chill","Ball Lightning"],"picked":"Gash","floor":3.0},{"not_picked":["Stack","Amplify"],"picked":"Cold Snap","floor":6.0},{"not_picked":["Darkness","Cold Snap"],"picked":"Consume","floor":8.0},{"not_picked":["Redo","Beam Cell"],"picked":"Glacier","floor":11.0},{"not_picked":["Cold Snap","Recycle"],"picked":"Blizzard","floor":13.0},{"not_picked":["Auto Shields","Chaos"],"picked":"Buffer","floor":14.0}],"player_experience":1509596,"relics_obtained":[{"floor":6.0,"key":"Dodecahedron"},{"floor":9.0,"key":"Meat on the Bone"},{"floor":11.0,"key":"Art of War"},{"floor":14.0,"key":"Juzu Bracelet"}],"event_choices":[{"damage_healed":17.0,"max_hp_gain":0.0,"max_hp_loss":0.0,"gold_gain":0.0,"event_name":"The Cleric","player_choice":"Healed","floor":4.0,"gold_loss":35.0,"damage_taken":0.0},{"damage_healed":0.0,"max_hp_gain":0.0,"max_hp_loss":0.0,"gold_gain":0.0,"event_name":"Lab","player_choice":"Got Potions","floor":5.0,"gold_loss":0.0,"damage_taken":0.0}],"is_beta":false,"boss_relics":[],"items_purged_floors":[],"is_endless":false,"potions_floor_spawned":[6,11],"killed_by":"The Guardian","ascension_level":20}