{"gold_per_floor":[10,22,22,22,33,63,82,82,105,119,119,119,139,168,168,270,270,288,304,48,62,62,93,103,103,103,103,123,123,222,240,240,336,336,347,347,307,323,423,457,468,483,506,520,531,16,316,316,316,316],"floor_reached":51,"playtime":5112,"items_purged":["Strike_R","Parasite"],"score":736,"play_id":"22f3b772-53ce-4961-abd7-d5c35fffb897","local_time":"20190327011636","is_ascension_mode":false,"campfire_choices":[{"data":"Rupture","floor":8.0,"key":"SMITH"},{"data":"Ghostly Armor","floor":11.0,"key":"SMITH"},{"floor":15.0,"key":"REST"},{"floor":25.0,"key":"REST"},{"floor":32.0,"key":"REST"},{"floor":49.0,"key":"REST"}],"neow_cost":"NO_GOLD","seed_source_timestamp":13250422757100,"circlet_count":0,"master_deck":["Defend_R","Defend_R","Bash","Shrug It Off","Spot Weakness","Rupture+1","Ghostly Armor+1","Evolve","Armaments","Thunderclap","Sword Boomerang","Reaper","Demon Form+1","True Grit","Heavy Blade","Whirlwind","Heavy Blade","Inflame","Combust+1","Impervious","Headbutt+1","Seeing Red","Heavy Blade+1","Feed","Sword Boomerang+1","Rupture+1","Offering","Dual Wield+1","True Grit+1","Inflame"],"special_seed":0,"relics":["Burning Blood","Potion Belt","Pen Nib","Lantern","Boot","Juzu Bracelet","Orrery","Regal Pillow","Mercury Hourglass","Question Card","Snecko Eye","Mango","Oddly Smooth Stone","Anchor","Bag of Preparation","Brimstone"],"potions_floor_usage":[50,50,50],"damage_taken":[{"damage":6.0,"enemies":"Jaw Worm","floor":1.0,"turns":4.0},{"damage":3.0,"enemies":"Small Slimes","floor":2.0,"turns":4.0},{"damage":6.0,"enemies":"Cultist","floor":5.0,"turns":3.0},{"damage":8.0,"enemies":"Gremlin Nob","floor":6.0,"turns":3.0},{"damage":4.0,"enemies":"Large Slime","floor":7.0,"turns":7.0},{"damage":11.0,"enemies":"Exordium Wildlife","floor":10.0,"turns":4.0},{"damage":8.0,"enemies":"Lots of Slimes","floor":13.0,"turns":6.0},{"damage":27.0,"enemies":"Lagavulin","floor":14.0,"turns":11.0},{"damage":43.0,"enemies":"Slime Boss","floor":16.0,"turns":9.0},{"damage":5.0,"enemies":"2 Thieves","floor":18.0,"turns":2.0},{"damage":40.0,"enemies":"Spheric Guardian","floor":19.0,"turns":7.0},{"damage":38.0,"enemies":"Centurion and Healer","floor":21.0,"turns":17.0},{"damage":42.0,"enemies":"Book of Stabbing","floor":23.0,"turns":5.0},{"damage":14.0,"enemies":"Snecko","floor":24.0,"turns":5.0},{"damage":10.0,"enemies":"Snake Plant","floor":28.0,"turns":4.0},{"damage":47.0,"enemies":"3 Cultists","floor":31.0,"turns":5.0},{"damage":47.0,"enemies":"Automaton","floor":33.0,"turns":7.0},{"damage":8.0,"enemies":"3 Shapes","floor":35.0,"turns":7.0},{"damage":1.0,"enemies":"3 Darklings","floor":38.0,"turns":2.0},{"damage":0.0,"enemies":"Mind Bloom Boss Battle","floor":39.0,"turns":3.0},{"damage":59.0,"enemies":"Nemesis","floor":40.0,"turns":7.0},{"damage":35.0,"enemies":"Transient","floor":41.0,"turns":5.0},{"damage":3.0,"enemies":"Writhing Mass","floor":42.0,"turns":4.0},{"damage":28.0,"enemies":"Spire Growth","floor":44.0,"turns":5.0},{"damage":21.0,"enemies":"Jaw Worm Horde","floor":45.0,"turns":4.0},{"damage":79,"enemies":"Donu and Deca","floor":50,"turns":6}],"seed_played":"-3103153163074312906","potions_obtained":[{"floor":2.0,"key":"Explosive Potion"},{"floor":5.0,"key":"PowerPotion"},{"floor":6.0,"key":"GamblersBrew"},{"floor":14.0,"key":"Regen Potion"},{"floor":16.0,"key":"AttackPotion"},{"floor":19.0,"key":"Swift Potion"},{"floor":21.0,"key":"SmokeBomb"},{"floor":28.0,"key":"EssenceOfSteel"},{"floor":33.0,"key":"GamblersBrew"},{"floor":35.0,"key":"Regen Potion"},{"floor":37.0,"key":"BloodPotion"},{"floor":37.0,"key":"GamblersBrew"},{"floor":39.0,"key":"Regen Potion"}],"is_trial":false,"path_per_floor":["M","M","?","?","M","E","M","R","T","M","R","T","M","E","R","B",null,"M","M","$","M","?","E","M","R","T","?","M","?","?","M","R","B",null,"M","?","?","M","?","E","M","M","T","M","M","$","?","?","R","B",null],"character_chosen":"IRONCLAD","items_purchased":["Inflame","Regal Pillow","Bag of Preparation","Brimstone","Swift Potion"],"campfire_rested":4,"item_purchase_floors":[20,20,46,46,46],"current_hp_per_floor":[80,80,80,73,73,71,73,73,73,68,68,68,66,45,69,32,80,80,46,46,71,71,35,27,66,66,66,62,62,62,21,60,19,80,83,83,83,83,97,92,73,76,76,79,64,64,64,64,97,36],"gold":316,"neow_bonus":"REMOVE_TWO","is_prod":false,"is_daily":false,"chose_seed":false,"campfire_upgraded":2,"win_rate":0,"timestamp":1553616996,"path_taken":["M","M","?","?","M","E","M","R","T","M","R","?","?","E","R","BOSS","M","M","$","M","?","E","M","R","T","?","M","?","?","M","R","BOSS","M","?","?","M","?","E","M","M","T","M","M","$","?","?","R","BOSS"],"build_version":"2019-01-23","purchased_purges":2,"victory":true,"max_hp_per_floor":[80,80,80,80,80,80,80,80,80,80,80,80,80,80,80,80,80,80,80,80,80,80,80,80,80,80,80,80,80,80,80,80,80,80,83,83,83,83,97,100,100,100,100,100,100,97,97,97,97,100],"card_choices":[{"not_picked":["Hemokinesis","Battle Trance"],"picked":"Shrug It Off","floor":1.0},{"not_picked":["Headbutt","Second Wind"],"picked":"Spot Weakness","floor":2.0},{"not_picked":["True Grit","Perfected Strike"],"picked":"Ghostly Armor","floor":5.0},{"not_picked":["Cleave","Carnage"],"picked":"Evolve","floor":6.0},{"not_picked":["Evolve","Sentinel","Reckless Charge"],"picked":"SKIP","floor":7.0},{"not_picked":["Clash","Metallicize"],"picked":"Armaments","floor":10.0},{"not_picked":["Shrug It Off","Perfected Strike"],"picked":"Thunderclap","floor":13.0},{"not_picked":["Flex","Iron Wave"],"picked":"Sword Boomerang","floor":14.0},{"not_picked":["Berserk","Exhume"],"picked":"Reaper","floor":16.0},{"not_picked":["Havoc","Warcry"],"picked":"Demon Form","floor":17.0},{"not_picked":["Iron Wave","Clothesline"],"picked":"True Grit","floor":17.0},{"not_picked":["Ghostly Armor","Flame Barrier"],"picked":"Heavy Blade","floor":17.0},{"not_picked":["Entrench","Wild Strike"],"picked":"Whirlwind","floor":17.0},{"not_picked":["Pummel","Flex"],"picked":"Heavy Blade","floor":17.0},{"not_picked":["Rampage","Thunderclap","Whirlwind"],"picked":"SKIP","floor":18.0},{"not_picked":["Reckless Charge","Sever Soul+1","Warcry"],"picked":"SKIP","floor":19.0},{"not_picked":["Feel No Pain","Wild Strike"],"picked":"Combust+1","floor":21.0},{"not_picked":["Clash","Body Slam"],"picked":"Impervious","floor":23.0},{"not_picked":["Cleave","Warcry+1"],"picked":"Headbutt+1","floor":24.0},{"not_picked":["Havoc+1","Rampage","Flame Barrier"],"picked":"Seeing Red","floor":28.0},{"not_picked":["Havoc+1","Perfected Strike","True Grit"],"picked":"Heavy Blade+1","floor":31.0},{"not_picked":["Juggernaut","Berserk","Dark Embrace"],"picked":"Feed","floor":33.0},{"not_picked":["Armaments+1","Wild Strike+1","Twin Strike+1"],"picked":"Sword Boomerang+1","floor":35.0},{"not_picked":["Havoc","Warcry+1","Battle Trance","Dark Embrace"],"picked":"SKIP","floor":38.0},{"not_picked":["Sentinel+1","Body Slam+1","Flex+1"],"picked":"Rupture+1","floor":39.0},{"not_picked":["Wild Strike+1","Clash+1","Rampage+1"],"picked":"Offering","floor":40.0},{"not_picked":["Flame Barrier","Ghostly Armor","Shrug It Off+1"],"picked":"Dual Wield+1","floor":41.0},{"not_picked":["Twin Strike+1","Pommel Strike+1","Wild Strike"],"picked":"True Grit+1","floor":42.0},{"not_picked":["Perfected Strike+1","Clash+1","Pommel Strike+1","Wild Strike"],"picked":"SKIP","floor":44.0},{"not_picked":["Heavy Blade","True Grit+1","Anger"],"picked":"Inflame","floor":45.0}],"player_experience":220961,"relics_obtained":[{"floor":6.0,"key":"Pen Nib"},{"floor":9.0,"key":"Lantern"},{"floor":12.0,"key":"Boot"},{"floor":14.0,"key":"Juzu Bracelet"},{"floor":23.0,"key":"Mercury Hourglass"},{"floor":26.0,"key":"Question Card"},{"floor":39.0,"key":"Mango"},{"floor":40.0,"key":"Oddly Smooth Stone"},{"floor":43.0,"key":"Anchor"}],"event_choices":[{"damage_healed":0.0,"max_hp_gain":0.0,"max_hp_loss":0.0,"gold_gain":0.0,"cards_transformed":["Defend_R"],"event_name":"Living Wall","player_choice":"Change","floor":3.0,"gold_loss":0.0,"damage_taken":0.0,"cards_obtained":["Rupture"]},{"damage_healed":0.0,"max_hp_gain":0.0,"max_hp_loss":0.0,"gold_gain":0.0,"event_name":"Scrap Ooze","player_choice":"Success","floor":4.0,"gold_loss":0.0,"damage_taken":7.0,"relics_obtained":["Potion Belt"]},{"cards_removed":["Strike_R"],"damage_healed":0.0,"max_hp_gain":0.0,"max_hp_loss":0.0,"gold_gain":0.0,"event_name":"Back to Basics","player_choice":"Elegance","floor":27.0,"gold_loss":0.0,"damage_taken":0.0},{"damage_healed":0.0,"max_hp_gain":0.0,"max_hp_loss":0.0,"gold_gain":0.0,"event_name":"Accursed Blacksmith","player_choice":"Forge","floor":29.0,"gold_loss":0.0,"damage_taken":0.0,"cards_upgraded":["Demon Form"]},{"damage_healed":0.0,"max_hp_gain":0.0,"max_hp_loss":0.0,"gold_gain":99.0,"event_name":"Nest","player_choice":"Stole From Cult","floor":30.0,"gold_loss":0.0,"damage_taken":0.0},{"cards_removed":["Strike_R"],"damage_healed":0.0,"max_hp_gain":0.0,"max_hp_loss":0.0,"gold_gain":0.0,"event_name":"Falling","player_choice":"Removed Attack","floor":36.0,"gold_loss":0.0,"damage_taken":0.0},{"damage_healed":0.0,"max_hp_gain":0.0,"max_hp_loss":0.0,"gold_gain":0.0,"event_name":"The Woman in Blue","player_choice":"Bought 3 Potions","floor":37.0,"gold_loss":0.0,"damage_taken":0.0},{"damage_healed":0.0,"max_hp_gain":0.0,"max_hp_loss":0.0,"gold_gain":0.0,"event_name":"MindBloom","player_choice":"Fight","floor":39.0,"gold_loss":0.0,"damage_taken":0.0},{"damage_healed":0.0,"max_hp_gain":0.0,"max_hp_loss":0.0,"gold_gain":300.0,"event_name":"Wheel of Change","player_choice":"Gold","floor":47.0,"gold_loss":0.0,"damage_taken":0.0},{"cards_removed":["Defend_R"],"damage_healed":0.0,"max_hp_gain":0.0,"max_hp_loss":0.0,"gold_gain":0.0,"event_name":"Bonfire Elementals","player_choice":"Offered Basic","floor":48.0,"gold_loss":0.0,"damage_taken":0.0}],"is_beta":false,"boss_relics":[{"not_picked":["Black Blood","Calling Bell"],"picked":"Orrery"},{"not_picked":["Empty Cage","Coffee Dripper"],"picked":"Snecko Eye"}],"items_purged_floors":[20,46],"is_endless":false,"potions_floor_spawned":[2,5,6,14,16,19,21,28,33,35,38,39],"ascension_level":0}