{"gold_per_floor":[109,109,79,90,90,123,135,135,135,135,151,151,206,131,131,207,207,222,137,37,37,0,0,19,19,42,42,42,59,0,0,0,74,74,90,90,104,119,137,137,165,185,185,185,199,60,0,275,275,275,275,275,275,18,49,49],"floor_reached":56,"playtime":2805,"items_purged":["Regret","Strike_R"],"score":1942,"play_id":"bd132568-2a09-479c-ae02-b16c00490766","local_time":"20190325142844","is_ascension_mode":true,"campfire_choices":[{"data":"True Grit","floor":8.0,"key":"SMITH"},{"data":"Bash","floor":10.0,"key":"SMITH"},{"floor":15.0,"key":"REST"},{"data":"Barricade","floor":23.0,"key":"SMITH"},{"data":"Armaments","floor":25.0,"key":"SMITH"},{"data":"Body Slam","floor":27.0,"key":"SMITH"},{"data":"Demon Form","floor":32.0,"key":"SMITH"},{"data":"Offering","floor":40.0,"key":"SMITH"},{"floor":44.0,"key":"RECALL"},{"data":"Offering","floor":49.0,"key":"SMITH"},{"data":"Shrug It Off","floor":53,"key":"SMITH"}],"neow_cost":"NONE","seed_source_timestamp":67510385731600,"circlet_count":0,"master_deck":["AscendersBane","Strike_R+1","Defend_R+1","Defend_R","Defend_R+1","Defend_R","Bash+1","True Grit+1","Shrug It Off+1","Demon Form+1","Barricade+1","Shrug It Off","Armaments+1","Body Slam+1","Ghostly","Ghostly","Ghostly+1","Warcry+1","Battle Trance","Offering+1","Flame Barrier+1","Battle Trance+1","Whirlwind+1","Madness","Shrug It Off+1","Second Wind+1","Offering+1","Regret"],"special_seed":0,"relics":["Burning Blood","NeowsBlessing","Champion Belt","Mercury Hourglass","Sundial","Ancient Tea Set","Orrery","Juzu Bracelet","Happy Flower","Matryoshka","Astrolabe","Whetstone","War Paint","The Courier","Red Mask","Bottled Tornado","Self Forming Clay"],"potions_floor_usage":[51,51,56],"damage_taken":[{"damage":0.0,"enemies":"Jaw Worm","floor":1.0,"turns":1.0},{"damage":0.0,"enemies":"2 Louse","floor":4.0,"turns":1.0},{"damage":0.0,"enemies":"Lagavulin","floor":6.0,"turns":1.0},{"damage":7.0,"enemies":"Cultist","floor":7.0,"turns":3.0},{"damage":8.0,"enemies":"Looter","floor":11.0,"turns":3.0},{"damage":37.0,"enemies":"Lagavulin Event","floor":13.0,"turns":4.0},{"damage":33.0,"enemies":"The Guardian","floor":16.0,"turns":14.0},{"damage":46.0,"enemies":"3 Byrds","floor":18.0,"turns":8.0},{"damage":2.0,"enemies":"2 Thieves","floor":22.0,"turns":5.0},{"damage":7.0,"enemies":"Centurion and Healer","floor":24.0,"turns":9.0},{"damage":0.0,"enemies":"Cultist and Chosen","floor":29.0,"turns":7.0},{"damage":0.0,"enemies":"Champ","floor":33.0,"turns":12.0},{"damage":1.0,"enemies":"Orb Walker","floor":35.0,"turns":4.0},{"damage":6.0,"enemies":"3 Darklings","floor":37.0,"turns":15.0},{"damage":18.0,"enemies":"Transient","floor":38.0,"turns":6.0},{"damage":1.0,"enemies":"Sphere and 2 Shapes","floor":39.0,"turns":7.0},{"damage":1.0,"enemies":"Giant Head","floor":41.0,"turns":7.0},{"damage":4.0,"enemies":"4 Shapes","floor":42.0,"turns":6.0},{"damage":1.0,"enemies":"Transient","floor":45.0,"turns":6.0},{"damage":4.0,"enemies":"Donu and Deca","floor":50.0,"turns":9.0},{"damage":15,"enemies":"Time Eater","floor":51,"turns":16},{"damage":27,"enemies":"Shield and Spear","floor":55,"turns":10},{"damage":5,"enemies":"The Heart","floor":56,"turns":6}],"seed_played":"-6297280956582523917","potions_obtained":[{"floor":1.0,"key":"Strength Potion"},{"floor":3.0,"key":"AttackPotion"},{"floor":13.0,"key":"Ancient Potion"},{"floor":24.0,"key":"FearPotion"},{"floor":37.0,"key":"Block Potion"},{"floor":42.0,"key":"EssenceOfSteel"}],"is_trial":false,"path_per_floor":["M","?","?","M","?","E","M","R","T","R","M","?","?","$","R","B",null,"M","?","$","?","M","R","M","R","T","R","T","M","?","$","R","B",null,"M","?","M","M","M","R","E","M","T","R","M","$","?","?","R","B","B",null,"R","$","E","B"],"character_chosen":"IRONCLAD","items_purchased":["Offering","Bottled Tornado","Block Potion"],"campfire_rested":1,"item_purchase_floors":[46,54,54],"current_hp_per_floor":[74,74,74,75,64,70,69,69,69,69,67,44,13,13,35,8,58,18,18,18,18,22,22,21,21,21,21,21,27,27,27,27,33,36,37,27,27,15,20,20,25,27,27,27,32,32,32,32,32,34,25,34,34,34,13,8],"gold":49,"neow_bonus":"THREE_ENEMY_KILL","is_prod":false,"is_daily":false,"chose_seed":false,"campfire_upgraded":9,"win_rate":0,"timestamp":1553491724,"path_taken":["M","?","?","?","?","E","M","R","T","R","M","?","?","$","R","BOSS","M","?","$","?","M","R","M","R","T","R","?","M","?","?","R","BOSS","M","?","M","M","M","R","E","M","T","R","M","$","?","?","R","BOSS","BOSS","R","$","E","BOSS"],"build_version":"2019-01-23","purchased_purges":2,"victory":false,"max_hp_per_floor":[75,75,75,75,75,75,75,75,75,75,75,75,75,75,75,75,75,75,75,75,37,37,37,37,37,37,37,37,37,37,37,37,37,37,37,37,37,37,37,37,37,37,37,37,37,37,37,37,37,37,37,37,37,37,37,37],"card_choices":[{"not_picked":["Uppercut","Perfected Strike"],"picked":"True Grit","floor":1.0},{"not_picked":["Hemokinesis","Combust","Clash"],"picked":"SKIP","floor":4.0},{"not_picked":["Cleave","Havoc","Twin Strike"],"picked":"SKIP","floor":6.0},{"not_picked":["Reckless Charge","Hemokinesis"],"picked":"Shrug It Off","floor":7.0},{"not_picked":["Cleave","Power Through","Perfected Strike"],"picked":"SKIP","floor":11.0},{"not_picked":["True Grit","Intimidate"],"picked":"Demon Form","floor":13.0},{"not_picked":["Double Tap","Feed"],"picked":"Barricade","floor":16.0},{"not_picked":["Heavy Blade","Clash"],"picked":"Shrug It Off","floor":17.0},{"not_picked":["Anger","Iron Wave"],"picked":"Armaments","floor":17.0},{"not_picked":["Rampage","Reckless Charge"],"picked":"Body Slam","floor":17.0},{"not_picked":["Sword Boomerang","Armaments","Clash"],"picked":"SKIP","floor":18.0},{"not_picked":["Cleave","Double Tap"],"picked":"Warcry+1","floor":22.0},{"not_picked":["Iron Wave","Power Through"],"picked":"Battle Trance","floor":24.0},{"not_picked":["Heavy Blade+1","Shrug It Off","Sword Boomerang"],"picked":"SKIP","floor":29.0},{"not_picked":["Double Tap","Exhume"],"picked":"Offering","floor":33.0},{"not_picked":["Flex","Clothesline","Sword Boomerang"],"picked":"SKIP","floor":35.0},{"not_picked":["Dramatic Entrance","PanicButton"],"picked":"Madness","floor":36.0},{"not_picked":["Carnage+1","Pommel Strike+1"],"picked":"Shrug It Off+1","floor":37.0},{"not_picked":["Anger","Pommel Strike","Body Slam"],"picked":"SKIP","floor":38.0},{"not_picked":["Disarm","Pommel Strike","Power Through"],"picked":"SKIP","floor":39.0},{"not_picked":["Infernal Blade","Anger","Immolate"],"picked":"SKIP","floor":41.0},{"not_picked":["Rage","Shrug It Off","Clash"],"picked":"SKIP","floor":42.0},{"not_picked":["Flex","Heavy Blade+1"],"picked":"Second Wind+1","floor":45.0},{"not_picked":["Headbutt","Shrug It Off","Thunderclap"],"picked":"SKIP","floor":55}],"player_experience":2560231,"relics_obtained":[{"floor":6.0,"key":"Sundial"},{"floor":13.0,"key":"Ancient Tea Set"},{"floor":26.0,"key":"Happy Flower"},{"floor":28.0,"key":"Matryoshka"},{"floor":41.0,"key":"Whetstone"},{"floor":43.0,"key":"War Paint"},{"floor":43.0,"key":"The Courier"},{"floor":55,"key":"Self Forming Clay"}],"event_choices":[{"damage_healed":0.0,"max_hp_gain":0.0,"max_hp_loss":0.0,"gold_gain":0.0,"event_name":"Big Fish","player_choice":"Box","floor":2.0,"gold_loss":0.0,"damage_taken":0.0,"relics_obtained":["Champion Belt"],"cards_obtained":["Regret"]},{"damage_healed":0.0,"max_hp_gain":0.0,"max_hp_loss":0.0,"gold_gain":0.0,"event_name":"The Woman in Blue","player_choice":"Bought 2 Potions","floor":3.0,"gold_loss":0.0,"damage_taken":0.0},{"damage_healed":0.0,"max_hp_gain":0.0,"max_hp_loss":0.0,"gold_gain":0.0,"event_name":"Scrap Ooze","player_choice":"Success","floor":5.0,"gold_loss":0.0,"damage_taken":11.0,"relics_obtained":["Mercury Hourglass"]},{"damage_healed":0.0,"max_hp_gain":0.0,"max_hp_loss":0.0,"gold_gain":0.0,"event_name":"Shining Light","player_choice":"Entered Light","floor":12.0,"gold_loss":0.0,"damage_taken":23.0,"cards_upgraded":["Defend_R","Strike_R"]},{"damage_healed":0.0,"max_hp_gain":0.0,"max_hp_loss":0.0,"gold_gain":30.0,"event_name":"Dead Adventurer","player_choice":"Searched \u00272\u0027 times","floor":13.0,"gold_loss":0.0,"damage_taken":0.0},{"damage_healed":0.0,"max_hp_gain":0.0,"max_hp_loss":0.0,"gold_gain":0.0,"event_name":"Addict","player_choice":"Obtained Relic","floor":19.0,"gold_loss":85.0,"damage_taken":0.0,"relics_obtained":["Juzu Bracelet"]},{"damage_healed":0.0,"max_hp_gain":0.0,"max_hp_loss":38.0,"gold_gain":0.0,"event_name":"Ghosts","player_choice":"Became a Ghost","floor":21.0,"gold_loss":0.0,"damage_taken":0.0,"cards_obtained":["Ghostly","Ghostly","Ghostly"]},{"damage_healed":0.0,"max_hp_gain":0.0,"max_hp_loss":0.0,"gold_gain":0.0,"event_name":"Masked Bandits","player_choice":"Paid Fearfully","floor":30.0,"gold_loss":59.0,"damage_taken":0.0},{"damage_healed":0.0,"max_hp_gain":0.0,"max_hp_loss":0.0,"gold_gain":0.0,"event_name":"SensoryStone","player_choice":"Memory 3","floor":36.0,"gold_loss":0.0,"damage_taken":10.0},{"damage_healed":0.0,"max_hp_gain":0.0,"max_hp_loss":0.0,"gold_gain":0.0,"event_name":"Tomb of Lord Red Mask","player_choice":"Paid","floor":47.0,"gold_loss":60.0,"damage_taken":0.0,"relics_obtained":["Red Mask"]},{"damage_healed":0.0,"max_hp_gain":0.0,"max_hp_loss":0.0,"gold_gain":275.0,"event_name":"Golden Shrine","player_choice":"Desecrate","floor":48.0,"gold_loss":0.0,"damage_taken":0.0,"cards_obtained":["Regret"]}],"is_beta":false,"boss_relics":[{"not_picked":["White Beast Statue","Black Star"],"picked":"Orrery"},{"not_picked":["Pandora\u0027s Box","Busted Crown"],"picked":"Astrolabe"}],"items_purged_floors":[14,20],"is_endless":false,"potions_floor_spawned":[1,11,13,24,37,42],"killed_by":"The Heart","ascension_level":20}