{"gold_per_floor":[119,119,194,8,8,8,23,23,50,77,77,90,90,125,125,215,215,228,228,241,241,241,273,273,273,273,306,306,306,340,52,52,129,129,144,155,155,169,7,7,7,21,21,51,68,82,82,116,116,116,116],"floor_reached":51,"playtime":2389,"items_purged":["Strike_B"],"score":1539,"play_id":"b7897932-2a43-42ee-b61b-7089b2cf18ee","local_time":"20190222222031","is_ascension_mode":true,"campfire_choices":[{"data":"Biased Cognition","floor":6.0,"key":"SMITH"},{"data":"Capacitor","floor":8.0,"key":"SMITH"},{"floor":13.0,"key":"REST"},{"data":"Barrage","floor":15.0,"key":"SMITH"},{"floor":24.0,"key":"REST"},{"floor":28.0,"key":"REST"},{"data":"Capacitor","floor":32.0,"key":"SMITH"},{"floor":40.0,"key":"RECALL"},{"floor":49.0,"key":"REST"}],"neow_cost":"TEN_PERCENT_HP_LOSS","seed_source_timestamp":208371136316100,"circlet_count":0,"master_deck":["AscendersBane","Strike_B+1","Strike_B+1","Defend_B","Defend_B","Zap","Dualcast","Biased Cognition+1","Gash","Undo","Glacier","Capacitor+1","Barrage+1","Ball Lightning","Turbo","BootSequence","Electrodynamics","Cold Snap","Tempest+1","Capacitor+1","Night Terror","Blade Dance+1","BootSequence","Genetic Algorithm","Body Slam+1","Evolve+1","Deep Breath+1"],"special_seed":0,"relics":["FrozenCore","Omamori","Odd Mushroom","Bloody Idol","Calipers","Nilry\u0027s Codex","Dead Branch","Mummified Hand","Singing Bowl","Frozen Egg 2","Sundial","PrismaticShard","Fusion Hammer","Bag of Preparation","StoneCalendar","Blood Vial"],"potions_floor_usage":[],"damage_taken":[{"damage":0.0,"enemies":"Cultist","floor":1.0,"turns":3.0},{"damage":2.0,"enemies":"2 Louse","floor":7.0,"turns":3.0},{"damage":16.0,"enemies":"The Mushroom Lair","floor":10.0,"turns":4.0},{"damage":4.0,"enemies":"Small Slimes","floor":12.0,"turns":4.0},{"damage":16.0,"enemies":"3 Sentries","floor":14.0,"turns":7.0},{"damage":10.0,"enemies":"Hexaghost","floor":16.0,"turns":10.0},{"damage":9.0,"enemies":"Chosen","floor":18.0,"turns":4.0},{"damage":0.0,"enemies":"Spheric Guardian","floor":20.0,"turns":4.0},{"damage":2.0,"enemies":"Gremlin Leader","floor":23.0,"turns":5.0},{"damage":13.0,"enemies":"Colosseum Slavers","floor":25.0,"turns":5.0},{"damage":21.0,"enemies":"Book of Stabbing","floor":27.0,"turns":5.0},{"damage":12.0,"enemies":"Slavers","floor":30.0,"turns":5.0},{"damage":8.0,"enemies":"Automaton","floor":33.0,"turns":8.0},{"damage":0.0,"enemies":"3 Darklings","floor":35.0,"turns":4.0},{"damage":0.0,"enemies":"3 Shapes","floor":36.0,"turns":2.0},{"damage":0.0,"enemies":"3 Darklings","floor":38.0,"turns":2.0},{"damage":12.0,"enemies":"Jaw Worm Horde","floor":42.0,"turns":5.0},{"damage":11.0,"enemies":"Reptomancer","floor":44.0,"turns":7.0},{"damage":0.0,"enemies":"Writhing Mass","floor":45.0,"turns":7.0},{"damage":0.0,"enemies":"4 Shapes","floor":46.0,"turns":1.0},{"damage":0.0,"enemies":"Giant Head","floor":48.0,"turns":6.0},{"damage":66.0,"enemies":"Awakened One","floor":50.0,"turns":11.0},{"damage":17,"enemies":"Donu and Deca","floor":51,"turns":11}],"seed_played":"-5056572508202197782","potions_obtained":[{"floor":10.0,"key":"GamblersBrew"},{"floor":16.0,"key":"SteroidPotion"},{"floor":20.0,"key":"GamblersBrew"},{"floor":27.0,"key":"Block Potion"},{"floor":30.0,"key":"Fire Potion"},{"floor":35.0,"key":"Strength Potion"}],"is_trial":false,"path_per_floor":["M","?","?","$","?","R","M","R","T","?","?","M","R","E","R","B",null,"M","?","M","?","?","E","R","?","T","E","R","T","E","$","R","B",null,"M","M","?","M","$","R","?","M","T","E","M","M","$","E","R","B","B"],"character_chosen":"DEFECT","items_purchased":["Glacier","Capacitor","Barrage","PrismaticShard","Bag of Preparation"],"campfire_rested":4,"item_purchase_floors":[4,4,4,31,39],"current_hp_per_floor":[64,64,53,53,34,34,32,32,32,16,16,12,31,15,15,5,49,40,40,45,45,24,27,46,33,33,17,36,36,31,31,31,28,57,62,68,68,70,70,70,70,65,65,61,66,71,71,74,74,8,0],"gold":116,"neow_bonus":"THREE_RARE_CARDS","is_prod":false,"is_daily":false,"chose_seed":false,"campfire_upgraded":4,"win_rate":0,"timestamp":1550841631,"path_taken":["M","?","?","$","?","R","M","R","T","?","?","?","R","E","R","BOSS","M","?","M","?","?","E","R","?","T","E","R","?","E","$","R","BOSS","M","M","?","?","$","R","?","M","T","E","?","M","$","E","R","BOSS","BOSS"],"build_version":"2019-01-23","purchased_purges":1,"victory":false,"max_hp_per_floor":[64,64,64,64,64,64,64,64,64,64,64,64,64,64,64,64,64,64,64,64,64,64,64,64,64,64,64,64,64,66,66,66,66,66,66,68,68,70,70,70,70,72,72,74,74,74,74,74,74,74,74],"card_choices":[{"not_picked":["Hyperbeam","Thunder Strike"],"picked":"Biased Cognition","floor":0.0},{"not_picked":["Go for the Eyes","Conserve Battery"],"picked":"Gash","floor":1.0},{"not_picked":["Redo","Hologram"],"picked":"Ball Lightning","floor":7.0},{"not_picked":["Hologram","Rebound"],"picked":"Turbo","floor":10.0},{"not_picked":["Streamline","Doom and Gloom"],"picked":"BootSequence","floor":12.0},{"not_picked":["Leap","Skim","Ball Lightning"],"picked":"SKIP","floor":14.0},{"not_picked":["Seek","Biased Cognition"],"picked":"Electrodynamics","floor":16.0},{"not_picked":["Doom and Gloom","Double Energy"],"picked":"Cold Snap","floor":18.0},{"not_picked":["Hologram","Ball Lightning","Storm"],"picked":"SKIP","floor":20.0},{"not_picked":["Steam Power+1","Genetic Algorithm"],"picked":"Tempest+1","floor":23.0},{"not_picked":["Ball Lightning","Rainbow"],"picked":"Capacitor","floor":27.0},{"not_picked":["Rebound","Cold Snap","Sweeping Beam"],"picked":"Singing Bowl","floor":30.0},{"not_picked":["Thunder Strike","Chrysalis"],"picked":"Night Terror","floor":33.0},{"not_picked":["Flex+1","Flying Knee"],"picked":"Blade Dance+1","floor":35.0},{"not_picked":["Reinforced Body","Anger","Slice"],"picked":"Singing Bowl","floor":36.0},{"not_picked":["Dodge and Roll","Leap","Prepared"],"picked":"Singing Bowl","floor":38.0},{"not_picked":["Flash of Steel","Twin Strike","Barrage"],"picked":"Singing Bowl","floor":42.0},{"not_picked":["Acrobatics","Tactician","Skim"],"picked":"Singing Bowl","floor":44.0},{"not_picked":["Shockwave","Dagger Spray"],"picked":"Body Slam+1","floor":45.0},{"not_picked":["Good Instincts+1","Concentrate"],"picked":"Evolve+1","floor":46.0},{"not_picked":["Flying Knee+1","Riddle With Holes+1"],"picked":"Deep Breath+1","floor":48.0}],"player_experience":1746397,"relics_obtained":[{"floor":9.0,"key":"Omamori"},{"floor":10.0,"key":"Odd Mushroom"},{"floor":14.0,"key":"Calipers"},{"floor":22.0,"key":"Nilry\u0027s Codex"},{"floor":23.0,"key":"Dead Branch"},{"floor":26.0,"key":"Mummified Hand"},{"floor":27.0,"key":"Singing Bowl"},{"floor":29.0,"key":"Frozen Egg 2"},{"floor":30.0,"key":"Sundial"},{"floor":44.0,"key":"StoneCalendar"},{"floor":48.0,"key":"Blood Vial"}],"event_choices":[{"damage_healed":0.0,"max_hp_gain":0.0,"max_hp_loss":0.0,"gold_gain":0.0,"cards_transformed":["Defend_B"],"event_name":"Living Wall","player_choice":"Change","floor":2.0,"gold_loss":0.0,"damage_taken":0.0,"cards_obtained":["Undo"]},{"damage_healed":0.0,"max_hp_gain":0.0,"max_hp_loss":0.0,"gold_gain":75.0,"event_name":"World of Goop","player_choice":"Gather Gold","floor":3.0,"gold_loss":0.0,"damage_taken":11.0},{"damage_healed":0.0,"max_hp_gain":0.0,"max_hp_loss":0.0,"gold_gain":0.0,"event_name":"Shining Light","player_choice":"Entered Light","floor":5.0,"gold_loss":0.0,"damage_taken":19.0,"cards_upgraded":["Strike_B","Strike_B"]},{"damage_healed":0.0,"max_hp_gain":0.0,"max_hp_loss":0.0,"gold_gain":0.0,"event_name":"Mushrooms","player_choice":"Fought Mushrooms","floor":10.0,"gold_loss":0.0,"damage_taken":0.0},{"damage_healed":0.0,"max_hp_gain":0.0,"max_hp_loss":0.0,"gold_gain":0.0,"event_name":"Golden Idol","player_choice":"Take Wound","floor":11.0,"gold_loss":0.0,"damage_taken":0.0,"relics_obtained":["Golden Idol"],"cards_obtained":["Injury"]},{"damage_healed":0.0,"max_hp_gain":0.0,"max_hp_loss":0.0,"gold_gain":0.0,"event_name":"Forgotten Altar","player_choice":"Gave Idol","floor":19.0,"relics_lost":["Golden Idol"],"gold_loss":0.0,"damage_taken":0.0,"relics_obtained":["Bloody Idol"]},{"cards_removed":["Strike_B"],"damage_healed":0.0,"max_hp_gain":0.0,"max_hp_loss":0.0,"gold_gain":0.0,"event_name":"Back to Basics","player_choice":"Elegance","floor":21.0,"gold_loss":0.0,"damage_taken":0.0},{"damage_healed":0.0,"max_hp_gain":0.0,"max_hp_loss":0.0,"gold_gain":0.0,"event_name":"Cursed Tome","player_choice":"Obtained Book","floor":22.0,"gold_loss":0.0,"damage_taken":21.0},{"damage_healed":0.0,"max_hp_gain":0.0,"max_hp_loss":0.0,"gold_gain":0.0,"event_name":"Colosseum","player_choice":"Fight","floor":25.0,"gold_loss":0.0,"damage_taken":0.0},{"damage_healed":0.0,"max_hp_gain":0.0,"max_hp_loss":0.0,"gold_gain":0.0,"event_name":"Colosseum","player_choice":"Fled From Nobs","floor":25.0,"gold_loss":0.0,"damage_taken":0.0},{"damage_healed":0.0,"max_hp_gain":0.0,"max_hp_loss":0.0,"gold_gain":0.0,"event_name":"Match and Keep!","player_choice":"1 cards matched","floor":37.0,"gold_loss":0.0,"damage_taken":0.0,"cards_obtained":["BootSequence"]},{"damage_healed":0.0,"max_hp_gain":0.0,"max_hp_loss":0.0,"gold_gain":0.0,"cards_transformed":["Defend_B"],"event_name":"Transmorgrifier","player_choice":"Transformed","floor":41.0,"gold_loss":0.0,"damage_taken":0.0,"cards_obtained":["Genetic Algorithm"]}],"is_beta":false,"boss_relics":[{"not_picked":["Eternal Feather","Busted Crown"],"picked":"FrozenCore"},{"not_picked":["Velvet Choker","Empty Cage"],"picked":"Fusion Hammer"}],"items_purged_floors":[31],"is_endless":false,"potions_floor_spawned":[10,16,20,27,30,35,36,46],"killed_by":"Donu and Deca","ascension_level":20}