{"gold_per_floor":[368,3,14,14,27,27,27,27,27,54,68,68,96,106,106,204,204,219,219,237,38,38,38,38,56,128,154,154,164,174,200,200,304,304,318,330,330,330,9,9,20,20,102,114,114,129,129,147,147,147,147,147,25,52,52],"floor_reached":55,"playtime":2210,"items_purged":["Shame","Defend_B+1","Defend_B+1"],"score":1022,"play_id":"0e04e88a-55ab-4897-8b41-4c5461e9403c","local_time":"20190427165816","is_ascension_mode":true,"campfire_choices":[{"floor":6.0,"key":"DIG"},{"floor":8.0,"key":"DIG"},{"floor":12.0,"key":"DIG"},{"floor":15.0,"key":"DIG"},{"floor":23.0,"key":"DIG"},{"floor":28.0,"key":"REST"},{"floor":32.0,"key":"REST"},{"floor":40.0,"key":"RECALL"},{"floor":42.0,"key":"DIG"},{"data":"Consume","floor":47.0,"key":"SMITH"},{"floor":49.0,"key":"DIG"},{"data":"Dualcast","floor":52.0,"key":"SMITH"}],"neow_cost":"CURSE","seed_source_timestamp":0,"circlet_count":0,"master_deck":["Strike_B+1","Strike_B+1","Strike_B+1","Defend_B+1","Defend_B+1","Zap+1","Dualcast+1","Cold Snap","Seek+1","BootSequence","Echo Form","Redo+1","Reinforced Body","Seek","Consume+1","Conserve Battery+1","Chill","Dark Shackles+1","Capacitor","Loop","BootSequence+1"],"special_seed":0,"relics":["Cracked Core","Shovel","Mercury Hourglass","Darkstone Periapt","Symbiotic Virus","DataDisk","Letter Opener","Smiling Mask","Gremlin Horn","Inserter","PreservedInsect","Singing Bowl","Unceasing Top","Art of War","Lizard Tail","Lee\u0027s Waffle","Ginger","Shuriken","The Courier","Bottled Tornado","War Paint","Boot"],"potions_floor_usage":[55],"damage_taken":[{"damage":0.0,"enemies":"Small Slimes","floor":1.0,"turns":3.0},{"damage":2.0,"enemies":"Jaw Worm","floor":3.0,"turns":4.0},{"damage":0.0,"enemies":"2 Louse","floor":5.0,"turns":2.0},{"damage":9.0,"enemies":"3 Sentries","floor":10.0,"turns":5.0},{"damage":6.0,"enemies":"Looter","floor":11.0,"turns":2.0},{"damage":0.0,"enemies":"Gremlin Nob","floor":13.0,"turns":2.0},{"damage":6.0,"enemies":"Red Slaver","floor":14.0,"turns":2.0},{"damage":13.0,"enemies":"The Guardian","floor":16.0,"turns":10.0},{"damage":9.0,"enemies":"3 Byrds","floor":18.0,"turns":3.0},{"damage":3.0,"enemies":"Spheric Guardian","floor":20.0,"turns":3.0},{"damage":3.0,"enemies":"Cultist and Chosen","floor":25.0,"turns":5.0},{"damage":0.0,"enemies":"Gremlin Leader","floor":27.0,"turns":5.0},{"damage":12.0,"enemies":"Snake Plant","floor":29.0,"turns":4.0},{"damage":12.0,"enemies":"Centurion and Healer","floor":30.0,"turns":5.0},{"damage":19.0,"enemies":"Slavers","floor":31.0,"turns":3.0},{"damage":33.0,"enemies":"Collector","floor":33.0,"turns":8.0},{"damage":2.0,"enemies":"3 Darklings","floor":35.0,"turns":5.0},{"damage":6.0,"enemies":"Orb Walker","floor":36.0,"turns":3.0},{"damage":8.0,"enemies":"4 Shapes","floor":41.0,"turns":4.0},{"damage":0.0,"enemies":"Maw","floor":44.0,"turns":6.0},{"damage":2.0,"enemies":"Sphere and 2 Shapes","floor":46.0,"turns":6.0},{"damage":10.0,"enemies":"3 Darklings","floor":48.0,"turns":4.0},{"damage":0.0,"enemies":"Awakened One","floor":50.0,"turns":14.0},{"damage":74.0,"enemies":"Shield and Spear","floor":54.0,"turns":6.0},{"damage":83,"enemies":"The Heart","floor":55,"turns":3}],"seed_played":"-3386343278515991492","potions_obtained":[{"floor":5.0,"key":"FocusPotion"},{"floor":13.0,"key":"Fire Potion"},{"floor":16.0,"key":"Strength Potion"},{"floor":20.0,"key":"Fire Potion"},{"floor":33.0,"key":"Weak Potion"},{"floor":36.0,"key":"Explosive Potion"},{"floor":44.0,"key":"Explosive Potion"},{"floor":46.0,"key":"SkillPotion"},{"floor":54.0,"key":"Regen Potion"}],"is_trial":false,"path_per_floor":["M","$","M","?","M","R","?","R","T","E","M","R","E","M","R","B",null,"M","?","M","$","?","R","?","M","T","E","R","M","M","E","R","B",null,"M","M","?","?","$","R","M","R","T","M","?","M","R","M","R","B",null,"R","$","E","B"],"character_chosen":"DEFECT","items_purchased":["Shovel","PreservedInsect","Lee\u0027s Waffle","Capacitor","War Paint"],"campfire_rested":2,"item_purchase_floors":[2,21,39,39,53],"current_hp_per_floor":[68,68,66,66,66,66,66,66,66,57,51,51,51,45,45,32,64,55,55,52,52,52,52,52,51,51,51,74,64,52,35,59,28,69,67,61,61,61,90,90,82,82,82,84,84,84,84,74,74,74,89,89,89,17,0],"gold":52,"neow_bonus":"TWO_FIFTY_GOLD","is_prod":false,"is_daily":false,"chose_seed":false,"campfire_upgraded":2,"win_rate":0,"timestamp":1556398696,"path_taken":["M","$","M","?","M","R","?","R","T","E","M","R","E","M","R","BOSS","M","?","M","?","?","R","?","M","T","E","R","M","M","E","R","BOSS","M","M","?","?","$","R","M","R","T","M","?","M","R","M","R","BOSS","R","$","E","BOSS"],"build_version":"2019-01-23","purchased_purges":3,"victory":false,"max_hp_per_floor":[75,75,75,75,75,75,75,75,75,75,75,75,75,75,75,75,75,75,75,75,75,75,75,75,77,77,77,77,79,79,81,81,83,83,83,83,83,83,90,90,90,90,90,92,92,94,94,94,94,94,94,94,94,96,96],"card_choices":[{"not_picked":["Stack","Streamline","Barrage"],"picked":"SKIP","floor":1.0},{"not_picked":["Leap","Sweeping Beam"],"picked":"Cold Snap","floor":3.0},{"not_picked":["Steam","Hologram","Go for the Eyes"],"picked":"SKIP","floor":5.0},{"not_picked":["Turbo","Sweeping Beam"],"picked":"Seek","floor":10.0},{"not_picked":["Streamline","Steam Power","Barrage"],"picked":"SKIP","floor":11.0},{"not_picked":["Recycle","Melter","Go for the Eyes"],"picked":"SKIP","floor":13.0},{"not_picked":["Thunder Strike","Conserve Battery"],"picked":"BootSequence","floor":14.0},{"not_picked":["Rainbow","Amplify"],"picked":"Echo Form","floor":16.0},{"not_picked":["Ball Lightning+1","Capacitor"],"picked":"Redo+1","floor":18.0},{"not_picked":["Beam Cell","Ball Lightning+1","Reinforced Body"],"picked":"SKIP","floor":20.0},{"not_picked":["Beam Cell","Ball Lightning+1"],"picked":"Reinforced Body","floor":20.0},{"not_picked":["Tempest","Beam Cell","Hologram"],"picked":"Singing Bowl","floor":25.0},{"not_picked":["Beam Cell","Barrage+1"],"picked":"Seek","floor":27.0},{"not_picked":["Skim+1","Turbo","Beam Cell"],"picked":"Singing Bowl","floor":29.0},{"not_picked":["Beam Cell","Turbo"],"picked":"Consume","floor":30.0},{"not_picked":["Streamline","Conserve Battery","Aggregate"],"picked":"Singing Bowl","floor":31.0},{"not_picked":["Thunder Strike","Amplify","Reboot"],"picked":"Singing Bowl","floor":33.0},{"not_picked":["Doom and Gloom+1","Scrape+1"],"picked":"Conserve Battery+1","floor":35.0},{"not_picked":["Barrage","Stack+1"],"picked":"Chill","floor":36.0},{"not_picked":["Transmutation","Trip"],"picked":"Dark Shackles","floor":38.0},{"not_picked":["Skim+1","Leap+1"],"picked":"Loop","floor":41.0},{"not_picked":["Barrage+1","Static Discharge+1","Lockon+1"],"picked":"Singing Bowl","floor":44.0},{"not_picked":["Turbo+1","Barrage","Hologram+1"],"picked":"Singing Bowl","floor":46.0},{"not_picked":["Blizzard","Reinforced Body+1"],"picked":"BootSequence+1","floor":48.0},{"not_picked":["Ball Lightning","Reprogram+1","Darkness+1"],"picked":"Singing Bowl","floor":54.0}],"player_experience":203546,"relics_obtained":[{"floor":6.0,"key":"Mercury Hourglass"},{"floor":8.0,"key":"Darkstone Periapt"},{"floor":9.0,"key":"Symbiotic Virus"},{"floor":10.0,"key":"DataDisk"},{"floor":12.0,"key":"Letter Opener"},{"floor":13.0,"key":"Smiling Mask"},{"floor":15.0,"key":"Gremlin Horn"},{"floor":23.0,"key":"Singing Bowl"},{"floor":27.0,"key":"Unceasing Top"},{"floor":31.0,"key":"Art of War"},{"floor":42.0,"key":"Ginger"},{"floor":43.0,"key":"Shuriken"},{"floor":49.0,"key":"Bottled Tornado"},{"floor":54.0,"key":"Boot"}],"event_choices":[{"damage_healed":0.0,"max_hp_gain":0.0,"max_hp_loss":0.0,"gold_gain":0.0,"event_name":"Living Wall","player_choice":"Grow","floor":4.0,"gold_loss":0.0,"damage_taken":0.0,"cards_upgraded":["Zap"]},{"damage_healed":0.0,"max_hp_gain":0.0,"max_hp_loss":0.0,"gold_gain":0.0,"event_name":"The Cleric","player_choice":"Leave","floor":7.0,"gold_loss":0.0,"damage_taken":0.0},{"damage_healed":0.0,"max_hp_gain":0.0,"max_hp_loss":0.0,"gold_gain":0.0,"event_name":"Back to Basics","player_choice":"Simplicity","floor":19.0,"gold_loss":0.0,"damage_taken":0.0,"cards_upgraded":["Strike_B","Strike_B","Strike_B","Strike_B","Defend_B","Defend_B","Defend_B","Defend_B"]},{"damage_healed":0.0,"max_hp_gain":0.0,"max_hp_loss":0.0,"gold_gain":0.0,"event_name":"Vampires","player_choice":"Ignored","floor":22.0,"gold_loss":0.0,"damage_taken":0.0},{"damage_healed":0.0,"max_hp_gain":0.0,"max_hp_loss":0.0,"gold_gain":0.0,"event_name":"Cursed Tome","player_choice":"Ignored","floor":24.0,"gold_loss":0.0,"damage_taken":0.0},{"cards_removed":["Strike_B"],"damage_healed":0.0,"max_hp_gain":0.0,"max_hp_loss":0.0,"gold_gain":0.0,"event_name":"Falling","player_choice":"Removed Attack","floor":37.0,"gold_loss":0.0,"damage_taken":0.0},{"damage_healed":0.0,"max_hp_gain":0.0,"max_hp_loss":0.0,"gold_gain":0.0,"event_name":"SensoryStone","player_choice":"Memory 1","floor":38.0,"gold_loss":0.0,"damage_taken":0.0},{"damage_healed":0.0,"max_hp_gain":0.0,"max_hp_loss":0.0,"gold_gain":0.0,"event_name":"WeMeetAgain","player_choice":"Gave Potion","floor":45.0,"gold_loss":0.0,"damage_taken":0.0,"relics_obtained":["The Courier"]}],"is_beta":false,"boss_relics":[{"not_picked":["Eternal Feather","Black Star"],"picked":"Inserter"},{"not_picked":["Runic Dome","Pandora\u0027s Box"],"picked":"Lizard Tail"}],"items_purged_floors":[2,21,39],"is_endless":false,"potions_floor_spawned":[5,13,16,20,29,30,33,36,44,46,54],"killed_by":"The Heart","ascension_level":6}