{"gold_per_floor":[113,132,147,147,147,147,190,213,213,213,237,237,237,237,237,237],"floor_reached":16,"playtime":505,"items_purged":[],"score":155,"play_id":"d3a0605d-e5c4-4d31-92ba-d9b1d72127bd","local_time":"20180731000409","is_ascension_mode":true,"campfire_choices":[{"data":"Spot Weakness","floor":6,"key":"SMITH"},{"floor":10,"key":"REST"},{"data":"Metallicize","floor":13,"key":"SMITH"},{"data":"Armaments","floor":15,"key":"SMITH"}],"neow_cost":"NONE","seed_source_timestamp":1319728311535582,"circlet_count":0,"master_deck":["Strike_R","Strike_R","Strike_R","Strike_R","Strike_R","Defend_R","Defend_R","Defend_R","Bash+1","AscendersBane","Spot Weakness+1","Sword Boomerang","Battle Trance","Anger","Armaments+1","Metallicize+1"],"relics":["Burning Blood","Golden Idol","Potion Belt","Bag of Preparation","Frozen Egg 2","Lantern"],"potions_floor_usage":[8],"damage_taken":[{"damage":0,"enemies":"Cultist","floor":1,"turns":3},{"damage":12,"enemies":"Jaw Worm","floor":2,"turns":2},{"damage":10,"enemies":"Small Slimes","floor":3,"turns":3},{"damage":40,"enemies":"Lagavulin","floor":7,"turns":5},{"damage":6,"enemies":"3 Louse","floor":8,"turns":3},{"damage":9,"enemies":"2 Fungi Beasts","floor":11,"turns":3},{"damage":42,"enemies":"Slime Boss","floor":16,"turns":6}],"seed_played":"-9111809412979483147","potions_obtained":[{"floor":7,"key":"AttackPotion"},{"floor":8,"key":"SpeedPotion"}],"is_trial":false,"path_per_floor":["M","M","M","?","?","R","E","M","T","R","M","?","R","T","R"],"character_chosen":"IRONCLAD","items_purchased":[],"campfire_rested":1,"item_purchase_floors":[],"current_hp_per_floor":[78,72,68,61,41,41,7,10,10,34,31,31,31,31,31,0],"gold":237,"neow_bonus":"UPGRADE_CARD","is_prod":false,"is_daily":false,"chose_seed":false,"campfire_upgraded":3,"win_rate":0,"timestamp":1532966649,"path_taken":["M","M","?","?","?","R","E","M","T","R","M","?","R","?","R","BOSS"],"build_version":"2018-07-26","purchased_purges":0,"victory":false,"max_hp_per_floor":[80,80,80,80,80,80,80,83,83,83,83,83,83,83,83,83],"card_choices":[{"not_picked":["Armaments","Heavy Blade"],"picked":"Spot Weakness","floor":1},{"not_picked":["Cleave","Body Slam"],"picked":"Sword Boomerang","floor":2},{"not_picked":["Fire Breathing","Pommel Strike"],"picked":"Battle Trance","floor":3},{"not_picked":["Seeing Red","Headbutt"],"picked":"Anger","floor":7},{"not_picked":["True Grit","Barricade"],"picked":"Armaments","floor":8},{"not_picked":["Wild Strike","Havoc"],"picked":"Metallicize","floor":11}],"player_experience":456167,"relics_obtained":[{"floor":7,"key":"Potion Belt"},{"floor":9,"key":"Bag of Preparation"},{"floor":14,"key":"Lantern"}],"event_choices":[{"event_name":"Golden Wing","player_choice":"Card Removal","floor":4,"damage_taken":0},{"event_name":"Golden Idol","player_choice":"Take Damage","floor":5,"damage_taken":0},{"event_name":"WeMeetAgain","player_choice":"Potion","floor":12,"damage_taken":0}],"is_beta":true,"boss_relics":[],"items_purged_floors":[],"is_endless":false,"potions_floor_spawned":[7,8],"killed_by":"Slime Boss","ascension_level":11}