{"path_per_floor":["M","?","M","$","?","M","R","M","T","M","M","R","E","M","R","B",null,"M"],"character_chosen":"IRONCLAD","items_purchased":[],"gold_per_floor":[111,111,122,47,47,59,59,73,73,85,97,97,132,150,150,253,253,223,223],"floor_reached":19,"campfire_rested":2,"playtime":799,"current_hp_per_floor":[71,76,80,80,80,85,85,67,67,73,62,85,48,42,67,11,67,23,23],"items_purged":["Writhe"],"gold":223,"score":231,"play_id":"026cd2cb-bfcf-4073-8030-26523aaaeb36","local_time":"20180429133335","is_prod":false,"is_daily":false,"chose_seed":false,"is_ascension_mode":true,"campfire_upgraded":1,"timestamp":1524998015,"path_taken":["M","?","M","$","?","?","R","M","T","M","M","R","E","M","R","BOSS","M","M"],"build_version":"2018-04-28v2","seed_source_timestamp":592354012267289,"purchased_purges":1,"victory":false,"master_deck":["Strike_R","Strike_R","Strike_R","Strike_R","Strike_R","Defend_R","Defend_R","Defend_R","Defend_R","Bash","Whirlwind+1","Dual Wield","Heavy Blade","Hemokinesis","Feel No Pain","Thunderclap+1","Reaper+1","Clumsy","Pain","Pain"],"max_hp_per_floor":[80,85,85,85,85,85,85,85,85,85,85,85,85,85,85,85,85,85,85],"relics":["Burning Blood","Bird Faced Urn","Pantograph","Molten Egg 2","Calling Bell","Ancient Tea Set","Dodecahedron","Sundial"],"card_choices":[{"not_picked":["Body Slam","Havoc"],"picked":"Whirlwind","floor":1},{"not_picked":["Armaments","Clothesline"],"picked":"Dual Wield","floor":3},{"not_picked":["Ghostly Armor","Havoc"],"picked":"Heavy Blade","floor":8},{"not_picked":["Warcry","Thunderclap"],"picked":"Hemokinesis","floor":10},{"not_picked":["Pommel Strike","Clash"],"picked":"Feel No Pain","floor":13},{"not_picked":["Warcry","Wild Strike"],"picked":"Thunderclap","floor":14},{"not_picked":["Offering","Double Tap"],"picked":"Reaper","floor":16}],"player_experience":388393,"potions_floor_usage":[6,14,16,18],"damage_taken":[{"damage":7,"enemies":"Jaw Worm","floor":1,"turns":3},{"damage":2,"enemies":"2 Louse","floor":3,"turns":3},{"damage":1,"enemies":"Cultist","floor":6,"turns":5},{"damage":24,"enemies":"Exordium Thugs","floor":8,"turns":5},{"damage":0,"enemies":"3 Louse","floor":10,"turns":1},{"damage":17,"enemies":"Looter","floor":11,"turns":3},{"damage":43,"enemies":"Lagavulin","floor":13,"turns":5},{"damage":14,"enemies":"Red Slaver","floor":14,"turns":4},{"damage":84,"enemies":"The Guardian","floor":16,"turns":13},{"damage":62,"enemies":"2 Thieves","floor":18,"turns":5},{"damage":0,"enemies":"3 Byrds","floor":19,"turns":1}],"event_choices":[{"event_name":"Big Fish","player_choice":"Donut","floor":2,"damage_taken":0},{"event_name":"The Cleric","player_choice":"Leave","floor":5,"damage_taken":0}],"boss_relics":[{"not_picked":["Philosopher\u0027s Stone","Cursed Key"],"picked":"Calling Bell"}],"potions_floor_spawned":[1,13,14,16],"seed_played":"42582487171427261","killed_by":"3 Byrds","ascension_level":7,"is_trial":false}