{"gold_per_floor":[361,361,375,375,149,149,182,182,182,182,198,209,8,20,20,98,98,114,389,67,67,57,57,89,89,89,89,106,106,116,25,25,103,103,116,216,216,233,252,252],"floor_reached":40,"playtime":1208,"items_purged":["Defend_B","Regret"],"score":833,"play_id":"b811876b-e0f0-4807-ba39-c1e89242f8d9","local_time":"20190319192535","is_ascension_mode":true,"campfire_choices":[{"data":"Defragment","floor":6,"key":"SMITH"},{"data":"Static Discharge","floor":8,"key":"SMITH"},{"data":"Strike_B","floor":10,"key":"PURGE"},{"floor":15,"key":"REST"},{"data":"Shame","floor":23,"key":"PURGE"},{"data":"Apotheosis","floor":25,"key":"SMITH"},{"data":"Decay","floor":27,"key":"PURGE"},{"data":"Strike_B","floor":32,"key":"PURGE"}],"neow_cost":"TEN_PERCENT_HP_LOSS","seed_source_timestamp":2080009096100,"circlet_count":0,"master_deck":["AscendersBane","Defend_B","Defend_B","Defend_B","Zap","Dualcast","Cold Snap","Defragment+1","Bandage Up","Barrage","Static Discharge+1","Core Surge","Apotheosis+1","Coolheaded","Defragment","Self Repair","Seek","Capacitor","Conserve Battery+1","Rainbow","White Noise"],"relics":["Cracked Core","Oddly Smooth Stone","Dream Catcher","Peace Pipe","Cursed Key","Art of War","Vajra","The Courier","Pear","Empty Cage","Girya"],"potions_floor_usage":[7,12,16,16,22,24,28,40],"damage_taken":[{"damage":0,"enemies":"Small Slimes","floor":1,"turns":2},{"damage":0,"enemies":"Cultist","floor":3,"turns":3},{"damage":35,"enemies":"Gremlin Nob","floor":7,"turns":4},{"damage":13,"enemies":"Jaw Worm","floor":11,"turns":3},{"damage":16,"enemies":"Large Slime","floor":12,"turns":5},{"damage":3,"enemies":"Exordium Thugs","floor":14,"turns":4},{"damage":22,"enemies":"Hexaghost","floor":16,"turns":5},{"damage":5,"enemies":"3 Byrds","floor":18,"turns":3},{"damage":20,"enemies":"2 Thieves","floor":22,"turns":4},{"damage":34,"enemies":"Slavers","floor":24,"turns":2},{"damage":8,"enemies":"Snecko","floor":28,"turns":5},{"damage":38,"enemies":"Shelled Parasite and Fungi","floor":30,"turns":4},{"damage":46,"enemies":"Champ","floor":33,"turns":11},{"damage":33,"enemies":"3 Darklings","floor":35,"turns":4},{"damage":17,"enemies":"Mind Bloom Boss Battle","floor":36,"turns":4},{"damage":25,"enemies":"Orb Walker","floor":38,"turns":4},{"damage":15,"enemies":"Maw","floor":39,"turns":7},{"damage":59,"enemies":"Giant Head","floor":40,"turns":9}],"seed_played":"-2562528242397915370","potions_obtained":[{"floor":1,"key":"PowerPotion"},{"floor":3,"key":"Poison Potion"},{"floor":7,"key":"LiquidBronze"},{"floor":14,"key":"Poison Potion"},{"floor":16,"key":"SkillPotion"},{"floor":18,"key":"SkillPotion"},{"floor":24,"key":"SpeedPotion"},{"floor":30,"key":"Ancient Potion"},{"floor":37,"key":"Block Potion"},{"floor":37,"key":"SpeedPotion"}],"is_trial":false,"path_per_floor":["M","?","M","?","$","R","E","R","T","R","M","M","$","M","R","B",null,"M","?","$","?","M","R","E","R","T","R","M","?","M","$","R","B",null,"M","?","?","M","M","E"],"character_chosen":"DEFECT","items_purchased":["Bandage Up","Barrage","Apotheosis","Art of War","PowerPotion","Defragment","Self Repair"],"campfire_rested":1,"item_purchase_floors":[5,5,13,20,20,31,31],"current_hp_per_floor":[64,64,64,64,64,64,29,29,29,29,20,8,8,9,28,12,51,52,52,52,52,38,38,8,8,18,18,14,84,52,52,52,19,68,49,48,48,39,40,0],"gold":252,"neow_bonus":"TWO_FIFTY_GOLD","is_prod":false,"is_daily":false,"chose_seed":false,"campfire_upgraded":3,"win_rate":0,"timestamp":1552991135,"path_taken":["M","?","?","?","$","R","E","R","T","R","M","M","?","M","R","BOSS","M","?","?","?","M","R","E","R","T","R","M","?","?","$","R","BOSS","M","?","?","M","?","E"],"build_version":"2019-01-23","purchased_purges":2,"victory":false,"max_hp_per_floor":[64,64,64,64,64,64,64,64,64,64,64,64,64,64,64,64,64,64,64,64,64,64,64,64,64,74,74,74,84,84,84,84,84,84,84,84,84,84,84,84],"card_choices":[{"not_picked":["Rip and Tear","Chaos"],"picked":"Cold Snap","floor":1},{"not_picked":["Rip and Tear","Reinforced Body"],"picked":"Defragment","floor":3},{"not_picked":["Sweeping Beam","Rebound"],"picked":"Static Discharge","floor":7},{"not_picked":["Static Discharge","Hologram","Heatsinks"],"picked":"SKIP","floor":11},{"not_picked":["Blizzard","Leap"],"picked":"Core Surge","floor":12},{"not_picked":["Hologram","Ball Lightning","Stack"],"picked":"SKIP","floor":14},{"not_picked":["Buffer","Thunder Strike"],"picked":"Rainbow","floor":16},{"not_picked":["Sweeping Beam","Scrape","Steam Power"],"picked":"SKIP","floor":18},{"not_picked":["Gash","Cold Snap","Rebound+1"],"picked":"SKIP","floor":22},{"not_picked":["Heatsinks","Stack","Machine Learning"],"picked":"SKIP","floor":24},{"not_picked":["Go for the Eyes","Beam Cell","Leap"],"picked":"SKIP","floor":28},{"not_picked":["Tempest","Heatsinks"],"picked":"Coolheaded","floor":30},{"not_picked":["Buffer","Thunder Strike"],"picked":"Seek","floor":33},{"not_picked":["Beam Cell","Sweeping Beam+1"],"picked":"Capacitor","floor":35},{"not_picked":["Turbo","Steam"],"picked":"Conserve Battery+1","floor":36},{"not_picked":["Streamline","Self Repair"],"picked":"Rainbow","floor":38},{"not_picked":["Darkness","Force Field+1"],"picked":"White Noise","floor":39}],"player_experience":2378199,"relics_obtained":[{"floor":7,"key":"Dream Catcher"},{"floor":9,"key":"Peace Pipe"},{"floor":24,"key":"The Courier"},{"floor":26,"key":"Pear"},{"floor":36,"key":"Girya"}],"event_choices":[{"damage_healed":0,"gold_gain":0,"player_choice":"1 cards matched","damage_taken":0,"max_hp_gain":0,"max_hp_loss":0,"event_name":"Match and Keep!","floor":2,"gold_loss":0,"cards_obtained":["Hologram"]},{"cards_removed":["Hologram"],"damage_healed":0,"gold_gain":0,"player_choice":"Gave Card","damage_taken":0,"relics_obtained":["Oddly Smooth Stone"],"max_hp_gain":0,"max_hp_loss":0,"event_name":"WeMeetAgain","floor":4,"gold_loss":0},{"damage_healed":0,"gold_gain":275,"player_choice":"Desecrate","damage_taken":0,"max_hp_gain":0,"max_hp_loss":0,"event_name":"Golden Shrine","floor":19,"gold_loss":0,"cards_obtained":["Regret"]},{"damage_healed":0,"gold_gain":0,"player_choice":"Stole Relic","damage_taken":0,"relics_obtained":["Vajra"],"max_hp_gain":0,"max_hp_loss":0,"event_name":"Addict","floor":21,"gold_loss":0,"cards_obtained":["Shame"]},{"cards_removed":["Rainbow"],"damage_healed":60,"gold_gain":0,"player_choice":"Offered Rare","damage_taken":0,"max_hp_gain":10,"max_hp_loss":0,"event_name":"Bonfire Elementals","floor":29,"gold_loss":0},{"damage_healed":0,"gold_gain":0,"player_choice":"Fight","damage_taken":0,"max_hp_gain":0,"max_hp_loss":0,"event_name":"MindBloom","floor":36,"gold_loss":0},{"damage_healed":0,"gold_gain":0,"player_choice":"Got Potions","damage_taken":0,"max_hp_gain":0,"max_hp_loss":0,"event_name":"Lab","floor":37,"gold_loss":0}],"is_beta":false,"boss_relics":[{"not_picked":["Runic Dome","Coffee Dripper"],"picked":"Cursed Key"},{"not_picked":["Snecko Eye","Black Star"],"picked":"Empty Cage"}],"items_purged_floors":[5,20],"is_endless":false,"potions_floor_spawned":[1,3,7,14,16,18,24,30,38],"killed_by":"Giant Head","ascension_level":20}