{"gold_per_floor":[114,114,35,46,46,46,77,93,93,41,41,70,128,39,39,113,113,131,142,161,90,90,0,0,0],"floor_reached":25,"playtime":674,"items_purged":["Strike_B"],"score":464,"play_id":"8650a600-523f-493c-88bc-7d7d57a98d01","local_time":"20190309222926","is_ascension_mode":true,"campfire_choices":[{"data":"Loop","floor":6,"key":"SMITH"},{"data":"Zap","floor":11,"key":"SMITH"},{"floor":15,"key":"REST"},{"data":"Loop","floor":24,"key":"SMITH"}],"neow_cost":"NONE","seed_source_timestamp":43844309945500,"circlet_count":0,"master_deck":["AscendersBane","Strike_B","Strike_B","Strike_B","Defend_B","Defend_B","Defend_B","Defend_B","Zap+1","Dualcast","BootSequence","Loop+1","FTL","Coolheaded","Consume+1","Core Surge","Cold Snap","Double Energy+1","Self Repair","Loop+1"],"relics":["FrozenCore","NeowsBlessing","Darkstone Periapt","The Courier","Toxic Egg 2"],"potions_floor_usage":[12,20],"damage_taken":[{"damage":0,"enemies":"Jaw Worm","floor":1,"turns":1},{"damage":0,"enemies":"Cultist","floor":4,"turns":1},{"damage":0,"enemies":"Gremlin Nob","floor":7,"turns":1},{"damage":0,"enemies":"2 Louse","floor":8,"turns":2},{"damage":21,"enemies":"3 Sentries","floor":12,"turns":8},{"damage":32,"enemies":"3 Sentries","floor":13,"turns":10},{"damage":27,"enemies":"The Guardian","floor":16,"turns":15},{"damage":20,"enemies":"Chosen","floor":18,"turns":8},{"damage":9,"enemies":"Shell Parasite","floor":19,"turns":7},{"damage":25,"enemies":"3 Cultists","floor":20,"turns":5},{"damage":0,"enemies":"Cultist and Chosen","floor":25,"turns":2}],"seed_played":"6863488133059726263","potions_obtained":[{"floor":2,"key":"AttackPotion"},{"floor":2,"key":"FairyPotion"},{"floor":16,"key":"AttackPotion"}],"is_trial":false,"path_per_floor":["M","?","$","M","?","R","E","M","T","$","R","E","?","$","R","B",null,"M","M","M","$","?","?","R","M"],"character_chosen":"DEFECT","items_purchased":["Loop","Coolheaded","Consume+1","Loop"],"campfire_rested":1,"item_purchase_floors":[3,10,14,21],"current_hp_per_floor":[64,64,64,64,69,69,69,69,69,69,69,48,16,16,38,11,60,40,31,6,6,8,8,8,8],"gold":0,"neow_bonus":"THREE_ENEMY_KILL","is_prod":false,"is_daily":false,"chose_seed":false,"campfire_upgraded":3,"win_rate":0,"timestamp":1552138166,"path_taken":["M","?","$","?","?","R","E","M","T","$","R","E","?","?","R","BOSS","M","?","M","$","?","?","R","M"],"build_version":"2019-01-23","purchased_purges":1,"victory":false,"max_hp_per_floor":[71,71,71,71,76,76,76,76,76,76,76,76,76,76,76,76,76,76,76,76,76,81,81,81,81],"card_choices":[{"not_picked":["Compile Driver","Conserve Battery"],"picked":"BootSequence","floor":1},{"not_picked":["Genetic Algorithm","Redo"],"picked":"FTL","floor":4},{"not_picked":["Amplify","Redo","Static Discharge"],"picked":"SKIP","floor":7},{"not_picked":["Beam Cell","Hologram","Stack"],"picked":"SKIP","floor":8},{"not_picked":["Sweeping Beam","Conserve Battery","Turbo"],"picked":"SKIP","floor":12},{"not_picked":["Meteor Strike","Biased Cognition"],"picked":"Core Surge","floor":16},{"not_picked":["Gash","Rebound+1"],"picked":"Cold Snap","floor":18},{"not_picked":["Redo+1","Ball Lightning"],"picked":"Double Energy+1","floor":19},{"not_picked":["Lockon","Cold Snap"],"picked":"Self Repair","floor":20}],"player_experience":2116792,"relics_obtained":[{"floor":7,"key":"Darkstone Periapt"},{"floor":12,"key":"The Courier"},{"floor":13,"key":"Toxic Egg 2"}],"event_choices":[{"damage_healed":0,"gold_gain":0,"player_choice":"Got Potions","damage_taken":0,"max_hp_gain":0,"max_hp_loss":0,"event_name":"Lab","floor":2,"gold_loss":0},{"damage_healed":0,"gold_gain":0,"player_choice":"Donut","damage_taken":0,"max_hp_gain":5,"max_hp_loss":0,"event_name":"Big Fish","floor":5,"gold_loss":0},{"damage_healed":0,"gold_gain":30,"player_choice":"Searched \u00273\u0027 times","damage_taken":0,"max_hp_gain":0,"max_hp_loss":0,"event_name":"Dead Adventurer","floor":13,"gold_loss":0},{"damage_healed":0,"gold_gain":0,"player_choice":"Shed Blood","damage_taken":27,"max_hp_gain":5,"max_hp_loss":0,"event_name":"Forgotten Altar","floor":22,"gold_loss":0},{"damage_healed":0,"gold_gain":0,"player_choice":"Paid Fearfully","damage_taken":0,"max_hp_gain":0,"max_hp_loss":0,"event_name":"Masked Bandits","floor":23,"gold_loss":90}],"is_beta":false,"boss_relics":[{"not_picked":["Orrery","Tiny House"],"picked":"FrozenCore"}],"items_purged_floors":[14],"is_endless":false,"potions_floor_spawned":[4,7,16],"killed_by":"Cultist and Chosen","ascension_level":20}