{"gold_per_floor":[218,235,250,29,52,86,104,104,127,127,143,153,153,172,172,246,246,265,265,265,328,170,220,220,141,141,141,152,77,42,59,59,59],"floor_reached":33,"playtime":1611,"items_purged":["Decay"],"score":466,"play_id":"ccf89e96-55d6-430a-a82c-3c46f6bf487f","local_time":"20190328192104","is_ascension_mode":true,"campfire_choices":[{"floor":10,"key":"REST"},{"data":"Self Repair","floor":15,"key":"SMITH"},{"floor":24,"key":"REST"},{"data":"Storm","floor":27,"key":"SMITH"},{"data":"Storm","floor":32,"key":"SMITH"}],"neow_cost":"NONE","seed_source_timestamp":1227363027358329,"circlet_count":0,"master_deck":["AscendersBane","Strike_B","Strike_B","Strike_B","Strike_B","Defend_B","Defend_B","Defend_B","Defend_B","Zap","Dualcast","Cold Snap","Streamline","Barrage","Self Repair+1","Ball Lightning","Chill","Redo+1","Conserve Battery","Parasite","Conserve Battery","Compile Driver","Cold Snap","Meteor Strike","Storm+1","Compile Driver","Static Discharge","Storm+1","Loop","Loop","Rebound"],"relics":["Cracked Core","Bag of Preparation","Mercury Hourglass","Ancient Tea Set","Black Star","SsserpentHead","Bag of Marbles","Emotion Chip"],"potions_floor_usage":[21,31],"damage_taken":[{"damage":2,"enemies":"Cultist","floor":1,"turns":4},{"damage":2,"enemies":"2 Louse","floor":2,"turns":2},{"damage":7,"enemies":"Small Slimes","floor":3,"turns":3},{"damage":37,"enemies":"Gremlin Nob","floor":6,"turns":4},{"damage":0,"enemies":"Blue Slaver","floor":7,"turns":3},{"damage":0,"enemies":"Large Slime","floor":11,"turns":4},{"damage":7,"enemies":"Red Slaver","floor":12,"turns":2},{"damage":0,"enemies":"2 Fungi Beasts","floor":14,"turns":2},{"damage":25,"enemies":"The Guardian","floor":16,"turns":12},{"damage":40,"enemies":"Shell Parasite","floor":18,"turns":7},{"damage":6,"enemies":"Spheric Guardian","floor":21,"turns":3},{"damage":6,"enemies":"Cultist and Chosen","floor":31,"turns":5},{"damage":89,"enemies":"Collector","floor":33,"turns":7}],"seed_played":"-403365832074232033","potions_obtained":[{"floor":6,"key":"Explosive Potion"},{"floor":12,"key":"AttackPotion"},{"floor":16,"key":"PowerPotion"},{"floor":21,"key":"Energy Potion"},{"floor":31,"key":"Regen Potion"}],"is_trial":false,"path_per_floor":["M","M","M","$","T","E","M","?","T","R","M","M","?","M","R","B",null,"M","?","?","M","$","?","R","$","T","R","$","$","?","M","R","B"],"character_chosen":"DEFECT","items_purchased":["Self Repair","Ball Lightning","Chill","Static Discharge","Storm","Loop","Loop"],"campfire_rested":2,"item_purchase_floors":[4,4,4,22,25,28,29],"current_hp_per_floor":[62,60,53,53,53,23,30,47,47,68,71,64,64,71,71,56,67,37,37,37,41,41,41,62,62,62,62,62,62,62,66,66,0],"gold":59,"neow_bonus":"HUNDRED_GOLD","is_prod":false,"is_daily":false,"chose_seed":false,"campfire_upgraded":3,"win_rate":0,"timestamp":1553793664,"path_taken":["M","M","M","$","?","E","M","?","T","R","M","M","?","M","R","BOSS","M","?","?","?","$","?","R","$","T","R","?","$","?","M","R","BOSS"],"build_version":"2019-01-23","purchased_purges":1,"victory":false,"max_hp_per_floor":[71,71,71,71,71,71,71,71,71,71,71,71,71,71,71,71,71,71,71,71,71,71,71,71,71,71,71,71,71,71,71,71,71],"card_choices":[{"not_picked":["Streamline","Conserve Battery"],"picked":"Cold Snap","floor":1},{"not_picked":["Scrape","Gash"],"picked":"Streamline","floor":2},{"not_picked":["Leap","Compile Driver"],"picked":"Barrage","floor":3},{"not_picked":["Coolheaded","Skim"],"picked":"Redo","floor":6},{"not_picked":["Go for the Eyes","Reinforced Body"],"picked":"Conserve Battery","floor":7},{"not_picked":["Doom and Gloom","Gash"],"picked":"Conserve Battery","floor":11},{"not_picked":["Consume","Hologram"],"picked":"Compile Driver","floor":12},{"not_picked":["Steam","BootSequence"],"picked":"Cold Snap","floor":14},{"not_picked":["Machine Learning","Hyperbeam"],"picked":"Meteor Strike","floor":16},{"not_picked":["Steam","Go for the Eyes"],"picked":"Storm","floor":18},{"not_picked":["Double Energy","Reprogram"],"picked":"Compile Driver","floor":21},{"not_picked":["Gash","Reinforced Body"],"picked":"Rebound","floor":31}],"player_experience":1139985,"relics_obtained":[{"floor":5,"key":"Bag of Preparation"},{"floor":6,"key":"Mercury Hourglass"},{"floor":9,"key":"Ancient Tea Set"},{"floor":26,"key":"Bag of Marbles"}],"event_choices":[{"damage_healed":17,"gold_gain":0,"player_choice":"Healed and dodged fight","damage_taken":0,"max_hp_gain":0,"max_hp_loss":0,"event_name":"Mushrooms","floor":8,"gold_loss":0,"cards_obtained":["Parasite"]},{"damage_healed":0,"gold_gain":0,"player_choice":"Grow","damage_taken":0,"max_hp_gain":0,"max_hp_loss":0,"event_name":"Living Wall","floor":13,"gold_loss":0,"cards_upgraded":["Redo"]},{"damage_healed":0,"gold_gain":0,"player_choice":"Smashed Altar","damage_taken":0,"max_hp_gain":0,"max_hp_loss":0,"event_name":"Forgotten Altar","floor":19,"gold_loss":0,"cards_obtained":["Decay"]},{"damage_healed":0,"gold_gain":0,"player_choice":"Trade","damage_taken":0,"relics_obtained":["SsserpentHead"],"max_hp_gain":0,"max_hp_loss":0,"event_name":"FaceTrader","floor":20,"gold_loss":0},{"damage_healed":0,"gold_gain":0,"player_choice":"Ignored","damage_taken":0,"max_hp_gain":0,"max_hp_loss":0,"event_name":"Ghosts","floor":23,"gold_loss":0},{"damage_healed":0,"gold_gain":0,"player_choice":"Obtained Relic","damage_taken":0,"relics_obtained":["Emotion Chip"],"max_hp_gain":0,"max_hp_loss":0,"event_name":"Addict","floor":30,"gold_loss":85}],"is_beta":false,"boss_relics":[{"not_picked":["White Beast Statue","Astrolabe"],"picked":"Black Star"}],"items_purged_floors":[22],"is_endless":false,"potions_floor_spawned":[6,12,16,21,31],"killed_by":"Collector","ascension_level":18}