{"gold_per_floor":[116,127,127,51,51,51,71,71,71,97,114,146,146,174,174,251,251,264,264,264,280,298,326,326,326,326,353,42,317,329,345,345,421,421,436,436,453,453,473,504,504,517,562,592,609,639,639,650,650,650,650,650,650,23,53,53],"floor_reached":57,"playtime":2470,"items_purged":["Strike_B"],"score":2900,"play_id":"6995d520-dfbe-49fb-8bca-dd4ed1ab6ecf","local_time":"20190325133130","is_ascension_mode":true,"campfire_choices":[{"data":"Biased Cognition","floor":6,"key":"SMITH"},{"data":"Zap","floor":8,"key":"SMITH"},{"data":"Dualcast","floor":13,"key":"SMITH"},{"data":"White Noise","floor":15,"key":"SMITH"},{"floor":24,"key":"REST"},{"data":"Blizzard","floor":32,"key":"SMITH"},{"floor":41,"key":"REST"},{"floor":47,"key":"RECALL"},{"data":"Coolheaded","floor":49,"key":"SMITH"},{"floor":53,"key":"REST"}],"neow_cost":"NONE","seed_source_timestamp":64797719614700,"circlet_count":0,"master_deck":["AscendersBane","Strike_B","Defend_B","Defend_B","Defend_B","Defend_B","Zap+1","Dualcast+1","Biased Cognition+1","Ball Lightning","Cold Snap","Chill","White Noise+1","Heatsinks+1","Echo Form+1","Cold Snap","Defragment+1","Capacitor+1","Gash","BootSequence","Loop+1","Blizzard+1","Electrodynamics+1","Force Field+1","Loop+1","Self Repair+1","Coolheaded+1","Echo Form+1","Capacitor+1","Capacitor+1","Secret Technique","Loop+1"],"relics":["Cracked Core","Du-Vu Doll","Mercury Hourglass","Bag of Marbles","Frozen Egg 2","Mummified Hand","Runic Dome","Incense Burner","Singing Bowl","Darkstone Periapt","Omamori","Snecko Eye","Thread and Needle","Orichalcum","Potion Belt","Ornamental Fan","Oddly Smooth Stone","DataDisk"],"potions_floor_usage":[10,12,16,23,33,50,56,56,56],"damage_taken":[{"damage":4,"enemies":"Jaw Worm","floor":1,"turns":3},{"damage":3,"enemies":"2 Louse","floor":2,"turns":3},{"damage":0,"enemies":"Cultist","floor":7,"turns":3},{"damage":6,"enemies":"Gremlin Nob","floor":10,"turns":3},{"damage":0,"enemies":"3 Louse","floor":11,"turns":2},{"damage":3,"enemies":"3 Sentries","floor":12,"turns":4},{"damage":19,"enemies":"Gremlin Nob","floor":14,"turns":4},{"damage":9,"enemies":"Slime Boss","floor":16,"turns":7},{"damage":13,"enemies":"3 Byrds","floor":18,"turns":3},{"damage":14,"enemies":"Shell Parasite","floor":21,"turns":3},{"damage":0,"enemies":"3 Cultists","floor":22,"turns":4},{"damage":19,"enemies":"Book of Stabbing","floor":23,"turns":3},{"damage":0,"enemies":"Gremlin Leader","floor":27,"turns":4},{"damage":0,"enemies":"Sentry and Sphere","floor":30,"turns":3},{"damage":13,"enemies":"Chosen and Byrds","floor":31,"turns":5},{"damage":8,"enemies":"Champ","floor":33,"turns":9},{"damage":18,"enemies":"3 Darklings","floor":35,"turns":2},{"damage":17,"enemies":"Orb Walker","floor":37,"turns":3},{"damage":0,"enemies":"Jaw Worm Horde","floor":39,"turns":2},{"damage":31,"enemies":"Nemesis","floor":40,"turns":5},{"damage":0,"enemies":"Spire Growth","floor":42,"turns":4},{"damage":4,"enemies":"Reptomancer","floor":44,"turns":5},{"damage":0,"enemies":"3 Darklings","floor":45,"turns":3},{"damage":7,"enemies":"Nemesis","floor":46,"turns":5},{"damage":0,"enemies":"4 Shapes","floor":48,"turns":5},{"damage":56,"enemies":"Awakened One","floor":50,"turns":11},{"damage":22,"enemies":"Time Eater","floor":51,"turns":12},{"damage":0,"enemies":"Shield and Spear","floor":55,"turns":3},{"damage":81,"enemies":"The Heart","floor":56,"turns":11}],"seed_played":"4468232810576810736","potions_obtained":[{"floor":5,"key":"Regen Potion"},{"floor":5,"key":"Strength Potion"},{"floor":10,"key":"SpeedPotion"},{"floor":11,"key":"AttackPotion"},{"floor":12,"key":"FairyPotion"},{"floor":21,"key":"LiquidBronze"},{"floor":22,"key":"PowerPotion"},{"floor":23,"key":"Ancient Potion"},{"floor":37,"key":"Strength Potion"},{"floor":44,"key":"Strength Potion"},{"floor":45,"key":"AttackPotion"},{"floor":55,"key":"FairyPotion"}],"is_trial":false,"path_per_floor":["M","M","?","$","?","R","M","R","T","E","M","E","R","E","R","B",null,"M","?","T","M","M","E","R","?","T","E","$","?","M","M","R","B",null,"M","?","M","?","M","E","R","M","T","E","M","E","R","M","R","B","B",null,"R","$","E","B",null],"character_chosen":"DEFECT","items_purchased":["Chill","Loop+1","Omamori","Blizzard","Capacitor+1","Block Potion","Block Potion","Dexterity Potion","Secret Technique","Oddly Smooth Stone"],"campfire_rested":3,"item_purchase_floors":[4,28,28,28,54,54,54,54,54,54],"current_hp_per_floor":[60,57,52,52,52,52,52,52,52,46,46,55,55,36,36,27,60,47,47,47,33,33,16,37,37,37,39,39,39,41,30,30,22,65,47,47,30,30,30,17,40,52,52,60,70,75,75,85,85,39,37,73,85,85,85,14],"gold":53,"neow_bonus":"ONE_RANDOM_RARE_CARD","is_prod":false,"is_daily":false,"chose_seed":false,"campfire_upgraded":6,"win_rate":0,"timestamp":1553488290,"path_taken":["M","M","?","$","?","R","?","R","T","E","M","E","R","E","R","BOSS","M","?","?","M","M","E","R","?","T","E","$","?","M","?","R","BOSS","M","?","?","?","M","E","R","M","T","E","M","E","R","M","R","BOSS","BOSS","R","$","E","BOSS"],"build_version":"2019-01-23","purchased_purges":1,"victory":true,"max_hp_per_floor":[71,71,71,71,71,71,71,71,71,71,71,71,71,71,71,71,71,71,71,71,71,71,73,73,73,73,75,75,75,77,79,79,79,79,79,79,79,79,79,79,79,81,81,83,83,85,85,85,85,85,85,85,85,85,85,85],"card_choices":[{"not_picked":["Streamline","Blizzard"],"picked":"Ball Lightning","floor":1},{"not_picked":["Hologram","Beam Cell"],"picked":"Cold Snap","floor":2},{"not_picked":["Turbo","Barrage","Sweeping Beam"],"picked":"SKIP","floor":7},{"not_picked":["Ball Lightning","Sweeping Beam","Hologram"],"picked":"SKIP","floor":10},{"not_picked":["Skim","Leap","Genetic Algorithm"],"picked":"SKIP","floor":11},{"not_picked":["Go for the Eyes","Stack"],"picked":"White Noise","floor":12},{"not_picked":["White Noise","Redo"],"picked":"Heatsinks+1","floor":14},{"not_picked":["Thunder Strike","Amplify"],"picked":"Echo Form+1","floor":16},{"not_picked":["Gash","Turbo+1"],"picked":"Cold Snap","floor":18},{"not_picked":["Sweeping Beam","Rebound"],"picked":"Defragment+1","floor":21},{"not_picked":["BootSequence","Force Field"],"picked":"Capacitor+1","floor":22},{"not_picked":["Doom and Gloom","Rebound","Barrage+1"],"picked":"Singing Bowl","floor":23},{"not_picked":["Hyperbeam","Hologram","Multi-Cast"],"picked":"Singing Bowl","floor":27},{"not_picked":["Hologram","Go for the Eyes","Stack"],"picked":"Singing Bowl","floor":30},{"not_picked":["Leap","Beam Cell","Turbo"],"picked":"Singing Bowl","floor":31},{"not_picked":["Fission","Meteor Strike"],"picked":"Electrodynamics+1","floor":33},{"not_picked":["Stack","Rebound"],"picked":"Force Field+1","floor":35},{"not_picked":["Redo","Sweeping Beam"],"picked":"Loop+1","floor":37},{"not_picked":["Sweeping Beam","Leap"],"picked":"Self Repair+1","floor":39},{"not_picked":["Hello World+1","Aggregate"],"picked":"Coolheaded","floor":40},{"not_picked":["Stack","Lockon","Compile Driver"],"picked":"Singing Bowl","floor":42},{"not_picked":["Streamline","Lockon","Ball Lightning+1"],"picked":"Singing Bowl","floor":44},{"not_picked":["Redo","Ball Lightning"],"picked":"Echo Form+1","floor":45},{"not_picked":["Stack","Steam Power","Barrage"],"picked":"Singing Bowl","floor":46},{"not_picked":["Stack","Rebound"],"picked":"Capacitor+1","floor":48},{"not_picked":["Stack","Hologram+1"],"picked":"Loop+1","floor":55}],"player_experience":2557573,"relics_obtained":[{"floor":9,"key":"Mercury Hourglass"},{"floor":10,"key":"Bag of Marbles"},{"floor":12,"key":"Frozen Egg 2"},{"floor":14,"key":"Mummified Hand"},{"floor":20,"key":"Incense Burner"},{"floor":23,"key":"Singing Bowl"},{"floor":27,"key":"Darkstone Periapt"},{"floor":40,"key":"Thread and Needle"},{"floor":43,"key":"Orichalcum"},{"floor":44,"key":"Potion Belt"},{"floor":46,"key":"Ornamental Fan"},{"floor":55,"key":"DataDisk"}],"event_choices":[{"damage_healed":0,"gold_gain":0,"player_choice":"Success","damage_taken":5,"relics_obtained":["Du-Vu Doll"],"max_hp_gain":0,"max_hp_loss":0,"event_name":"Scrap Ooze","floor":3,"gold_loss":0},{"damage_healed":0,"gold_gain":0,"player_choice":"Got Potions","damage_taken":0,"max_hp_gain":0,"max_hp_loss":0,"event_name":"Lab","floor":5,"gold_loss":0},{"damage_healed":0,"gold_gain":0,"player_choice":"Ignored","damage_taken":0,"max_hp_gain":0,"max_hp_loss":0,"event_name":"Ghosts","floor":19,"gold_loss":0},{"damage_healed":0,"gold_gain":0,"cards_transformed":["Strike_B","Strike_B"],"player_choice":"Became Test Subject","damage_taken":0,"max_hp_gain":0,"max_hp_loss":0,"event_name":"Drug Dealer","floor":25,"gold_loss":0,"cards_obtained":["Gash","BootSequence"]},{"damage_healed":0,"gold_gain":275,"player_choice":"Desecrate","damage_taken":0,"max_hp_gain":0,"max_hp_loss":0,"event_name":"Golden Shrine","floor":29,"gold_loss":0,"cards_obtained":["Regret"]},{"damage_healed":0,"gold_gain":0,"player_choice":"Ignored","damage_taken":0,"max_hp_gain":0,"max_hp_loss":0,"event_name":"SecretPortal","floor":36,"gold_loss":0},{"damage_healed":0,"gold_gain":0,"player_choice":"Ignored","damage_taken":0,"max_hp_gain":0,"max_hp_loss":0,"event_name":"Mysterious Sphere","floor":38,"gold_loss":0}],"is_beta":false,"boss_relics":[{"not_picked":["Empty Cage","Eternal Feather"],"picked":"Runic Dome"},{"not_picked":["Velvet Choker","FrozenCore"],"picked":"Snecko Eye"}],"items_purged_floors":[54],"is_endless":false,"potions_floor_spawned":[7,10,11,12,21,22,23,27,30,37,39,44,45,55],"ascension_level":20}