{"gold_per_floor":[111,111,33,44,60,60,89,164,189,1,1,12,31,56,56,56],"floor_reached":16,"playtime":389,"items_purged":[],"score":143,"play_id":"040ea400-8251-4fb0-b8b4-32c3bdcd9063","local_time":"20190427134521","is_ascension_mode":true,"campfire_choices":[{"data":"Dualcast","floor":6,"key":"SMITH"},{"floor":11,"key":"REST"},{"data":"Defragment","floor":15,"key":"SMITH"}],"neow_cost":"NONE","seed_source_timestamp":245931821161200,"circlet_count":0,"master_deck":["Strike_B","Strike_B","Strike_B","Strike_B","Defend_B","Defend_B","Defend_B","Defend_B","Zap+1","Dualcast+1","Auto Shields","Reprogram","Defragment+1","Self Repair","Loop","Aggregate"],"relics":["Cracked Core","NeowsBlessing","Lantern","PreservedInsect","Blue Candle"],"potions_floor_usage":[],"damage_taken":[{"damage":0,"enemies":"Small Slimes","floor":1,"turns":1},{"damage":0,"enemies":"Cultist","floor":4,"turns":1},{"damage":0,"enemies":"Jaw Worm","floor":5,"turns":1},{"damage":14,"enemies":"Gremlin Nob","floor":7,"turns":4},{"damage":6,"enemies":"Looter","floor":12,"turns":3},{"damage":16,"enemies":"Blue Slaver","floor":13,"turns":4},{"damage":15,"enemies":"Lagavulin","floor":14,"turns":4},{"damage":54,"enemies":"The Guardian","floor":16,"turns":8}],"seed_played":"8197953736041680912","potions_obtained":[{"floor":7,"key":"FearPotion"},{"floor":14,"key":"Ancient Potion"}],"is_trial":false,"path_per_floor":["M","?","$","M","M","R","E","?","T","$","R","M","M","E","R","B"],"character_chosen":"DEFECT","items_purchased":["Reprogram","Self Repair","PreservedInsect"],"campfire_rested":1,"item_purchase_floors":[3,10,10],"current_hp_per_floor":[68,68,68,68,68,68,54,47,47,47,69,70,61,53,53,0],"gold":56,"neow_bonus":"THREE_ENEMY_KILL","is_prod":false,"is_daily":false,"chose_seed":false,"campfire_upgraded":2,"win_rate":0,"timestamp":1556387121,"path_taken":["M","?","$","?","M","R","E","?","T","$","R","M","M","E","R","BOSS"],"build_version":"2019-01-23","purchased_purges":0,"victory":false,"max_hp_per_floor":[75,75,75,75,75,75,75,75,75,75,75,75,75,75,75,75],"card_choices":[{"not_picked":["Redo","Beam Cell"],"picked":"Auto Shields","floor":1},{"not_picked":["Hologram","Steam","Sweeping Beam"],"picked":"SKIP","floor":4},{"not_picked":["Hologram","Steam","Sweeping Beam"],"picked":"SKIP","floor":4},{"not_picked":["All For One","Go for the Eyes","Fusion"],"picked":"SKIP","floor":5},{"not_picked":["Ball Lightning","Recycle"],"picked":"Defragment","floor":7},{"not_picked":["Coolheaded","Auto Shields"],"picked":"Loop","floor":12},{"not_picked":["Reinforced Body","Hello World","Ball Lightning"],"picked":"SKIP","floor":13},{"not_picked":["Leap","Fusion"],"picked":"Aggregate","floor":14}],"player_experience":194855,"relics_obtained":[{"floor":7,"key":"Lantern"},{"floor":14,"key":"Blue Candle"}],"event_choices":[{"damage_healed":0,"gold_gain":0,"player_choice":"Forge","damage_taken":0,"max_hp_gain":0,"max_hp_loss":0,"event_name":"Accursed Blacksmith","floor":2,"gold_loss":0,"cards_upgraded":["Zap"]},{"damage_healed":0,"gold_gain":75,"player_choice":"Touch","damage_taken":7,"max_hp_gain":0,"max_hp_loss":0,"event_name":"FaceTrader","floor":8,"gold_loss":0}],"is_beta":false,"boss_relics":[],"items_purged_floors":[],"is_endless":false,"potions_floor_spawned":[7,14],"killed_by":"The Guardian","ascension_level":6}