{"path_per_floor":["M","$","?","M","M","R","?","M","T","R","M","R","?","E","R","B",null,"M"],"character_chosen":"DEFECT","items_purchased":["Hologram"],"gold_per_floor":[114,14,14,25,40,40,40,56,108,108,120,120,120,148,148,253,253,266,266],"floor_reached":19,"campfire_rested":0,"playtime":804,"current_hp_per_floor":[73,73,73,73,68,68,73,58,58,58,49,49,49,22,22,7,62,41,0],"items_purged":["Strike_B"],"gold":266,"score":209,"play_id":"e56af030-80b9-4c79-8c54-020b035e9865","local_time":"20180509224618","is_prod":false,"is_daily":false,"chose_seed":false,"is_ascension_mode":true,"campfire_upgraded":4,"timestamp":1525877178,"path_taken":["M","$","?","M","M","R","?","M","T","R","M","R","?","E","R","BOSS","M","?"],"build_version":"2018-05-08","seed_source_timestamp":1084129003036443,"purchased_purges":1,"victory":false,"master_deck":["Strike_B","Strike_B","Strike_B","Defend_B","Defend_B","Defend_B","Defend_B","Zap+1","Dualcast","Streamline+1","Hologram+1","Chaos+1","Defragment+1","Leap","Injury","Reinforced Body","Fission"],"max_hp_per_floor":[75,75,75,75,75,75,80,80,80,80,80,80,80,80,80,80,80,80,80],"relics":["Cracked Core","Dream Catcher","Vajra","Sozu"],"card_choices":[{"not_picked":["Skim","Beam Cell"],"picked":"Streamline","floor":1},{"not_picked":["Axe Kick","Stack"],"picked":"Chaos","floor":5},{"not_picked":["Capacitor","Biased Cognition"],"picked":"Defragment","floor":8},{"not_picked":["Ball Lightning","Cold Snap"],"picked":"Leap","floor":11},{"not_picked":["Stack","Scrape"],"picked":"Reinforced Body","floor":14},{"not_picked":["Multi-Cast","Fusion"],"picked":"Fission","floor":16}],"player_experience":357396,"potions_floor_usage":[18,19],"damage_taken":[{"damage":2,"enemies":"Jaw Worm","floor":1,"turns":3},{"damage":0,"enemies":"2 Louse","floor":4,"turns":1},{"damage":5,"enemies":"Cultist","floor":5,"turns":4},{"damage":15,"enemies":"Looter","floor":8,"turns":3},{"damage":9,"enemies":"2 Fungi Beasts","floor":11,"turns":2},{"damage":27,"enemies":"3 Sentries","floor":14,"turns":7},{"damage":15,"enemies":"Slime Boss","floor":16,"turns":7},{"damage":21,"enemies":"3 Byrds","floor":18,"turns":6},{"damage":48,"enemies":"Masked Bandits","floor":19,"turns":3}],"event_choices":[{"event_name":"The Cleric","player_choice":"Leave","floor":3,"damage_taken":0},{"event_name":"Big Fish","player_choice":"Donut","floor":7,"damage_taken":0},{"event_name":"Accursed Blacksmith","player_choice":"Forge","floor":13,"damage_taken":0},{"event_name":"Masked Bandits","player_choice":"Fought over 266 gold","floor":19,"damage_taken":0}],"boss_relics":[{"not_picked":["Inserter","Runic Pyramid"],"picked":"Sozu"}],"potions_floor_spawned":[8,16],"seed_played":"-7035802270152285795","killed_by":"Masked Bandits","ascension_level":5,"is_trial":false}