{"gold_per_floor":[111,111,126,126,144,144,173,188,238,203,203,223,257,283,295,384,396,422,349,311,41,52,52,83,96,120,149,161,161,86,86,86,159,159,172,97,97,111,124,157,14,41,68,68,86,86,106,125,125,125],"floor_reached":51,"playtime":1764,"items_purged":["Defend_B"],"score":1381,"play_id":"b3b66242-201f-4446-b671-75d0418e7a0f","local_time":"20190216191614","is_ascension_mode":true,"campfire_choices":[{"data":"Sunder","floor":6,"key":"SMITH"},{"data":"Zap","floor":11,"key":"SMITH"},{"floor":15,"key":"REST"},{"floor":23,"key":"REST"},{"floor":29,"key":"REST"},{"floor":32,"key":"REST"},{"floor":46,"key":"REST"},{"floor":49,"key":"REST"}],"neow_cost":"NONE","seed_source_timestamp":205275066809300,"circlet_count":0,"master_deck":["AscendersBane","Defend_B","Defend_B+1","Defend_B","Zap+1","Dualcast","Sunder+1","Cold Snap","Coolheaded","FTL","White Noise","Cold Snap","Capacitor","Electrodynamics","Biased Cognition","Cold Snap+1","Discovery","Defragment","Cold Snap","Glacier","Bite","Bite","Bite","Bite","Bite","Blizzard+1","Seek","Core Surge","Coolheaded","Panacea","Panacea","Bandage Up","BootSequence+1","Cold Snap+1"],"relics":["Cracked Core","NeowsBlessing","Blue Candle","Potion Belt","MawBank","Fusion Hammer","DataDisk","Omamori","Juzu Bracelet","PreservedInsect","Snecko Eye","Cables","Boot","Anchor"],"potions_floor_usage":[8,16,16,27,27,33,50,50,50,50],"damage_taken":[{"damage":0,"enemies":"Small Slimes","floor":1,"turns":1},{"damage":0,"enemies":"2 Louse","floor":3,"turns":1},{"damage":0,"enemies":"Cultist","floor":5,"turns":1},{"damage":20,"enemies":"Gremlin Nob","floor":7,"turns":4},{"damage":0,"enemies":"Exordium Wildlife","floor":8,"turns":1},{"damage":0,"enemies":"Blue Slaver","floor":12,"turns":3},{"damage":17,"enemies":"Lagavulin","floor":13,"turns":6},{"damage":13,"enemies":"3 Louse","floor":14,"turns":3},{"damage":25,"enemies":"The Guardian","floor":16,"turns":14},{"damage":0,"enemies":"Spheric Guardian","floor":18,"turns":3},{"damage":9,"enemies":"3 Byrds","floor":22,"turns":2},{"damage":12,"enemies":"Book of Stabbing","floor":24,"turns":6},{"damage":13,"enemies":"3 Cultists","floor":25,"turns":4},{"damage":15,"enemies":"Slavers","floor":27,"turns":4},{"damage":0,"enemies":"Snecko","floor":28,"turns":6},{"damage":74,"enemies":"Collector","floor":33,"turns":17},{"damage":0,"enemies":"3 Darklings","floor":35,"turns":4},{"damage":6,"enemies":"3 Shapes","floor":38,"turns":3},{"damage":30,"enemies":"Writhing Mass","floor":39,"turns":11},{"damage":8,"enemies":"Reptomancer","floor":40,"turns":5},{"damage":4,"enemies":"Giant Head","floor":42,"turns":10},{"damage":12,"enemies":"Sphere and 2 Shapes","floor":45,"turns":5},{"damage":1,"enemies":"Transient","floor":47,"turns":5},{"damage":0,"enemies":"Jaw Worm Horde","floor":48,"turns":2},{"damage":24,"enemies":"Awakened One","floor":50,"turns":20}],"seed_played":"-6859002019673025591","potions_obtained":[{"floor":1,"key":"AttackPotion"},{"floor":5,"key":"SpeedPotion"},{"floor":12,"key":"Ancient Potion"},{"floor":16,"key":"LiquidBronze"},{"floor":18,"key":"Dexterity Potion"},{"floor":25,"key":"SkillPotion"},{"floor":27,"key":"Weak Potion"},{"floor":38,"key":"SkillPotion"},{"floor":42,"key":"SkillPotion"},{"floor":48,"key":"Energy Potion"}],"is_trial":false,"path_per_floor":["M","?","M","?","M","R","E","M","T","?","R","M","E","M","R","B",null,"M","?","?","$","M","R","E","M","T","E","M","R","?","?","R","B",null,"M","$","?","M","M","E","$","E","T","?","M","R","M","M","R","B",null],"character_chosen":"DEFECT","items_purchased":["Omamori","Discovery","PowerPotion","Core Surge"],"campfire_rested":6,"item_purchase_floors":[21,21,21,41],"current_hp_per_floor":[64,57,57,57,57,57,37,37,37,54,54,54,37,24,45,20,58,58,58,58,58,49,70,58,47,47,34,36,57,57,57,71,35,62,68,68,67,63,55,57,57,59,59,49,51,67,67,67,67,67],"gold":125,"neow_bonus":"THREE_ENEMY_KILL","is_prod":false,"is_daily":false,"chose_seed":false,"campfire_upgraded":2,"win_rate":0,"timestamp":1550312174,"path_taken":["M","?","M","?","M","R","E","M","T","?","R","M","E","M","R","BOSS","M","?","?","$","M","R","E","M","T","E","M","R","?","?","R","BOSS","M","$","?","M","M","E","$","E","T","?","M","R","M","M","R","BOSS"],"build_version":"2019-01-23","purchased_purges":1,"victory":true,"max_hp_per_floor":[71,71,71,71,71,71,71,71,71,71,71,71,71,71,71,71,71,71,71,71,71,71,71,71,71,71,71,71,71,71,71,71,71,71,71,71,67,67,67,67,67,67,67,67,67,67,67,67,67,67],"card_choices":[{"not_picked":["Force Field","Lockon"],"picked":"Sunder","floor":1},{"not_picked":["Heatsinks","Redo"],"picked":"Cold Snap","floor":3},{"not_picked":["Ball Lightning","Leap"],"picked":"Coolheaded","floor":5},{"not_picked":["Streamline","Leap"],"picked":"FTL","floor":7},{"not_picked":["Hologram","Skim"],"picked":"White Noise","floor":8},{"not_picked":["Go for the Eyes","Melter"],"picked":"Cold Snap","floor":12},{"not_picked":["Go for the Eyes","Recycle"],"picked":"Capacitor","floor":13},{"not_picked":["Blizzard","BootSequence"],"picked":"Electrodynamics","floor":14},{"not_picked":["Amplify","Reboot"],"picked":"Biased Cognition","floor":16},{"not_picked":["Conserve Battery","Ball Lightning+1"],"picked":"Cold Snap","floor":18},{"not_picked":["Blizzard","Go for the Eyes"],"picked":"Defragment","floor":22},{"not_picked":["Redo","Ball Lightning+1"],"picked":"Cold Snap","floor":24},{"not_picked":["Beam Cell","Darkness","Heatsinks"],"picked":"SKIP","floor":25},{"not_picked":["Force Field+1","Barrage"],"picked":"Glacier","floor":27},{"not_picked":["Go for the Eyes","Rebound+1","Beam Cell"],"picked":"SKIP","floor":28},{"not_picked":["Sweeping Beam+1","Gash","Stack"],"picked":"SKIP","floor":35},{"not_picked":["Turbo","Redo+1"],"picked":"Blizzard+1","floor":38},{"not_picked":["Barrage","Redo","FTL"],"picked":"SKIP","floor":39},{"not_picked":["Stack","Meteor Strike"],"picked":"Seek","floor":40},{"not_picked":["Gash+1","Hello World+1"],"picked":"Coolheaded","floor":42},{"not_picked":["Dramatic Entrance","Dark Shackles"],"picked":"Panacea","floor":44},{"not_picked":["HandOfGreed","The Bomb"],"picked":"Panacea","floor":44},{"not_picked":["Forethought","Mind Blast"],"picked":"Bandage Up","floor":44},{"not_picked":["Gash","Leap"],"picked":"BootSequence+1","floor":45},{"not_picked":["Turbo+1","Hello World+1"],"picked":"Cold Snap+1","floor":47},{"not_picked":["Compile Driver","Consume","Tempest+1"],"picked":"SKIP","floor":48}],"player_experience":91949,"relics_obtained":[{"floor":7,"key":"Blue Candle"},{"floor":9,"key":"Potion Belt"},{"floor":13,"key":"MawBank"},{"floor":24,"key":"Blood Vial"},{"floor":26,"key":"Juzu Bracelet"},{"floor":27,"key":"PreservedInsect"},{"floor":40,"key":"Cables"},{"floor":42,"key":"Boot"},{"floor":43,"key":"Anchor"}],"event_choices":[{"cards_removed":["Strike_B"],"damage_healed":0,"gold_gain":0,"player_choice":"Card Removal","damage_taken":7,"max_hp_gain":0,"max_hp_loss":0,"event_name":"Golden Wing","floor":2,"gold_loss":0},{"damage_healed":0,"gold_gain":0,"player_choice":"Ignored","damage_taken":0,"max_hp_gain":0,"max_hp_loss":0,"event_name":"Liars Game","floor":4,"gold_loss":0},{"damage_healed":17,"gold_gain":0,"player_choice":"Healed","damage_taken":0,"max_hp_gain":0,"max_hp_loss":0,"event_name":"The Cleric","floor":10,"gold_loss":35},{"damage_healed":0,"gold_gain":0,"player_choice":"Obtained Relic","damage_taken":0,"relics_obtained":["DataDisk"],"max_hp_gain":0,"max_hp_loss":0,"event_name":"Addict","floor":19,"gold_loss":85},{"damage_healed":0,"gold_gain":0,"player_choice":"Upgraded Two","damage_taken":0,"max_hp_gain":0,"max_hp_loss":0,"event_name":"Designer","floor":20,"gold_loss":50,"cards_upgraded":["Defend_B","Cold Snap"]},{"cards_removed":["Strike_B"],"damage_healed":0,"gold_gain":0,"player_choice":"Gave Gold","damage_taken":0,"max_hp_gain":0,"max_hp_loss":0,"event_name":"Beggar","floor":30,"gold_loss":75},{"damage_healed":0,"gold_gain":0,"player_choice":"Became a vampire (Vial)","damage_taken":0,"max_hp_gain":0,"max_hp_loss":0,"event_name":"Vampires","floor":31,"relics_lost":["Blood Vial"],"gold_loss":0,"cards_obtained":["Bite","Bite","Bite","Bite","Bite"]},{"damage_healed":0,"gold_gain":0,"player_choice":"Max HP","damage_taken":0,"max_hp_gain":0,"max_hp_loss":4,"event_name":"Winding Halls","floor":37,"gold_loss":0},{"damage_healed":0,"gold_gain":0,"player_choice":"Memory 3","damage_taken":10,"max_hp_gain":0,"max_hp_loss":0,"event_name":"SensoryStone","floor":44,"gold_loss":0}],"is_beta":false,"boss_relics":[{"not_picked":["Lizard Tail","Runic Pyramid"],"picked":"Fusion Hammer"},{"not_picked":["Velvet Choker","Runic Dome"],"picked":"Snecko Eye"}],"items_purged_floors":[36],"is_endless":false,"potions_floor_spawned":[1,5,12,16,18,25,27,38,42,47,48],"ascension_level":15}