{"gold_per_floor":[209,284,303,303,321,321,32,32,32,63,83,83,98,98,98,98],"floor_reached":16,"playtime":380,"items_purged":["Strike_R"],"score":200,"play_id":"f9e77dca-265a-4906-b702-c22098bfa6be","local_time":"20190313204641","is_ascension_mode":true,"campfire_choices":[{"data":"Bash","floor":6,"key":"SMITH"},{"data":"Immolate","floor":12,"key":"SMITH"},{"data":"Rampage","floor":15,"key":"SMITH"}],"neow_cost":"NONE","seed_source_timestamp":383572212266300,"circlet_count":0,"master_deck":["AscendersBane","Strike_R","Strike_R","Strike_R+1","Defend_R+1","Defend_R","Defend_R","Defend_R","Bash+1","Second Wind","Immolate+1","Feel No Pain","Dual Wield","Rampage+1"],"relics":["Burning Blood","Pantograph","Frozen Egg 2"],"potions_floor_usage":[16,16],"damage_taken":[{"damage":3,"enemies":"2 Louse","floor":1,"turns":4},{"damage":4,"enemies":"Small Slimes","floor":3,"turns":4},{"damage":12,"enemies":"Jaw Worm","floor":5,"turns":4},{"damage":17,"enemies":"3 Sentries","floor":10,"turns":6},{"damage":0,"enemies":"3 Louse","floor":11,"turns":1},{"damage":2,"enemies":"2 Fungi Beasts","floor":13,"turns":2},{"damage":37,"enemies":"The Guardian","floor":16,"turns":10}],"seed_played":"1418624422201834595","potions_obtained":[{"floor":5,"key":"Poison Potion"},{"floor":10,"key":"Strength Potion"},{"floor":11,"key":"Energy Potion"}],"is_trial":false,"path_per_floor":["M","?","M","?","M","R","$","?","T","E","M","R","M","?","R","B"],"character_chosen":"IRONCLAD","items_purchased":["Immolate","Feel No Pain"],"campfire_rested":0,"item_purchase_floors":[7,7],"current_hp_per_floor":[71,60,62,55,49,49,49,49,49,38,44,44,48,25,25,13],"gold":98,"neow_bonus":"HUNDRED_GOLD","is_prod":false,"is_daily":false,"chose_seed":false,"campfire_upgraded":3,"win_rate":0,"timestamp":1552477601,"path_taken":["M","?","M","?","M","R","$","?","T","E","?","R","M","?","R","BOSS"],"build_version":"2019-01-23","purchased_purges":1,"victory":false,"max_hp_per_floor":[75,75,75,75,75,75,75,75,75,75,75,75,75,75,75,75],"card_choices":[{"not_picked":["Iron Wave","Havoc"],"picked":"Second Wind","floor":1},{"not_picked":["Corruption","Clothesline","Flex"],"picked":"SKIP","floor":3},{"not_picked":["Flex","Bloodletting","Thunderclap"],"picked":"SKIP","floor":5},{"not_picked":["Intimidate","Perfected Strike"],"picked":"Dual Wield","floor":10},{"not_picked":["Thunderclap","Berserk+1","Searing Blow"],"picked":"SKIP","floor":11},{"not_picked":["Perfected Strike","Clothesline"],"picked":"Rampage","floor":13}],"player_experience":2247076,"relics_obtained":[{"floor":9,"key":"Pantograph"},{"floor":10,"key":"Frozen Egg 2"}],"event_choices":[{"damage_healed":0,"gold_gain":75,"player_choice":"Gather Gold","damage_taken":11,"max_hp_gain":0,"max_hp_loss":0,"event_name":"World of Goop","floor":2,"gold_loss":0},{"cards_removed":["Strike_R"],"damage_healed":0,"gold_gain":0,"player_choice":"Card Removal","damage_taken":7,"max_hp_gain":0,"max_hp_loss":0,"event_name":"Golden Wing","floor":4,"gold_loss":0},{"damage_healed":0,"gold_gain":0,"player_choice":"Ignored","damage_taken":0,"max_hp_gain":0,"max_hp_loss":0,"event_name":"Liars Game","floor":8,"gold_loss":0},{"damage_healed":0,"gold_gain":0,"player_choice":"Entered Light","damage_taken":23,"max_hp_gain":0,"max_hp_loss":0,"event_name":"Shining Light","floor":14,"gold_loss":0,"cards_upgraded":["Strike_R","Defend_R"]}],"is_beta":false,"boss_relics":[],"items_purged_floors":[7],"is_endless":false,"potions_floor_spawned":[5,10,11,13],"killed_by":"The Guardian","ascension_level":20}