{"gold_per_floor":[112,128,53,69,85,85,119,119,119,119,148,148,163,175,175,279,279,297,297,297,12,27,27,53,68,95,122,82,95,105,105,105,202,202,217,236,236,252,266,298,43,68,68,95,95,109,144,161,161,161],"floor_reached":51,"playtime":5309,"items_purged":["Shame"],"score":1153,"play_id":"65b06b00-06e8-4882-b935-291aa417e72d","local_time":"20190223205138","is_ascension_mode":true,"campfire_choices":[{"data":"Hyperbeam","floor":6.0,"key":"SMITH"},{"floor":8.0,"key":"REST"},{"data":"Beam Cell","floor":10.0,"key":"SMITH"},{"data":"Leap","floor":15.0,"key":"SMITH"},{"floor":23.0,"key":"REST"},{"floor":32.0,"key":"REST"},{"data":"Echo Form","floor":49,"key":"SMITH"}],"neow_cost":"CURSE","seed_source_timestamp":0,"circlet_count":0,"master_deck":["Strike_B","Defend_B","Defend_B","Defend_B","Defend_B","Zap","Dualcast","Hyperbeam+1","Compile Driver","Gash","Gash","Gash","Beam Cell+1","Gash","Beam Cell","Leap+1","Machine Learning","Ghostly+1","Ghostly+1","Ghostly","Ghostly+1","Ghostly+1","Genetic Algorithm","Gash","Echo Form","Self Repair+1","Conserve Battery","Echo Form+1","BootSequence","Sweeping Beam+1","Turbo+1","Leap","Sweeping Beam+1"],"special_seed":0,"relics":["Cracked Core","StoneCalendar","Nunchaku","Pear","Pen Nib","Sozu","Nilry\u0027s Codex","FossilizedHelix","Letter Opener","War Paint","Juzu Bracelet","Runic Pyramid","Cables","Bottled Tornado","Bag of Marbles","Mummified Hand","Regal Pillow","Question Card"],"potions_floor_usage":[48],"damage_taken":[{"damage":0.0,"enemies":"Cultist","floor":1.0,"turns":3.0},{"damage":0.0,"enemies":"Small Slimes","floor":2.0,"turns":2.0},{"damage":2.0,"enemies":"Jaw Worm","floor":4.0,"turns":2.0},{"damage":8.0,"enemies":"Blue Slaver","floor":5.0,"turns":2.0},{"damage":25.0,"enemies":"Lagavulin","floor":7.0,"turns":4.0},{"damage":7.0,"enemies":"Gremlin Nob","floor":11.0,"turns":3.0},{"damage":6.0,"enemies":"Looter","floor":13.0,"turns":2.0},{"damage":0.0,"enemies":"Lots of Slimes","floor":14.0,"turns":1.0},{"damage":0.0,"enemies":"Slime Boss","floor":16.0,"turns":6.0},{"damage":0.0,"enemies":"Spheric Guardian","floor":18.0,"turns":3.0},{"damage":11.0,"enemies":"2 Thieves","floor":22.0,"turns":2.0},{"damage":1.0,"enemies":"Book of Stabbing","floor":24.0,"turns":6.0},{"damage":0.0,"enemies":"Snecko","floor":25.0,"turns":5.0},{"damage":7.0,"enemies":"Slavers","floor":27.0,"turns":4.0},{"damage":1.0,"enemies":"Sentry and Sphere","floor":29.0,"turns":4.0},{"damage":0.0,"enemies":"3 Cultists","floor":30.0,"turns":4.0},{"damage":14.0,"enemies":"Champ","floor":33.0,"turns":9.0},{"damage":1.0,"enemies":"Orb Walker","floor":35.0,"turns":6.0},{"damage":0.0,"enemies":"3 Shapes","floor":36.0,"turns":5.0},{"damage":2.0,"enemies":"Sphere and 2 Shapes","floor":38.0,"turns":7.0},{"damage":0.0,"enemies":"3 Darklings","floor":39.0,"turns":4.0},{"damage":5.0,"enemies":"Reptomancer","floor":40.0,"turns":7.0},{"damage":0.0,"enemies":"Giant Head","floor":42.0,"turns":7.0},{"damage":2.0,"enemies":"Reptomancer","floor":44.0,"turns":4.0},{"damage":0,"enemies":"Spire Growth","floor":46,"turns":5},{"damage":0,"enemies":"Giant Head","floor":47,"turns":8},{"damage":0,"enemies":"Writhing Mass","floor":48,"turns":7},{"damage":0,"enemies":"Awakened One","floor":50,"turns":11}],"seed_played":"-219843569686774057","potions_obtained":[{"floor":2.0,"key":"FocusPotion"},{"floor":5.0,"key":"Weak Potion"},{"floor":7.0,"key":"Explosive Potion"}],"is_trial":false,"path_per_floor":["M","M","$","M","M","R","E","R","T","R","E","?","M","M","R","B",null,"M","?","?","$","M","R","E","M","T","E","?","M","M","?","R","B",null,"M","M","?","M","M","E","$","E","T","E","?","M","E","M","R","B",null],"character_chosen":"DEFECT","items_purchased":["FossilizedHelix","Bottled Tornado"],"campfire_rested":3,"item_purchase_floors":[21,41],"current_hp_per_floor":[75,75,75,73,65,65,40,62,62,62,65,53,47,47,47,47,85,85,42,26,26,15,27,26,26,26,19,19,18,28,22,36,32,47,47,47,47,47,47,47,47,47,47,47,47,47,47,47,47,47],"gold":161,"neow_bonus":"TRANSFORM_TWO_CARDS","is_prod":false,"is_daily":false,"chose_seed":false,"campfire_upgraded":4,"win_rate":0,"timestamp":1550973098,"path_taken":["M","M","?","?","M","R","E","R","T","R","E","?","M","M","R","BOSS","M","?","?","$","M","R","E","M","T","E","?","M","M","?","R","BOSS","M","M","?","M","M","E","?","E","T","E","?","M","E","M","R","BOSS"],"build_version":"2019-01-23","purchased_purges":1,"victory":true,"max_hp_per_floor":[75,75,75,75,75,75,75,75,75,75,85,85,85,85,85,85,85,85,42,42,42,42,42,42,42,42,42,42,42,42,47,47,47,47,47,47,47,47,47,47,47,47,47,47,47,47,47,47,47,47],"card_choices":[{"not_picked":["Loop","Cold Snap"],"picked":"Gash","floor":1.0},{"not_picked":["Blizzard","Stack"],"picked":"Gash","floor":2.0},{"not_picked":["Beam Cell","Redo"],"picked":"Gash","floor":4.0},{"not_picked":["White Noise","Streamline"],"picked":"Beam Cell","floor":5.0},{"not_picked":["Biased Cognition","Loop","Aggregate"],"picked":"SKIP","floor":7.0},{"not_picked":["Barrage","Static Discharge"],"picked":"Gash","floor":11.0},{"not_picked":["Chaos","Defragment"],"picked":"Beam Cell","floor":13.0},{"not_picked":["Compile Driver","Reprogram"],"picked":"Leap","floor":14.0},{"not_picked":["Electrodynamics","Creative AI"],"picked":"Machine Learning","floor":16.0},{"not_picked":["Defragment","Barrage","Consume"],"picked":"SKIP","floor":18.0},{"not_picked":["Stack","Steam"],"picked":"Genetic Algorithm","floor":22.0},{"not_picked":["Turbo","Stack+1","Biased Cognition"],"picked":"SKIP","floor":24.0},{"not_picked":["Rebound","Steam"],"picked":"Gash","floor":25.0},{"not_picked":["Conserve Battery","Cold Snap+1"],"picked":"Echo Form","floor":27.0},{"not_picked":["Beam Cell+1","Defragment+1"],"picked":"Self Repair+1","floor":29.0},{"not_picked":["Turbo","Skim"],"picked":"Conserve Battery","floor":30.0},{"not_picked":["Reboot","Thunder Strike"],"picked":"Echo Form","floor":33.0},{"not_picked":["Gash","Heatsinks","Chaos+1"],"picked":"SKIP","floor":35.0},{"not_picked":["Gash","Heatsinks","Chaos+1"],"picked":"SKIP","floor":35.0},{"not_picked":["FTL","Streamline+1","Beam Cell"],"picked":"SKIP","floor":36.0},{"not_picked":["Rebound","Steam"],"picked":"BootSequence","floor":38.0},{"not_picked":["Aggregate+1","Beam Cell"],"picked":"Sweeping Beam+1","floor":39.0},{"not_picked":["Doom and Gloom+1","Go for the Eyes+1"],"picked":"Turbo+1","floor":40.0},{"not_picked":["Redo","Biased Cognition","Steam"],"picked":"SKIP","floor":42.0},{"not_picked":["Defragment+1","Heatsinks"],"picked":"Leap","floor":44},{"not_picked":["Cold Snap+1","Go for the Eyes+1","Storm"],"picked":"SKIP","floor":46},{"not_picked":["Barrage+1","Meteor Strike","Steam Power"],"picked":"SKIP","floor":47},{"not_picked":["Force Field+1","White Noise+1","Blizzard"],"picked":"Sweeping Beam+1","floor":48}],"player_experience":191905,"relics_obtained":[{"floor":7.0,"key":"StoneCalendar"},{"floor":9.0,"key":"Nunchaku"},{"floor":11.0,"key":"Pear"},{"floor":20.0,"key":"Nilry\u0027s Codex"},{"floor":24.0,"key":"Letter Opener"},{"floor":26.0,"key":"War Paint"},{"floor":27.0,"key":"Juzu Bracelet"},{"floor":40.0,"key":"Cables"},{"floor":42.0,"key":"Bag of Marbles"},{"floor":43.0,"key":"Mummified Hand"},{"floor":44,"key":"Regal Pillow"},{"floor":47,"key":"Question Card"}],"event_choices":[{"damage_healed":0.0,"max_hp_gain":0.0,"max_hp_loss":0.0,"gold_gain":0.0,"event_name":"Scrap Ooze","player_choice":"Success","floor":12.0,"gold_loss":0.0,"damage_taken":12.0,"relics_obtained":["Pen Nib"]},{"damage_healed":0.0,"max_hp_gain":0.0,"max_hp_loss":43.0,"gold_gain":0.0,"event_name":"Ghosts","player_choice":"Became a Ghost","floor":19.0,"gold_loss":0.0,"damage_taken":0.0,"cards_obtained":["Ghostly","Ghostly","Ghostly","Ghostly","Ghostly"]},{"damage_healed":0.0,"max_hp_gain":0.0,"max_hp_loss":0.0,"gold_gain":0.0,"event_name":"Cursed Tome","player_choice":"Obtained Book","floor":20.0,"gold_loss":0.0,"damage_taken":16.0},{"damage_healed":0.0,"max_hp_gain":0.0,"max_hp_loss":0.0,"gold_gain":0.0,"event_name":"Designer","player_choice":"Upgraded Two","floor":28.0,"gold_loss":40.0,"damage_taken":0.0,"cards_upgraded":["Ghostly","Ghostly"]},{"damage_healed":0.0,"max_hp_gain":5.0,"max_hp_loss":0.0,"gold_gain":0.0,"event_name":"Forgotten Altar","player_choice":"Shed Blood","floor":31.0,"gold_loss":0.0,"damage_taken":11.0},{"cards_removed":["Strike_B"],"damage_healed":0.0,"max_hp_gain":0.0,"max_hp_loss":0.0,"gold_gain":0.0,"event_name":"Bonfire Elementals","player_choice":"Offered Basic","floor":37.0,"gold_loss":0.0,"damage_taken":0.0},{"damage_healed":0,"gold_gain":0,"player_choice":"Got Potions","damage_taken":0,"max_hp_gain":0,"max_hp_loss":0,"event_name":"Lab","floor":45,"gold_loss":0}],"is_beta":false,"boss_relics":[{"not_picked":["Lizard Tail","Inserter"],"picked":"Sozu"},{"not_picked":["Cursed Key","Runic Dome"],"picked":"Runic Pyramid"}],"items_purged_floors":[3],"is_endless":false,"potions_floor_spawned":[2,5,7,24,25,27,30,33,36,39,46,47],"ascension_level":4}