{"gold_per_floor":[116,116,116,116,191,191,218,232,232,232,21,39,74,86,86,162,162,182,47,58,68,18,18,18,38,38,38,48,76,76,89,89,165,165,176,176,186,18,18,43,43,74,74,90,144,144,171,185,185,185,185,185,185,22,52,52],"floor_reached":56,"playtime":2414,"items_purged":["Regret","Strike_B","Defend_B"],"score":2226,"play_id":"ce17bc0a-fc94-48a6-9c6a-50645e498a87","local_time":"20190308164426","is_ascension_mode":true,"campfire_choices":[{"data":"Zap","floor":6.0,"key":"SMITH"},{"data":"1","floor":10.0,"key":"LIFT"},{"data":"2","floor":15.0,"key":"LIFT"},{"data":"3","floor":23.0,"key":"LIFT"},{"floor":30.0,"key":"RECALL"},{"floor":32.0,"key":"REST"},{"floor":41,"key":"REST"},{"floor":49,"key":"REST"},{"floor":53,"key":"REST"}],"neow_cost":"NONE","seed_source_timestamp":89032598144300,"circlet_count":0,"master_deck":["AscendersBane","Strike_B","Strike_B","Strike_B","Defend_B","Defend_B+1","Defend_B+1","Zap+1","Dualcast","Gash","Cold Snap","Coolheaded","Defragment","Barrage","Gash","Coolheaded","All For One","Gash","Self Repair","Hologram","Defragment","Ghostly","Ghostly","Ghostly","Coolheaded+1","Hologram+1","All For One","Beam Cell","Beam Cell+1","White Noise+1","Purity+1","Deep Breath+1","Violence+1","Go for the Eyes","Gash+1","Scrape+1","Chaos+1","Auto Shields+1","Fission+1"],"special_seed":0,"relics":["Cracked Core","NeowsBlessing","Oddly Smooth Stone","StoneCalendar","Cables","Girya","Pocketwatch","Smiling Mask","Fusion Hammer","Toxic Egg 2","Potion Belt","Runic Pyramid","Bag of Preparation","Bottled Flame","Pen Nib","Calipers","Bronze Scales","Meat on the Bone","Blood Vial"],"potions_floor_usage":[40,51,51,51],"damage_taken":[{"damage":0.0,"enemies":"Small Slimes","floor":1.0,"turns":1.0},{"damage":0.0,"enemies":"3 Sentries","floor":7.0,"turns":1.0},{"damage":0.0,"enemies":"Jaw Worm","floor":8.0,"turns":1.0},{"damage":0.0,"enemies":"2 Louse","floor":12.0,"turns":2.0},{"damage":2.0,"enemies":"Gremlin Nob","floor":13.0,"turns":3.0},{"damage":0.0,"enemies":"Looter","floor":14.0,"turns":3.0},{"damage":0.0,"enemies":"Slime Boss","floor":16.0,"turns":7.0},{"damage":9.0,"enemies":"Shell Parasite","floor":18.0,"turns":4.0},{"damage":3.0,"enemies":"Chosen","floor":20.0,"turns":5.0},{"damage":6.0,"enemies":"3 Cultists","floor":21.0,"turns":4.0},{"damage":0.0,"enemies":"Centurion and Healer","floor":25.0,"turns":5.0},{"damage":0.0,"enemies":"Snecko","floor":28.0,"turns":5.0},{"damage":5.0,"enemies":"Book of Stabbing","floor":29.0,"turns":4.0},{"damage":0.0,"enemies":"Sentry and Sphere","floor":31.0,"turns":3.0},{"damage":0.0,"enemies":"Champ","floor":33.0,"turns":8.0},{"damage":0.0,"enemies":"3 Shapes","floor":35.0,"turns":4.0},{"damage":5.0,"enemies":"3 Darklings","floor":37.0,"turns":5.0},{"damage":0,"enemies":"Reptomancer","floor":40,"turns":5},{"damage":9,"enemies":"Nemesis","floor":42,"turns":5},{"damage":0,"enemies":"Sphere and 2 Shapes","floor":44,"turns":2},{"damage":2,"enemies":"2 Orb Walkers","floor":45,"turns":2},{"damage":18,"enemies":"Reptomancer","floor":47,"turns":5},{"damage":0,"enemies":"Transient","floor":48,"turns":6},{"damage":33,"enemies":"Time Eater","floor":50,"turns":6},{"damage":17,"enemies":"Awakened One","floor":51,"turns":7},{"damage":2,"enemies":"Shield and Spear","floor":55,"turns":3},{"damage":8,"enemies":"The Heart","floor":56,"turns":2}],"seed_played":"-4746579263911215393","potions_obtained":[{"floor":8.0,"key":"Ancient Potion"},{"floor":13.0,"key":"FocusPotion"},{"floor":18.0,"key":"Weak Potion"},{"floor":28.0,"key":"Block Potion"},{"floor":31.0,"key":"Block Potion"},{"floor":37.0,"key":"Swift Potion"},{"floor":40,"key":"EssenceOfSteel"},{"floor":47,"key":"Strength Potion"},{"floor":48,"key":"Regen Potion"}],"is_trial":false,"path_per_floor":["M","?","?","?","T","R","E","M","T","R","$","M","E","M","R","B",null,"M","$","M","M","$","R","?","M","T","?","M","E","R","M","R","B",null,"M","?","M","$","?","E","R","E","T","M","?","?","E","M","R","B","B",null,"R","$","E","B"],"character_chosen":"DEFECT","items_purchased":["Defragment","Barrage","Self Repair","Bag of Preparation","Fission+1"],"campfire_rested":4,"item_purchase_floors":[11,11,19,38,54],"current_hp_per_floor":[64,64,53,32,32,32,32,32,32,32,32,32,30,30,30,30,61,52,52,56,57,57,57,35,35,35,35,35,35,35,35,35,35,35,35,35,35,35,25,32,35,33,33,35,33,33,22,29,35,21,26,33,35,35,33,27],"gold":52,"neow_bonus":"THREE_ENEMY_KILL","is_prod":false,"is_daily":false,"chose_seed":false,"campfire_upgraded":1,"win_rate":0,"timestamp":1552031066,"path_taken":["M","?","?","?","?","R","E","?","T","R","$","M","E","M","R","BOSS","M","?","?","M","$","R","?","M","T","?","M","E","R","M","R","BOSS","M","?","M","$","?","E","R","E","T","M","?","?","E","?","R","BOSS","BOSS","R","$","E","BOSS"],"build_version":"2019-01-23","purchased_purges":3,"victory":false,"max_hp_per_floor":[71,71,71,71,71,71,71,71,71,71,71,71,71,71,71,71,71,71,71,71,71,71,71,35,35,35,35,35,35,35,35,35,35,35,35,35,35,35,35,35,35,35,35,35,35,35,35,35,35,35,35,35,35,35,35,35],"card_choices":[{"not_picked":["Rip and Tear","Hologram"],"picked":"Gash","floor":1.0},{"not_picked":["Auto Shields","Chaos"],"picked":"Cold Snap","floor":7.0},{"not_picked":["Sweeping Beam","Hologram"],"picked":"Coolheaded","floor":8.0},{"not_picked":["Undo","Steam Power"],"picked":"Gash","floor":12.0},{"not_picked":["Steam Power","Meteor Strike","Redo"],"picked":"SKIP","floor":13.0},{"not_picked":["Tempest","Reprogram"],"picked":"Coolheaded","floor":14.0},{"not_picked":["Echo Form","Multi-Cast"],"picked":"All For One","floor":16.0},{"not_picked":["Turbo","Ball Lightning"],"picked":"Gash","floor":18.0},{"not_picked":["Self Repair","Beam Cell"],"picked":"Hologram","floor":20.0},{"not_picked":["Cold Snap","Ball Lightning"],"picked":"Defragment","floor":21.0},{"not_picked":["Genetic Algorithm","Compile Driver"],"picked":"Coolheaded+1","floor":25.0},{"not_picked":["Lockon+1","Self Repair"],"picked":"Hologram+1","floor":28.0},{"not_picked":["Steam Power+1","Rebound"],"picked":"All For One","floor":29.0},{"not_picked":["Stack+1","Cold Snap"],"picked":"Beam Cell","floor":31.0},{"not_picked":["Sweeping Beam","FTL"],"picked":"Beam Cell+1","floor":35.0},{"not_picked":["Conserve Battery+1","Redo+1"],"picked":"White Noise+1","floor":37.0},{"not_picked":["Dramatic Entrance","Thinking Ahead+1"],"picked":"Purity+1","floor":39},{"not_picked":["Impatience+1","Sadistic Nature"],"picked":"Deep Breath+1","floor":39},{"not_picked":["Transmutation+1","Secret Weapon+1"],"picked":"Violence+1","floor":39},{"not_picked":["Undo+1","Storm"],"picked":"Go for the Eyes","floor":40},{"not_picked":["Beam Cell+1","Reprogram+1"],"picked":"Gash+1","floor":42},{"not_picked":["Sweeping Beam","Cold Snap"],"picked":"Scrape+1","floor":44},{"not_picked":["Reinforced Body+1","Sweeping Beam"],"picked":"Chaos+1","floor":45},{"not_picked":["Sweeping Beam+1","Rip and Tear"],"picked":"Auto Shields+1","floor":47},{"not_picked":["Doom and Gloom","Sweeping Beam","Chaos+1"],"picked":"SKIP","floor":48},{"not_picked":["Go for the Eyes","Chaos+1","Barrage+1"],"picked":"SKIP","floor":55}],"player_experience":2075384,"relics_obtained":[{"floor":5.0,"key":"Cables"},{"floor":7.0,"key":"Girya"},{"floor":9.0,"key":"Pocketwatch"},{"floor":13.0,"key":"Smiling Mask"},{"floor":26.0,"key":"Toxic Egg 2"},{"floor":29.0,"key":"Potion Belt"},{"floor":40,"key":"Bottled Flame"},{"floor":42,"key":"Pen Nib"},{"floor":45,"key":"Calipers"},{"floor":46,"key":"Bronze Scales"},{"floor":47,"key":"Meat on the Bone"},{"floor":55,"key":"Blood Vial"}],"event_choices":[{"damage_healed":0.0,"max_hp_gain":0.0,"max_hp_loss":0.0,"gold_gain":0.0,"event_name":"Big Fish","player_choice":"Box","floor":2.0,"gold_loss":0.0,"damage_taken":0.0,"relics_obtained":["Oddly Smooth Stone"],"cards_obtained":["Regret"]},{"damage_healed":0.0,"max_hp_gain":0.0,"max_hp_loss":0.0,"gold_gain":0.0,"event_name":"Scrap Ooze","player_choice":"Success","floor":3.0,"gold_loss":0.0,"damage_taken":11.0,"relics_obtained":["StoneCalendar"]},{"damage_healed":0.0,"max_hp_gain":0.0,"max_hp_loss":0.0,"gold_gain":0.0,"event_name":"Shining Light","player_choice":"Entered Light","floor":4.0,"gold_loss":0.0,"damage_taken":21.0,"cards_upgraded":["Defend_B","Defend_B"]},{"damage_healed":0.0,"max_hp_gain":0.0,"max_hp_loss":36.0,"gold_gain":0.0,"event_name":"Ghosts","player_choice":"Became a Ghost","floor":24.0,"gold_loss":0.0,"damage_taken":0.0,"cards_obtained":["Ghostly","Ghostly","Ghostly"]},{"damage_healed":0.0,"max_hp_gain":0.0,"max_hp_loss":0.0,"gold_gain":0.0,"event_name":"Beggar","player_choice":"Ignored","floor":27.0,"gold_loss":0.0,"damage_taken":0.0},{"damage_healed":0.0,"max_hp_gain":0.0,"max_hp_loss":0.0,"gold_gain":0.0,"event_name":"Tomb of Lord Red Mask","player_choice":"Ignored","floor":36.0,"gold_loss":0.0,"damage_taken":0.0},{"damage_healed":0,"gold_gain":0,"player_choice":"Memory 3","damage_taken":10,"max_hp_gain":0,"max_hp_loss":0,"event_name":"SensoryStone","floor":39,"gold_loss":0},{"damage_healed":0,"gold_gain":0,"player_choice":"Fight","damage_taken":0,"max_hp_gain":0,"max_hp_loss":0,"event_name":"Mysterious Sphere","floor":45,"gold_loss":0},{"damage_healed":0,"gold_gain":0,"player_choice":"Relic","damage_taken":0,"max_hp_gain":0,"max_hp_loss":0,"event_name":"Wheel of Change","floor":46,"gold_loss":0}],"is_beta":false,"boss_relics":[{"not_picked":["Busted Crown","Velvet Choker"],"picked":"Fusion Hammer"},{"not_picked":["Lizard Tail","Nuclear Battery"],"picked":"Runic Pyramid"}],"items_purged_floors":[11,19,22],"is_endless":false,"potions_floor_spawned":[8,13,18,28,31,37,40,47,48],"killed_by":"The Heart","ascension_level":20}