{"gold_per_floor":[111,111,127,41,41,41,71,71,142,142,167,35,45,71,71,149,149,164,180,25,25,300,300,300],"floor_reached":24,"playtime":549,"items_purged":["Regret","Strike_B"],"score":470,"play_id":"d3e2b0f5-527a-45dd-bc53-2df3ddde1b33","local_time":"20190219210154","is_ascension_mode":true,"campfire_choices":[{"data":"Defragment","floor":6,"key":"SMITH"},{"data":"Zap","floor":8,"key":"SMITH"},{"data":"Dualcast","floor":10,"key":"SMITH"},{"floor":15,"key":"REST"},{"floor":23,"key":"REST"}],"neow_cost":"NONE","seed_source_timestamp":472039169707700,"circlet_count":0,"master_deck":["AscendersBane","Strike_B+1","Strike_B+1","Strike_B+1","Defend_B+1","Defend_B+1","Defend_B+1","Defend_B+1","Zap+1","Dualcast+1","FTL","Defragment+1","Ball Lightning","Consume+1","Seek","Gash+1","Regret"],"relics":["Cracked Core","NeowsBlessing","Gambling Chip","Matryoshka","Blood Vial","Kunai","Singing Bowl","War Paint","Inserter"],"potions_floor_usage":[11,16,18,24],"damage_taken":[{"damage":0,"enemies":"2 Louse","floor":1,"turns":1},{"damage":0,"enemies":"Small Slimes","floor":3,"turns":1},{"damage":0,"enemies":"Lagavulin","floor":7,"turns":1},{"damage":22,"enemies":"3 Sentries","floor":11,"turns":6},{"damage":2,"enemies":"Jaw Worm","floor":13,"turns":3},{"damage":30,"enemies":"Lagavulin","floor":14,"turns":4},{"damage":4,"enemies":"Slime Boss","floor":16,"turns":6},{"damage":27,"enemies":"Shell Parasite","floor":18,"turns":3},{"damage":21,"enemies":"Spheric Guardian","floor":19,"turns":4},{"damage":37,"enemies":"Book of Stabbing","floor":24,"turns":3}],"seed_played":"1151978126135686110","potions_obtained":[{"floor":1,"key":"Block Potion"},{"floor":13,"key":"Strength Potion"},{"floor":14,"key":"AttackPotion"}],"is_trial":false,"path_per_floor":["M","?","M","$","?","R","E","R","T","R","E","$","M","E","R","B",null,"M","M","$","?","?","R","E"],"character_chosen":"DEFECT","items_purchased":["Defragment","Block Potion","Fire Potion"],"campfire_rested":2,"item_purchase_floors":[4,12,20],"current_hp_per_floor":[64,64,64,64,64,64,64,64,64,64,44,44,46,20,42,40,66,41,24,24,24,24,47,12],"gold":300,"neow_bonus":"THREE_ENEMY_KILL","is_prod":false,"is_daily":false,"chose_seed":false,"campfire_upgraded":3,"win_rate":0,"timestamp":1550577714,"path_taken":["M","?","M","$","?","R","E","R","T","R","E","?","M","E","R","BOSS","M","M","$","?","?","R","E"],"build_version":"2019-01-23","purchased_purges":2,"victory":false,"max_hp_per_floor":[71,71,71,71,71,71,71,71,71,71,71,71,73,75,75,75,75,75,77,77,77,77,77,77],"card_choices":[{"not_picked":["Static Discharge","Melter"],"picked":"FTL","floor":1},{"not_picked":["Tempest","Blizzard","Static Discharge"],"picked":"SKIP","floor":3},{"not_picked":["Sweeping Beam","Aggregate"],"picked":"Ball Lightning","floor":7},{"not_picked":["Turbo","Blizzard"],"picked":"Consume","floor":11},{"not_picked":["Rebound","Storm","Sweeping Beam"],"picked":"Singing Bowl","floor":13},{"not_picked":["Stack","Go for the Eyes","Blizzard"],"picked":"Singing Bowl","floor":14},{"not_picked":["Buffer","Reboot"],"picked":"Seek","floor":16},{"not_picked":["Go for the Eyes","Streamline"],"picked":"Gash+1","floor":18},{"not_picked":["Rebound","Streamline","Lockon"],"picked":"Singing Bowl","floor":19}],"player_experience":1650137,"relics_obtained":[{"floor":7,"key":"Matryoshka"},{"floor":9,"key":"Blood Vial"},{"floor":9,"key":"Kunai"},{"floor":11,"key":"Singing Bowl"},{"floor":14,"key":"War Paint"}],"event_choices":[{"damage_healed":0,"gold_gain":0,"player_choice":"Leave","damage_taken":0,"max_hp_gain":0,"max_hp_loss":0,"event_name":"The Cleric","floor":2,"gold_loss":0},{"damage_healed":0,"gold_gain":0,"player_choice":"Box","damage_taken":0,"relics_obtained":["Gambling Chip"],"max_hp_gain":0,"max_hp_loss":0,"event_name":"Big Fish","floor":5,"gold_loss":0,"cards_obtained":["Regret"]},{"damage_healed":0,"gold_gain":0,"player_choice":"Simplicity","damage_taken":0,"max_hp_gain":0,"max_hp_loss":0,"event_name":"Back to Basics","floor":21,"gold_loss":0,"cards_upgraded":["Strike_B","Strike_B","Strike_B","Defend_B","Defend_B","Defend_B"]},{"damage_healed":0,"gold_gain":275,"player_choice":"Desecrate","damage_taken":0,"max_hp_gain":0,"max_hp_loss":0,"event_name":"Golden Shrine","floor":22,"gold_loss":0,"cards_obtained":["Regret"]}],"is_beta":false,"boss_relics":[{"not_picked":["Black Star","Sozu"],"picked":"Inserter"}],"items_purged_floors":[12,20],"is_endless":false,"potions_floor_spawned":[1,13,14],"killed_by":"Book of Stabbing","ascension_level":20}