{"gold_per_floor":[109,109,121,196,196,226,226,251,275,275,53,81,81,96,96,169,169,183,108,125,125,25,25],"floor_reached":23,"playtime":598,"items_purged":["Decay","Strike_R"],"score":460,"play_id":"650e6bb4-e09f-4a61-ad86-4ea3c8e1f009","local_time":"20190322170237","is_ascension_mode":true,"campfire_choices":[{"data":"Hemokinesis","floor":7,"key":"SMITH"},{"data":"Bash","floor":10,"key":"SMITH"},{"data":"Shrug It Off","floor":15,"key":"SMITH"}],"neow_cost":"NONE","seed_source_timestamp":253314443095900,"circlet_count":0,"master_deck":["AscendersBane","Strike_R","Strike_R","Strike_R","Defend_R","Defend_R","Defend_R","Defend_R","Bash+1","Ghostly Armor","Hemokinesis+1","Evolve","Shrug It Off+1","Fiend Fire","Clothesline"],"relics":["Burning Blood","NeowsBlessing","Lantern","Sundial","Bag of Marbles","Art of War","Paper Frog","Snecko Eye"],"potions_floor_usage":[8,16,16,23],"damage_taken":[{"damage":0,"enemies":"Cultist","floor":1,"turns":1},{"damage":0,"enemies":"2 Louse","floor":3,"turns":1},{"damage":0,"enemies":"3 Sentries","floor":6,"turns":2},{"damage":38,"enemies":"Lagavulin","floor":8,"turns":8},{"damage":5,"enemies":"Gremlin Nob","floor":12,"turns":3},{"damage":16,"enemies":"Small Slimes","floor":14,"turns":5},{"damage":16,"enemies":"The Guardian","floor":16,"turns":11},{"damage":33,"enemies":"Spheric Guardian","floor":18,"turns":6},{"damage":3,"enemies":"2 Thieves","floor":20,"turns":3},{"damage":52,"enemies":"Book of Stabbing","floor":23,"turns":4}],"seed_played":"3415247655069679013","potions_obtained":[{"floor":1,"key":"GamblersBrew"},{"floor":6,"key":"Dexterity Potion"},{"floor":12,"key":"Dexterity Potion"},{"floor":16,"key":"Regen Potion"},{"floor":20,"key":"Ancient Potion"}],"is_trial":false,"path_per_floor":["M","?","M","?","?","E","R","E","T","R","$","E","?","M","R","B",null,"M","$","M","?","$","E"],"character_chosen":"IRONCLAD","items_purchased":["Art of War","Shrug It Off"],"campfire_rested":0,"item_purchase_floors":[11,11],"current_hp_per_floor":[74,74,75,64,64,70,70,38,38,38,38,39,39,29,29,19,61,34,34,37,37,37,0],"gold":25,"neow_bonus":"THREE_ENEMY_KILL","is_prod":false,"is_daily":false,"chose_seed":false,"campfire_upgraded":3,"win_rate":0,"timestamp":1553241757,"path_taken":["M","?","M","?","?","E","R","E","T","R","$","E","?","M","R","BOSS","M","$","?","?","?","E"],"build_version":"2019-01-23","purchased_purges":2,"victory":false,"max_hp_per_floor":[75,75,75,75,75,75,75,75,75,75,75,75,75,75,75,75,75,75,75,75,75,75,75],"card_choices":[{"not_picked":["Fire Breathing","Reckless Charge"],"picked":"Ghostly Armor","floor":1},{"not_picked":["Headbutt","Iron Wave","Clash"],"picked":"SKIP","floor":3},{"not_picked":["Wild Strike","Havoc"],"picked":"Hemokinesis","floor":6},{"not_picked":["Warcry","Headbutt"],"picked":"Evolve","floor":8},{"not_picked":["Sword Boomerang","Pummel","Flex"],"picked":"SKIP","floor":12},{"not_picked":["Fire Breathing","Ghostly Armor","Perfected Strike"],"picked":"SKIP","floor":14},{"not_picked":["Fire Breathing","Ghostly Armor","Perfected Strike"],"picked":"SKIP","floor":14},{"not_picked":["Reaper","Demon Form"],"picked":"Fiend Fire","floor":16},{"not_picked":["Twin Strike","Sword Boomerang"],"picked":"Clothesline","floor":18},{"not_picked":["Twin Strike","Armaments","Heavy Blade"],"picked":"SKIP","floor":20}],"player_experience":2466859,"relics_obtained":[{"floor":6,"key":"Lantern"},{"floor":8,"key":"Sundial"},{"floor":9,"key":"Bag of Marbles"},{"floor":12,"key":"Paper Frog"}],"event_choices":[{"damage_healed":0,"gold_gain":0,"player_choice":"Ignored","damage_taken":0,"max_hp_gain":0,"max_hp_loss":0,"event_name":"Liars Game","floor":2,"gold_loss":0},{"damage_healed":0,"gold_gain":75,"player_choice":"Gather Gold","damage_taken":11,"max_hp_gain":0,"max_hp_loss":0,"event_name":"World of Goop","floor":4,"gold_loss":0},{"cards_removed":["Strike_R"],"damage_healed":0,"gold_gain":0,"player_choice":"Forget","damage_taken":0,"max_hp_gain":0,"max_hp_loss":0,"event_name":"Living Wall","floor":5,"gold_loss":0},{"damage_healed":0,"gold_gain":0,"player_choice":"Cursed","damage_taken":0,"max_hp_gain":0,"max_hp_loss":0,"event_name":"Wheel of Change","floor":13,"gold_loss":0,"cards_obtained":["Decay"]},{"damage_healed":0,"gold_gain":0,"player_choice":"0 cards matched","damage_taken":0,"max_hp_gain":0,"max_hp_loss":0,"event_name":"Match and Keep!","floor":21,"gold_loss":0,"cards_obtained":[]}],"is_beta":false,"boss_relics":[{"not_picked":["Black Star","Eternal Feather"],"picked":"Snecko Eye"}],"items_purged_floors":[19,22],"is_endless":false,"potions_floor_spawned":[1,6,12,16,20],"killed_by":"Book of Stabbing","ascension_level":20}