{"gold_per_floor":[114,114,39,53,53,53,67,81,81,81,125,45,69,19,19,145,145,161,174,99,99,117,117,17,17,17,41,41,55,71,35,35,163,163,183,183,202,46,46,46],"floor_reached":40,"playtime":2874,"items_purged":["Injury","Defend_B"],"score":444,"play_id":"5909d709-268d-463d-bc0a-e66bc59e65e1","local_time":"20190418215929","is_ascension_mode":true,"campfire_choices":[{"data":"Zap","floor":6.0,"key":"SMITH"},{"floor":10.0,"key":"REST"},{"floor":15.0,"key":"REST"},{"floor":23.0,"key":"REST"},{"floor":25.0,"key":"REST"},{"floor":32.0,"key":"REST"}],"neow_cost":"NONE","seed_source_timestamp":5626389393600,"circlet_count":0,"master_deck":["Strike_B+1","Defend_B","Defend_B","Zap+1","Dualcast","Storm","Loop","Ball Lightning+1","Lockon","Aggregate","Darkness","Echo Form","Melter","Chill","Hologram","Scrape","Glacier","Leap","Necronomicurse","Gash","Glacier","Capacitor","Self Repair","Redo+1","Thinking Ahead"],"special_seed":0,"relics":["Cracked Core","Bag of Marbles","Golden Idol","FaceOfCleric","Whetstone","Ornamental Fan","Snecko Eye","Gremlin Horn","Necronomicon","Sozu","DataDisk"],"potions_floor_usage":[40],"damage_taken":[{"damage":6.0,"enemies":"Jaw Worm","floor":1.0,"turns":4.0},{"damage":1.0,"enemies":"Cultist","floor":4.0,"turns":3.0},{"damage":0.0,"enemies":"Small Slimes","floor":7.0,"turns":2.0},{"damage":13.0,"enemies":"3 Louse","floor":8.0,"turns":3.0},{"damage":25.0,"enemies":"Lagavulin","floor":11.0,"turns":6.0},{"damage":1.0,"enemies":"2 Fungi Beasts","floor":13.0,"turns":3.0},{"damage":22.0,"enemies":"The Guardian","floor":16.0,"turns":8.0},{"damage":21.0,"enemies":"Shell Parasite","floor":18.0,"turns":4.0},{"damage":33.0,"enemies":"3 Byrds","floor":19.0,"turns":3.0},{"damage":18.0,"enemies":"Centurion and Healer","floor":22.0,"turns":7.0},{"damage":16.0,"enemies":"Cultist and Chosen","floor":27.0,"turns":7.0},{"damage":5.0,"enemies":"Snecko","floor":29.0,"turns":4.0},{"damage":3.0,"enemies":"3 Cultists","floor":30.0,"turns":5.0},{"damage":46.0,"enemies":"Automaton","floor":33.0,"turns":13.0},{"damage":0.0,"enemies":"3 Shapes","floor":35.0,"turns":6.0},{"damage":34.0,"enemies":"Orb Walker","floor":37.0,"turns":4.0},{"damage":60,"enemies":"Nemesis","floor":40,"turns":12}],"seed_played":"8887076363635001173","potions_obtained":[{"floor":1.0,"key":"FearPotion"},{"floor":13.0,"key":"Strength Potion"},{"floor":16.0,"key":"SneckoOil"},{"floor":18.0,"key":"Explosive Potion"},{"floor":27.0,"key":"Poison Potion"},{"floor":29.0,"key":"SkillPotion"},{"floor":30.0,"key":"Explosive Potion"}],"is_trial":false,"path_per_floor":["M","?","$","M","?","R","M","M","T","R","E","$","M","$","R","B",null,"M","M","?","?","M","R","$","R","T","M","?","M","M","$","R","B",null,"M","?","M","$","?","E"],"character_chosen":"DEFECT","items_purchased":["Darkness","PowerPotion","Capacitor","DataDisk"],"campfire_rested":5,"item_purchase_floors":[12,14,31,38],"current_hp_per_floor":[69,69,69,68,68,68,69,57,57,77,53,53,53,53,76,55,80,60,28,28,28,11,35,35,59,59,44,28,24,22,22,47,2,87,88,88,55,55,55,0],"gold":46,"neow_bonus":"RANDOM_COMMON_RELIC","is_prod":false,"is_daily":false,"chose_seed":false,"campfire_upgraded":1,"win_rate":0,"timestamp":1555592369,"path_taken":["M","?","$","M","?","R","M","M","T","R","E","$","?","?","R","BOSS","M","M","?","?","M","R","$","R","T","M","?","M","M","$","R","BOSS","M","?","M","$","?","E"],"build_version":"2019-01-23","purchased_purges":2,"victory":false,"max_hp_per_floor":[75,75,75,75,75,75,76,77,77,77,78,78,79,79,79,80,80,81,82,82,82,83,83,83,83,83,84,84,85,86,86,86,87,87,88,88,89,89,89,89],"card_choices":[{"not_picked":["Force Field","Steam Power"],"picked":"Storm","floor":1.0},{"not_picked":["Turbo","Reinforced Body"],"picked":"Loop","floor":4.0},{"not_picked":["Aggregate","Streamline"],"picked":"Ball Lightning","floor":7.0},{"not_picked":["Steam","Fusion"],"picked":"Lockon","floor":8.0},{"not_picked":["Doom and Gloom","FTL"],"picked":"Aggregate","floor":11.0},{"not_picked":["Rip and Tear","Ball Lightning","Streamline"],"picked":"SKIP","floor":13.0},{"not_picked":["Machine Learning","Amplify"],"picked":"Echo Form","floor":16.0},{"not_picked":["Beam Cell","Steam+1"],"picked":"Melter","floor":18.0},{"not_picked":["Rebound","Static Discharge"],"picked":"Chill","floor":19.0},{"not_picked":["Sunder+1","FTL"],"picked":"Glacier","floor":22.0},{"not_picked":["Go for the Eyes","Sweeping Beam+1"],"picked":"Leap","floor":27.0},{"not_picked":["Steam","Force Field"],"picked":"Gash","floor":29.0},{"not_picked":["Beam Cell","Hello World"],"picked":"Glacier","floor":30.0},{"not_picked":["Barrage+1","Turbo+1"],"picked":"Self Repair","floor":35.0},{"not_picked":["Streamline+1","White Noise+1"],"picked":"Redo+1","floor":37.0},{"not_picked":["Madness","Swift Strike"],"picked":"Thinking Ahead","floor":39.0}],"player_experience":294637,"relics_obtained":[{"floor":9.0,"key":"Whetstone"},{"floor":11.0,"key":"Ornamental Fan"},{"floor":26.0,"key":"Gremlin Horn"},{"floor":28.0,"key":"Necronomicon"}],"event_choices":[{"damage_healed":0.0,"max_hp_gain":0.0,"max_hp_loss":0.0,"gold_gain":0.0,"event_name":"Golden Idol","player_choice":"Take Wound","floor":2.0,"gold_loss":0.0,"damage_taken":0.0,"relics_obtained":["Golden Idol"],"cards_obtained":["Injury"]},{"damage_healed":0.0,"max_hp_gain":0.0,"max_hp_loss":0.0,"gold_gain":0.0,"event_name":"FaceTrader","player_choice":"Trade","floor":5.0,"gold_loss":0.0,"damage_taken":0.0,"relics_obtained":["FaceOfCleric"]},{"cards_removed":["Strike_B"],"damage_healed":0.0,"max_hp_gain":0.0,"max_hp_loss":0.0,"gold_gain":0.0,"event_name":"Beggar","player_choice":"Gave Gold","floor":20.0,"gold_loss":75.0,"damage_taken":0.0},{"damage_healed":0.0,"max_hp_gain":0.0,"max_hp_loss":0.0,"gold_gain":0.0,"cards_transformed":["Strike_B","Strike_B"],"event_name":"Drug Dealer","player_choice":"Became Test Subject","floor":21.0,"gold_loss":0.0,"damage_taken":0.0,"cards_obtained":["Hologram","Scrape"]},{"damage_healed":0.0,"max_hp_gain":0.0,"max_hp_loss":0.0,"gold_gain":0.0,"event_name":"Cursed Tome","player_choice":"Obtained Book","floor":28.0,"gold_loss":0.0,"damage_taken":16.0},{"cards_removed":["Defend_B"],"damage_healed":0.0,"max_hp_gain":0.0,"max_hp_loss":0.0,"gold_gain":0.0,"event_name":"Falling","player_choice":"Removed Skill","floor":36.0,"gold_loss":0.0,"damage_taken":0.0},{"damage_healed":0.0,"max_hp_gain":0.0,"max_hp_loss":0.0,"gold_gain":0.0,"event_name":"SensoryStone","player_choice":"Memory 1","floor":39.0,"gold_loss":0.0,"damage_taken":0.0}],"is_beta":false,"boss_relics":[{"not_picked":["Busted Crown","White Beast Statue"],"picked":"Snecko Eye"},{"not_picked":["Lizard Tail","Black Star"],"picked":"Sozu"}],"items_purged_floors":[3,24],"is_endless":false,"potions_floor_spawned":[1,13,16,18,27,29,30],"killed_by":"Nemesis","ascension_level":3}