{"path_per_floor":["M","?","M","M","T","E","$","E","T","?","M","R","M","E","R","B",null,"M","?","M","M","$","E","R","M","T","R","M","M","M","?","R"],"character_chosen":"THE_SILENT","items_purchased":["Well Laid Plans","A Thousand Cuts"],"gold_per_floor":[118,118,133,144,169,197,51,81,81,81,101,101,115,149,149,269,269,294,209,230,246,3,41,41,59,59,59,74,94,118,118,118],"floor_reached":33,"campfire_rested":1,"playtime":2762,"current_hp_per_floor":[70,70,69,69,69,50,50,45,45,45,45,45,44,34,34,32,82,67,67,62,50,50,23,23,17,17,56,41,21,9,9,9],"items_purged":["Strike_G","Pain"],"gold":118,"score":289,"play_id":"6f8f0173-2210-4c13-9bcb-ffa89a31b74a","is_prod":false,"is_daily":false,"is_ascension_mode":false,"campfire_upgraded":4,"path_taken":["M","?","?","M","?","E","?","E","T","?","?","R","M","E","R","BOSS","M","?","M","M","$","E","R","M","T","R","M","M","M","?","R","BOSS"],"build_version":"2018-02-16-BETA2","purchased_purges":2,"victory":false,"master_deck":["Defend_G","Defend_G","Defend_G","Defend_G","Defend_G","Strike_G","Strike_G","Strike_G","Strike_G","Survivor","Neutralize+1","Cloak And Dagger","Blade Dance","Infinite Blades","Well Laid Plans","Tools of the Trade","Accuracy+1","Storm of Steel","Adrenaline","Decay","Injury","Dagger Throw","Dodge and Roll+1","A Thousand Cuts+1","Accuracy","Reflex","Cloak And Dagger","Footwork+1"],"max_hp_per_floor":[70,70,70,70,70,70,70,70,70,65,65,65,65,65,65,65,82,82,82,82,82,82,82,82,82,82,82,82,82,82,82,82],"relics":["Ring of the Snake","Vajra","Mercury Hourglass","Bag of Preparation","Ginger","Bloody Idol","Gremlin Horn","Calling Bell","Pear","Omamori","Strawberry","Regal Pillow","Shuriken","Calipers"],"card_choices":[{"not_picked":["Noxious Fumes","Backflip"],"picked":"Cloak And Dagger"},{"not_picked":["Heel Hook","Crippling Poison"],"picked":"Blade Dance"},{"not_picked":["Blade Dance","Dodge and Roll"],"picked":"Infinite Blades"},{"not_picked":["Deflect","Slice"],"picked":"Tools of the Trade"},{"not_picked":["PiercingWail","Backflip"],"picked":"Accuracy"},{"not_picked":["Eviscerate","Prepared"],"picked":"Storm of Steel"},{"not_picked":["Unload","Phantasmal Killer"],"picked":"Adrenaline"},{"not_picked":["Catalyst","Malaise"],"picked":"Dagger Throw"},{"not_picked":["Predator","Bane"],"picked":"Dodge and Roll"},{"not_picked":["Predator","Acrobatics"],"picked":"Accuracy"},{"not_picked":["Crippling Poison","Calculated Gamble"],"picked":"Reflex"},{"not_picked":["Quick Slash","Escape Plan"],"picked":"Cloak And Dagger"},{"not_picked":["Flying Knee","Slice"],"picked":"Footwork"}],"player_experience":57269,"potions_floor_usage":[8,11,14,16,28,30],"damage_taken":[{"damage":0,"enemies":"2 Louse","floor":1,"turns":3},{"damage":1,"enemies":"Cultist","floor":3,"turns":4},{"damage":0,"enemies":"Small Slimes","floor":4,"turns":3},{"damage":19,"enemies":"Gremlin Nob","floor":6,"turns":5},{"damage":5,"enemies":"Lagavulin","floor":8,"turns":7},{"damage":0,"enemies":"Exordium Thugs","floor":11,"turns":3},{"damage":1,"enemies":"Looter","floor":13,"turns":3},{"damage":10,"enemies":"Gremlin Nob","floor":14,"turns":3},{"damage":2,"enemies":"Slime Boss","floor":16,"turns":6},{"damage":15,"enemies":"Shell Parasite","floor":18,"turns":4},{"damage":5,"enemies":"Chosen","floor":20,"turns":4},{"damage":12,"enemies":"Centurion and Healer","floor":21,"turns":4},{"damage":27,"enemies":"Book of Stabbing","floor":23,"turns":5},{"damage":6,"enemies":"3 Cultists","floor":25,"turns":3},{"damage":15,"enemies":"Snake Plant","floor":28,"turns":3},{"damage":20,"enemies":"Centurion and Healer","floor":29,"turns":4},{"damage":12,"enemies":"Chosen and Byrds","floor":30,"turns":4},{"damage":19,"enemies":"Collector","floor":33,"turns":2}],"event_choices":[{"event_name":"The Lab","player_choice":"Got Potions","floor":2,"damage_taken":0},{"event_name":"Golden Idol","player_choice":"Lose Max HP","floor":10,"damage_taken":0},{"event_name":"Addict","player_choice":"Obtained Relic","floor":19,"damage_taken":0},{"event_name":"Forgotten Altar","player_choice":"Gave Idol","floor":31,"damage_taken":0}],"boss_relics":[{"not_picked":["Velvet Choker","Philosopher\u0027s Stone"],"picked":"Calling Bell"}],"potions_floor_spawned":[1,4,11,23,25],"seed_played":"75881863197939060","killed_by":"Collector","ascension_level":0,"is_trial":false}