{"gold_per_floor":[13,24,99,99,99,99,134,145,145,145,170,188,221,58,58,131,131,151,151,151,49,229,229,262,241,241,256,286,201,221,238,238,238,238,253,653,653,653,664,664,696,709,709,727,754,9,23,33,33,33,33,33,33,33,61,61],"floor_reached":57,"playtime":2853,"items_purged":["Regret"],"score":2890,"play_id":"6c35b3eb-7653-4474-b994-83bc21c7a988","local_time":"20190403152912","is_ascension_mode":true,"campfire_choices":[{"data":"Streamline","floor":6.0,"key":"SMITH"},{"data":"Consume","floor":15.0,"key":"SMITH"},{"data":"Biased Cognition","floor":23.0,"key":"SMITH"},{"floor":32.0,"key":"REST"},{"data":"Discovery","floor":40.0,"key":"SMITH"},{"floor":49.0,"key":"RECALL"},{"data":"Loop","floor":53,"key":"SMITH"}],"neow_cost":"NO_GOLD","seed_source_timestamp":445071394083700,"circlet_count":0,"master_deck":["AscendersBane","Strike_B","Strike_B","Defend_B","Defend_B","Defend_B","Zap","Dualcast","Biased Cognition+1","Streamline+1","Hologram","Consume+1","Cold Snap","Core Surge","Cold Snap","Ghostly","Ghostly","Ghostly","Discovery+1","Loop+1","Core Surge","Coolheaded","Coolheaded","Glacier","Glacier","White Noise","Turbo","Master of Strategy","Coolheaded+1","Capacitor+1","Loop+1","Parasite","Blizzard","Defragment+1","Echo Form+1"],"special_seed":0,"relics":["Cracked Core","Blue Candle","Anchor","Art of War","StoneCalendar","Strawberry","Bag of Preparation","Cursed Key","Regal Pillow","Bottled Lightning","Happy Flower","Thread and Needle","Orrery","Old Coin","Frozen Egg 2","Question Card","Incense Burner","Lee\u0027s Waffle","Cables"],"potions_floor_usage":[56],"damage_taken":[{"damage":4.0,"enemies":"Jaw Worm","floor":1.0,"turns":4.0},{"damage":0.0,"enemies":"Small Slimes","floor":2.0,"turns":2.0},{"damage":27.0,"enemies":"3 Sentries","floor":7.0,"turns":6.0},{"damage":0.0,"enemies":"2 Louse","floor":8.0,"turns":2.0},{"damage":22.0,"enemies":"Lagavulin","floor":11.0,"turns":6.0},{"damage":24.0,"enemies":"Gremlin Gang","floor":12.0,"turns":5.0},{"damage":6.0,"enemies":"Gremlin Nob","floor":13.0,"turns":3.0},{"damage":33.0,"enemies":"Slime Boss","floor":16.0,"turns":7.0},{"damage":13.0,"enemies":"Shell Parasite","floor":18.0,"turns":4.0},{"damage":3.0,"enemies":"Book of Stabbing","floor":24.0,"turns":4.0},{"damage":0.0,"enemies":"2 Thieves","floor":25.0,"turns":4.0},{"damage":2.0,"enemies":"Snake Plant","floor":27.0,"turns":5.0},{"damage":1.0,"enemies":"Gremlin Leader","floor":28.0,"turns":9.0},{"damage":8.0,"enemies":"Cultist and Chosen","floor":30.0,"turns":3.0},{"damage":1.0,"enemies":"Centurion and Healer","floor":31.0,"turns":5.0},{"damage":10.0,"enemies":"Collector","floor":33.0,"turns":13.0},{"damage":1.0,"enemies":"Orb Walker","floor":35.0,"turns":7.0},{"damage":0.0,"enemies":"Mind Bloom Boss Battle","floor":36.0,"turns":12.0},{"damage":2.0,"enemies":"3 Shapes","floor":39.0,"turns":7.0},{"damage":0.0,"enemies":"Giant Head","floor":41.0,"turns":16.0},{"damage":0.0,"enemies":"Jaw Worm Horde","floor":42.0,"turns":7.0},{"damage":1.0,"enemies":"4 Shapes","floor":44.0,"turns":8.0},{"damage":15.0,"enemies":"Reptomancer","floor":45.0,"turns":18.0},{"damage":3.0,"enemies":"Writhing Mass","floor":47.0,"turns":5.0},{"damage":5.0,"enemies":"Spire Growth","floor":48.0,"turns":9.0},{"damage":8,"enemies":"Awakened One","floor":50,"turns":25},{"damage":10,"enemies":"Donu and Deca","floor":51,"turns":20},{"damage":1,"enemies":"Shield and Spear","floor":55,"turns":17},{"damage":26,"enemies":"The Heart","floor":56,"turns":15}],"seed_played":"6717581816973022356","potions_obtained":[{"floor":2.0,"key":"GamblersBrew"},{"floor":12.0,"key":"FearPotion"},{"floor":13.0,"key":"FearPotion"},{"floor":24.0,"key":"SkillPotion"},{"floor":30.0,"key":"Ancient Potion"}],"is_trial":false,"path_per_floor":["M","M","?","?","?","R","E","M","T","?","E","M","E","$","R","B",null,"M","?","?","$","?","R","E","M","T","M","E","?","M","M","R","B",null,"M","?","?","?","M","R","E","M","T","M","E","$","M","M","R","B","B",null,"R","$","E","B",null],"character_chosen":"DEFECT","items_purchased":["Bag of Preparation","Discovery","Incense Burner","Lee\u0027s Waffle","Loop+1","SpeedPotion"],"campfire_rested":1,"item_purchase_floors":[14,21,46,46,46,46],"current_hp_per_floor":[60,60,49,44,44,44,17,17,17,81,59,35,36,36,36,3,67,54,44,44,44,20,20,17,17,17,15,14,14,6,5,33,23,39,38,38,28,28,26,26,26,26,26,25,10,51,48,43,43,35,25,45,45,45,44,18],"gold":61,"neow_bonus":"TRANSFORM_TWO_CARDS","is_prod":false,"is_daily":false,"chose_seed":false,"campfire_upgraded":5,"win_rate":0,"timestamp":1554272952,"path_taken":["M","M","?","?","?","R","E","M","T","?","E","?","E","?","R","BOSS","M","?","?","$","?","R","E","M","T","?","E","?","M","M","R","BOSS","M","?","?","?","M","R","E","M","T","?","E","$","M","M","R","BOSS","BOSS","R","$","E","BOSS"],"build_version":"2019-01-23","purchased_purges":1,"victory":true,"max_hp_per_floor":[71,71,71,71,71,71,71,71,71,81,81,81,88,88,88,88,88,88,44,44,44,44,44,44,44,44,44,44,44,44,44,44,44,44,44,44,44,44,44,44,44,44,44,44,44,51,51,51,51,51,51,51,51,51,51,51],"card_choices":[{"not_picked":["Compile Driver","Hologram"],"picked":"Streamline","floor":1.0},{"not_picked":["Static Discharge","Rebound"],"picked":"Hologram","floor":2.0},{"not_picked":["Beam Cell","Leap","Compile Driver"],"picked":"SKIP","floor":7.0},{"not_picked":["Hologram","Lockon"],"picked":"Consume","floor":8.0},{"not_picked":["Hologram","Defragment"],"picked":"Cold Snap","floor":11.0},{"not_picked":["Compile Driver","Barrage","Turbo"],"picked":"SKIP","floor":12.0},{"not_picked":["Melter","Doom and Gloom","Steam Power"],"picked":"SKIP","floor":13.0},{"not_picked":["Buffer","Multi-Cast"],"picked":"Core Surge","floor":16.0},{"not_picked":["Rebound","Blizzard"],"picked":"Cold Snap","floor":18.0},{"not_picked":["Steam","Beam Cell"],"picked":"Loop","floor":24.0},{"not_picked":["Static Discharge","Streamline","Compile Driver"],"picked":"SKIP","floor":25.0},{"not_picked":["Steam","Doom and Gloom","Beam Cell+1"],"picked":"SKIP","floor":27.0},{"not_picked":["Steam","Doom and Gloom","Beam Cell+1"],"picked":"SKIP","floor":27.0},{"not_picked":["Barrage","Leap"],"picked":"Core Surge","floor":28.0},{"not_picked":["Consume","Sunder"],"picked":"Coolheaded","floor":30.0},{"not_picked":["Stack","Sweeping Beam"],"picked":"Coolheaded","floor":31.0},{"not_picked":["Beam Cell+1","Conserve Battery"],"picked":"Glacier","floor":34.0},{"not_picked":["Rebound","Coolheaded+1"],"picked":"Glacier","floor":34.0},{"not_picked":["Static Discharge","Go for the Eyes"],"picked":"White Noise","floor":34.0},{"not_picked":["Gash","Aggregate"],"picked":"Turbo","floor":34.0},{"not_picked":["Genetic Algorithm","Ball Lightning","Leap"],"picked":"SKIP","floor":35.0},{"not_picked":["Transmutation","PanicButton"],"picked":"Master of Strategy","floor":37.0},{"not_picked":["Compile Driver","Streamline+1","Sweeping Beam+1"],"picked":"SKIP","floor":39.0},{"not_picked":["Redo+1","Hologram","Double Energy"],"picked":"SKIP","floor":41.0},{"not_picked":["Steam","Stack+1"],"picked":"Coolheaded+1","floor":42.0},{"not_picked":["Seek","Hologram+1"],"picked":"Capacitor+1","floor":44.0},{"not_picked":["Coolheaded","Hello World+1","Redo"],"picked":"SKIP","floor":45.0},{"not_picked":["Chaos","Streamline","Turbo"],"picked":"Blizzard","floor":47.0},{"not_picked":["Doom and Gloom+1","Glacier","Leap"],"picked":"Defragment+1","floor":48.0},{"not_picked":["Ball Lightning","Barrage","Gash"],"picked":"Echo Form+1","floor":55}],"player_experience":2832458,"relics_obtained":[{"floor":7.0,"key":"Anchor"},{"floor":9.0,"key":"Art of War"},{"floor":11.0,"key":"StoneCalendar"},{"floor":13.0,"key":"Strawberry"},{"floor":24.0,"key":"Regal Pillow"},{"floor":26.0,"key":"Bottled Lightning"},{"floor":28.0,"key":"Happy Flower"},{"floor":36.0,"key":"Old Coin"},{"floor":41.0,"key":"Frozen Egg 2"},{"floor":45.0,"key":"Question Card"},{"floor":55,"key":"Cables"}],"event_choices":[{"damage_healed":0.0,"max_hp_gain":0.0,"max_hp_loss":0.0,"gold_gain":75.0,"event_name":"World of Goop","player_choice":"Gather Gold","floor":3.0,"gold_loss":0.0,"damage_taken":11.0},{"damage_healed":0.0,"max_hp_gain":0.0,"max_hp_loss":0.0,"gold_gain":0.0,"event_name":"Scrap Ooze","player_choice":"Success","floor":4.0,"gold_loss":0.0,"damage_taken":5.0,"relics_obtained":["Blue Candle"]},{"damage_healed":0.0,"max_hp_gain":0.0,"max_hp_loss":0.0,"gold_gain":0.0,"event_name":"Liars Game","player_choice":"Ignored","floor":5.0,"gold_loss":0.0,"damage_taken":0.0},{"cards_removed":["Seek"],"damage_healed":54.0,"max_hp_gain":10.0,"max_hp_loss":0.0,"gold_gain":0.0,"event_name":"Bonfire Elementals","player_choice":"Offered Rare","floor":10.0,"gold_loss":0.0,"damage_taken":0.0},{"damage_healed":0.0,"max_hp_gain":0.0,"max_hp_loss":44.0,"gold_gain":0.0,"event_name":"Ghosts","player_choice":"Became a Ghost","floor":19.0,"gold_loss":0.0,"damage_taken":0.0,"cards_obtained":["Ghostly","Ghostly","Ghostly"]},{"cards_removed":["Strike_B"],"damage_healed":0.0,"max_hp_gain":0.0,"max_hp_loss":0.0,"gold_gain":0.0,"event_name":"Back to Basics","player_choice":"Elegance","floor":20.0,"gold_loss":0.0,"damage_taken":0.0},{"damage_healed":0.0,"max_hp_gain":0.0,"max_hp_loss":0.0,"gold_gain":180.0,"event_name":"Knowing Skull","player_choice":"GOLD GOLD POTION ","floor":22.0,"potions_obtained":["Ancient Potion"],"gold_loss":0.0,"damage_taken":24.0,"cards_obtained":[]},{"damage_healed":0.0,"max_hp_gain":0.0,"max_hp_loss":0.0,"gold_gain":0.0,"event_name":"Addict","player_choice":"Obtained Relic","floor":29.0,"gold_loss":85.0,"damage_taken":0.0,"relics_obtained":["Thread and Needle"]},{"damage_healed":0.0,"max_hp_gain":0.0,"max_hp_loss":0.0,"gold_gain":0.0,"event_name":"MindBloom","player_choice":"Fight","floor":36.0,"gold_loss":0.0,"damage_taken":0.0},{"damage_healed":0.0,"max_hp_gain":0.0,"max_hp_loss":0.0,"gold_gain":0.0,"event_name":"SensoryStone","player_choice":"Memory 3","floor":37.0,"gold_loss":0.0,"damage_taken":10.0},{"cards_removed":["Normality"],"damage_healed":0.0,"max_hp_gain":0.0,"max_hp_loss":0.0,"gold_gain":0.0,"event_name":"Purifier","player_choice":"Purged","floor":38.0,"gold_loss":0.0,"damage_taken":0.0}],"is_beta":false,"boss_relics":[{"not_picked":["Runic Pyramid","Velvet Choker"],"picked":"Cursed Key"},{"not_picked":["White Beast Statue","Coffee Dripper"],"picked":"Orrery"}],"items_purged_floors":[46],"is_endless":false,"potions_floor_spawned":[2,12,13,24,30,31,33,36,39,48],"ascension_level":20}