{"gold_per_floor":[110,185,202,202,24,24,54,74,98,125,125,136,136,136,136,262,262,280,205,128,153,76,111,111,11,35,53,53,96,96,117,117,247,247,263,263,281,4,23,23,46,46,72,72,97,112,112,150,150,150],"floor_reached":50,"playtime":2675,"items_purged":["Defend_R","Strike_R","Pain"],"score":803,"play_id":"25316f42-67c7-4406-8499-35851c27f6e3","local_time":"20180726025322","is_ascension_mode":true,"campfire_choices":[{"data":"Bash","floor":6,"key":"SMITH"},{"data":"Rampage","floor":11,"key":"SMITH"},{"data":"Burning Pact","floor":15,"key":"SMITH"},{"data":"Feed","floor":24,"key":"SMITH"},{"data":"Rage","floor":28,"key":"SMITH"},{"floor":32,"key":"REST"},{"data":"J.A.X.","floor":40,"key":"SMITH"},{"data":"Metallicize","floor":42,"key":"SMITH"},{"data":"Metallicize","floor":44,"key":"SMITH"},{"data":"Double Tap","floor":49,"key":"SMITH"}],"neow_cost":"","seed_source_timestamp":895715271320748,"circlet_count":0,"master_deck":["Strike_R","Strike_R","Strike_R","Defend_R+1","Defend_R","Bash+1","AscendersBane","Thunderclap","Evolve","Power Through+1","Pummel","Burning Pact+1","Rampage+1","Shockwave","Feed+1","True Grit","J.A.X.+1","Dropkick","Metallicize+1","Disarm","Rage+1","Immolate","Armaments+1","Double Tap+1","Metallicize+1","Madness","Madness","Headbutt+1","Finesse","Doubt","Headbutt+1","Clash+1"],"relics":["Burning Blood","Bag of Marbles","Orichalcum","Mango","Golden Idol","Cursed Key","Gambling Chip","Red Skull","Anchor","Nloth\u0027s Gift","Orrery","Oddly Smooth Stone","Mercury Hourglass"],"potions_floor_usage":[7,7,23,29,35,39,41,46,50],"damage_taken":[{"damage":20,"enemies":"Jaw Worm","floor":1,"turns":6},{"damage":1,"enemies":"Cultist","floor":3,"turns":3},{"damage":9,"enemies":"3 Sentries","floor":7,"turns":10},{"damage":0,"enemies":"2 Louse","floor":8,"turns":2},{"damage":14,"enemies":"Gremlin Nob","floor":10,"turns":5},{"damage":10,"enemies":"Exordium Wildlife","floor":12,"turns":4},{"damage":39,"enemies":"The Guardian","floor":16,"turns":13},{"damage":19,"enemies":"2 Thieves","floor":18,"turns":4},{"damage":3,"enemies":"3 Byrds","floor":21,"turns":5},{"damage":38,"enemies":"Book of Stabbing","floor":23,"turns":7},{"damage":21,"enemies":"Snake Plant","floor":27,"turns":2},{"damage":13,"enemies":"Slavers","floor":29,"turns":5},{"damage":5,"enemies":"Snecko","floor":31,"turns":3},{"damage":30,"enemies":"Champ","floor":33,"turns":10},{"damage":19,"enemies":"Flame Bruiser 1 Orb","floor":35,"turns":6},{"damage":3,"enemies":"Orb Walker","floor":37,"turns":2},{"damage":3,"enemies":"4 Shapes","floor":39,"turns":6},{"damage":36,"enemies":"Maw","floor":41,"turns":7},{"damage":11,"enemies":"Sphere and 2 Shapes","floor":45,"turns":4},{"damage":27,"enemies":"Transient","floor":46,"turns":5},{"damage":22,"enemies":"Nemesis","floor":48,"turns":7},{"damage":81,"enemies":"Awakened One","floor":50,"turns":8}],"seed_played":"-1299421830440125981","potions_obtained":[{"floor":1,"key":"EssenceOfSteel"},{"floor":3,"key":"SkillPotion"},{"floor":10,"key":"FearPotion"},{"floor":23,"key":"Energy Potion"},{"floor":27,"key":"LiquidBronze"},{"floor":33,"key":"PowerPotion"},{"floor":35,"key":"SneckoOil"},{"floor":39,"key":"Block Potion"},{"floor":48,"key":"Weak Potion"}],"is_trial":false,"path_per_floor":["M","?","M","?","$","R","E","M","T","E","R","M","?","?","R","B",null,"M","?","?","M","$","E","R","$","T","M","R","E","?","M","R","B",null,"M","?","M","$","M","R","M","R","T","R","M","M","?","E","R"],"character_chosen":"IRONCLAD","items_purchased":["Power Through","Pummel","Metallicize","Finesse","SteroidPotion"],"campfire_rested":1,"item_purchase_floors":[5,5,22,38,38],"current_hp_per_floor":[58,47,52,49,49,49,46,52,52,58,58,54,54,54,54,21,71,58,58,58,64,64,32,32,32,32,17,17,10,10,15,43,19,75,62,50,53,53,56,56,30,30,30,30,29,8,89,73,73,0],"gold":150,"neow_bonus":"","is_prod":false,"is_daily":false,"chose_seed":false,"campfire_upgraded":9,"win_rate":0,"timestamp":1532544802,"path_taken":["M","?","M","?","$","R","E","M","T","E","R","?","?","?","R","BOSS","M","?","?","M","$","E","R","?","T","M","R","E","?","?","R","BOSS","M","?","M","$","M","R","M","R","T","R","M","M","?","E","R","BOSS"],"build_version":"2018-07-24","purchased_purges":3,"victory":false,"max_hp_per_floor":[80,80,80,80,80,80,80,80,80,94,94,94,87,87,87,87,87,87,87,87,90,90,90,90,90,90,90,90,90,90,94,94,94,94,94,94,94,94,94,94,98,98,98,98,102,102,89,89,89,89],"card_choices":[{"not_picked":["Clothesline","Pummel"],"picked":"Thunderclap","floor":1},{"not_picked":["Heavy Blade","Entrench"],"picked":"Evolve","floor":3},{"not_picked":["Shockwave","Fire Breathing","Rage"],"picked":"SKIP","floor":7},{"not_picked":["Power Through","Cleave"],"picked":"Burning Pact","floor":8},{"not_picked":["Thunderclap","Pummel"],"picked":"Rampage","floor":10},{"not_picked":["Anger","Thunderclap"],"picked":"Shockwave","floor":12},{"not_picked":["Impervious","Demon Form"],"picked":"Feed","floor":16},{"not_picked":["Armaments","Warcry+1"],"picked":"True Grit","floor":18},{"not_picked":["Twin Strike","True Grit"],"picked":"Dropkick","floor":21},{"not_picked":["Ghostly Armor","Combust+1"],"picked":"Disarm","floor":23},{"not_picked":["Pommel Strike","Clothesline"],"picked":"Rage","floor":27},{"not_picked":["Barricade","Pommel Strike","Heavy Blade"],"picked":"SKIP","floor":29},{"not_picked":["Heavy Blade+1","Armaments","Perfected Strike"],"picked":"SKIP","floor":31},{"not_picked":["Bludgeon","Impervious"],"picked":"Immolate","floor":33},{"not_picked":["Cleave+1","Anger"],"picked":"Armaments+1","floor":34},{"not_picked":["Hemokinesis","Twin Strike"],"picked":"Double Tap","floor":34},{"not_picked":["Uppercut+1","Body Slam"],"picked":"Metallicize","floor":35},{"not_picked":["Bloodletting","Thunderclap"],"picked":"Headbutt+1","floor":37},{"not_picked":["Inflame+1","Clothesline","Armaments"],"picked":"SKIP","floor":39},{"not_picked":["Inflame+1","Clothesline","Armaments"],"picked":"SKIP","floor":39},{"not_picked":["Juggernaut","Blood for Blood","Iron Wave+1"],"picked":"SKIP","floor":41},{"not_picked":["Flex","Cleave"],"picked":"Headbutt+1","floor":45},{"not_picked":["Cleave+1","Thunderclap","Dual Wield"],"picked":"SKIP","floor":46},{"not_picked":["Cleave","Immolate"],"picked":"Clash+1","floor":48}],"player_experience":451017,"relics_obtained":[{"floor":7,"key":"War Paint"},{"floor":9,"key":"Orichalcum"},{"floor":10,"key":"Mango"},{"floor":23,"key":"Gambling Chip"},{"floor":26,"key":"Red Skull"},{"floor":29,"key":"Anchor"},{"floor":43,"key":"Oddly Smooth Stone"},{"floor":48,"key":"Mercury Hourglass"}],"event_choices":[{"event_name":"World of Goop","player_choice":"Gather Gold","floor":2,"damage_taken":0},{"event_name":"Scrap Ooze","player_choice":"success","floor":4,"damage_taken":3},{"event_name":"Golden Idol","player_choice":"Lose Max HP","floor":13,"damage_taken":0},{"event_name":"Living Wall","player_choice":"Forget","floor":14,"damage_taken":0},{"event_name":"Beggar","player_choice":"Gave Gold","floor":19,"damage_taken":0},{"event_name":"Drug Dealer","player_choice":"Got JAXXED","floor":20,"damage_taken":0},{"event_name":"N\u0027loth","player_choice":"Traded a War Paint","floor":30,"damage_taken":0},{"event_name":"Winding Halls","player_choice":"Embrace Madness","floor":36,"damage_taken":0},{"event_name":"The Moai Head","player_choice":"Heal","floor":47,"damage_taken":0}],"is_beta":true,"boss_relics":[{"not_picked":["Runic Cube","Runic Dome"],"picked":"Cursed Key"},{"not_picked":["Pandora\u0027s Box","Busted Crown"],"picked":"Orrery"}],"items_purged_floors":[5,25,38],"is_endless":false,"potions_floor_spawned":[1,3,10,23,27,33,35,39,48],"killed_by":"Awakened One","ascension_level":11}