{"gold_per_floor":[116,136,154,154,79,111,127,127,209,236,253,253,286,300,300,403,403,422,436,244,424,442,442,454,489,489,489,501,526,542,567,567,667,667,684,303,303,93,116,144,156,156,211,227,254,254,288,298,298,298],"floor_reached":50,"playtime":3222,"items_purged":["Strike_B","Defend_B","Defend_B"],"score":719,"play_id":"53ff8508-0f52-418b-b394-c2c340d57c4b","local_time":"20181229012717","is_ascension_mode":true,"campfire_choices":[{"data":"Defragment","floor":8.0,"key":"SMITH"},{"floor":12.0,"key":"REST"},{"data":"Zap","floor":15.0,"key":"SMITH"},{"data":"Panache","floor":23.0,"key":"SMITH"},{"data":"Self Repair","floor":27.0,"key":"SMITH"},{"data":"Electrodynamics","floor":32.0,"key":"SMITH"},{"data":"Seek","floor":42.0,"key":"SMITH"},{"floor":46.0,"key":"REST"},{"floor":49.0,"key":"REST"}],"neow_cost":"NONE","seed_source_timestamp":120264346967566,"circlet_count":0,"master_deck":["Strike_B","Strike_B","Strike_B","Defend_B","Defend_B","Zap+1","Dualcast","Echo Form","Sweeping Beam+1","Cold Snap","Ball Lightning+1","Seek+1","Defragment+1","Conserve Battery","Compile Driver","Echo Form","Panache+1","Hologram+1","Self Repair+1","Loop+1","Shame","Auto Shields+1","Gash","Electrodynamics+1","Fusion+1","Core Surge+1","Reinforced Body+1","Conserve Battery+1","Compile Driver","Conserve Battery+1","Writhe","Tempest+1","Normality","White Noise+1","Storm+1","White Noise+1","Defragment+1"],"special_seed":0,"relics":["Cracked Core","Ginger","Symbiotic Virus","DataDisk","PreservedInsect","Cursed Key","Toxic Egg 2","Pen Nib","Kunai","Dodecahedron","Black Star","Membership Card","Mummified Hand","Sling","Boot","Frozen Egg 2","Turnip","Bag of Marbles","Blue Candle","Blood Vial","Molten Egg 2","Lantern"],"potions_floor_usage":[50,50,50],"damage_taken":[{"damage":10.0,"enemies":"Small Slimes","floor":1.0,"turns":3.0},{"damage":1.0,"enemies":"Cultist","floor":2.0,"turns":3.0},{"damage":11.0,"enemies":"Jaw Worm","floor":3.0,"turns":3.0},{"damage":12.0,"enemies":"Gremlin Nob","floor":6.0,"turns":3.0},{"damage":3.0,"enemies":"Exordium Thugs","floor":7.0,"turns":3.0},{"damage":9.0,"enemies":"3 Sentries","floor":10.0,"turns":5.0},{"damage":2.0,"enemies":"Blue Slaver","floor":11.0,"turns":2.0},{"damage":6.0,"enemies":"Gremlin Nob","floor":13.0,"turns":3.0},{"damage":5.0,"enemies":"Lots of Slimes","floor":14.0,"turns":2.0},{"damage":4.0,"enemies":"Hexaghost","floor":16.0,"turns":7.0},{"damage":3.0,"enemies":"2 Thieves","floor":18.0,"turns":3.0},{"damage":2.0,"enemies":"Shell Parasite","floor":19.0,"turns":3.0},{"damage":5.0,"enemies":"Snecko","floor":22.0,"turns":4.0},{"damage":8.0,"enemies":"Sentry and Sphere","floor":24.0,"turns":4.0},{"damage":25.0,"enemies":"Slavers","floor":25.0,"turns":4.0},{"damage":10.0,"enemies":"3 Cultists","floor":28.0,"turns":4.0},{"damage":0.0,"enemies":"Gremlin Leader","floor":29.0,"turns":4.0},{"damage":0.0,"enemies":"Chosen and Byrds","floor":30.0,"turns":4.0},{"damage":15.0,"enemies":"Book of Stabbing","floor":31.0,"turns":3.0},{"damage":14.0,"enemies":"Collector","floor":33.0,"turns":6.0},{"damage":7.0,"enemies":"3 Shapes","floor":35.0,"turns":4.0},{"damage":33.0,"enemies":"Reptomancer","floor":40.0,"turns":4.0},{"damage":13.0,"enemies":"Orb Walker","floor":41.0,"turns":3.0},{"damage":20.0,"enemies":"Spire Growth","floor":44.0,"turns":5.0},{"damage":5.0,"enemies":"Nemesis","floor":45.0,"turns":3.0},{"damage":3.0,"enemies":"Giant Head","floor":47.0,"turns":6.0},{"damage":13.0,"enemies":"Writhing Mass","floor":48.0,"turns":3.0},{"damage":76,"enemies":"Awakened One","floor":50,"turns":5}],"seed_played":"6388134578093376552","potions_obtained":[{"floor":6.0,"key":"Energy Potion"},{"floor":7.0,"key":"Fire Potion"},{"floor":10.0,"key":"Energy Potion"},{"floor":14.0,"key":"Energy Potion"},{"floor":22.0,"key":"SkillPotion"},{"floor":24.0,"key":"EssenceOfSteel"},{"floor":30.0,"key":"PowerPotion"},{"floor":31.0,"key":"SpeedPotion"},{"floor":40.0,"key":"EntropicBrew"},{"floor":44.0,"key":"SkillPotion"},{"floor":47.0,"key":"Poison Potion"}],"is_trial":false,"path_per_floor":["M","M","M","?","$","E","M","R","T","E","M","R","E","M","R","B",null,"M","M","$","?","M","R","M","T","R","M","M","E","R","B",null,"M","$","?","$","T","E","M","R","T","M","E","R","E","M","R"],"character_chosen":"DEFECT","items_purchased":["Panache","Membership Card","Mummified Hand","Conserve Battery+1","Sling","Compile Driver","Conserve Battery+1"],"campfire_rested":3,"item_purchase_floors":[20,36,36,36,38,38,38],"current_hp_per_floor":[65,64,53,38,38,26,23,23,23,14,12,34,28,23,23,19,75,72,70,70,49,44,44,36,25,25,25,35,45,45,30,30,26,75,68,68,68,68,68,35,32,32,32,22,17,39,58,57,75,0],"gold":298,"neow_bonus":"ONE_RANDOM_RARE_CARD","is_prod":false,"is_daily":false,"chose_seed":false,"campfire_upgraded":6,"win_rate":0,"timestamp":1546018037,"path_taken":["M","M","M","?","$","E","M","R","T","E","M","R","E","M","R","BOSS","M","M","$","?","?","R","M","E","T","R","M","E","M","E","R","BOSS","M","$","?","$","?","E","M","R","T","M","E","R","E","M","R","BOSS"],"build_version":"2018-12-25","purchased_purges":3,"victory":false,"max_hp_per_floor":[75,75,75,75,75,75,75,75,75,75,75,75,75,75,75,75,75,75,75,75,75,75,75,75,75,75,75,75,75,75,75,75,75,75,75,75,75,75,75,75,75,75,75,75,75,75,75,75,75,75],"card_choices":[{"not_picked":["Gash","Conserve Battery"],"picked":"Sweeping Beam","floor":1.0},{"not_picked":["Hologram","Redo"],"picked":"Cold Snap","floor":2.0},{"not_picked":["Gash","Blizzard"],"picked":"Ball Lightning","floor":3.0},{"not_picked":["Hello World","Fusion"],"picked":"Seek","floor":6.0},{"not_picked":["Glacier","Hologram"],"picked":"Defragment","floor":7.0},{"not_picked":["Darkness","Fusion"],"picked":"Conserve Battery","floor":10.0},{"not_picked":["Sunder","Blizzard","Beam Cell"],"picked":"SKIP","floor":11.0},{"not_picked":["Turbo","Double Energy","Reprogram"],"picked":"SKIP","floor":13.0},{"not_picked":["Force Field","Leap"],"picked":"Compile Driver","floor":14.0},{"not_picked":["Buffer","Reboot"],"picked":"Echo Form","floor":16.0},{"not_picked":["Storm+1","Streamline","Leap"],"picked":"SKIP","floor":18.0},{"not_picked":["Tempest","Steam","Compile Driver"],"picked":"SKIP","floor":19.0},{"not_picked":["Streamline","Cold Snap"],"picked":"Hologram+1","floor":22.0},{"not_picked":["Turbo+1","Barrage+1"],"picked":"Self Repair","floor":24.0},{"not_picked":["Reboot","Static Discharge+1"],"picked":"Loop+1","floor":25.0},{"not_picked":["Beam Cell","Redo+1"],"picked":"Auto Shields+1","floor":28.0},{"not_picked":["Cold Snap","Consume+1"],"picked":"Gash","floor":29.0},{"not_picked":["Rebound","FTL+1"],"picked":"Electrodynamics","floor":30.0},{"not_picked":["Consume+1","Cold Snap"],"picked":"Fusion+1","floor":31.0},{"not_picked":["Echo Form","Biased Cognition"],"picked":"Core Surge","floor":33.0},{"not_picked":["Conserve Battery+1","Consume+1"],"picked":"Reinforced Body+1","floor":35.0},{"not_picked":["Gash+1","Stack+1"],"picked":"Tempest+1","floor":40.0},{"not_picked":["Hello World+1","Conserve Battery+1","Steam Power+1"],"picked":"SKIP","floor":41.0},{"not_picked":["Static Discharge+1","Hologram+1"],"picked":"White Noise+1","floor":44.0},{"not_picked":["Barrage+1","Beam Cell"],"picked":"Storm+1","floor":45.0},{"not_picked":["Sweeping Beam","Static Discharge+1"],"picked":"White Noise+1","floor":47.0},{"not_picked":["Turbo+1","Fusion+1"],"picked":"Defragment+1","floor":48.0}],"player_experience":692309,"relics_obtained":[{"floor":6.0,"key":"Ginger"},{"floor":9.0,"key":"Symbiotic Virus"},{"floor":10.0,"key":"DataDisk"},{"floor":13.0,"key":"PreservedInsect"},{"floor":25.0,"key":"Toxic Egg 2"},{"floor":26.0,"key":"Pen Nib"},{"floor":29.0,"key":"Kunai"},{"floor":31.0,"key":"Dodecahedron"},{"floor":39.0,"key":"Boot"},{"floor":40.0,"key":"Frozen Egg 2"},{"floor":40.0,"key":"Turnip"},{"floor":43.0,"key":"Bag of Marbles"},{"floor":45.0,"key":"Blue Candle"},{"floor":45.0,"key":"Blood Vial"},{"floor":47.0,"key":"Molten Egg 2"},{"floor":47.0,"key":"Lantern"}],"event_choices":[{"damage_healed":0.0,"max_hp_gain":0.0,"max_hp_loss":0.0,"gold_gain":0.0,"event_name":"Shining Light","player_choice":"Entered Light","floor":4.0,"gold_loss":0.0,"damage_taken":15.0,"cards_upgraded":["Ball Lightning","Sweeping Beam"]},{"damage_healed":0.0,"max_hp_gain":0.0,"max_hp_loss":0.0,"gold_gain":180.0,"event_name":"Knowing Skull","player_choice":"GOLD GOLD ","floor":21.0,"potions_obtained":[],"gold_loss":0.0,"damage_taken":21.0,"cards_obtained":[]},{"damage_healed":0.0,"max_hp_gain":0.0,"max_hp_loss":0.0,"gold_gain":0.0,"event_name":"Accursed Blacksmith","player_choice":"Forge","floor":37.0,"gold_loss":0.0,"damage_taken":0.0,"cards_upgraded":["Core Surge"]}],"is_beta":true,"boss_relics":[{"not_picked":["Velvet Choker","Empty Cage"],"picked":"Cursed Key"},{"not_picked":["White Beast Statue","Tiny House"],"picked":"Black Star"}],"items_purged_floors":[5,36,38],"is_endless":false,"potions_floor_spawned":[6,7,10,14,22,24,30,31,40,44,47],"killed_by":"Awakened One","ascension_level":1}