{"path_per_floor":["M","?","M","?","M","E","M","M","T","?","M","R","M","M","R","B",null,"M","$","M","?","M","E","R","E","T","M","R","M","M","M","R","B",null,"M","$","M","M","?","E","M","R","T","M","E","?","R","M","R","B"],"character_chosen":"IRONCLAD","items_purchased":["Armaments","Vajra","Purity","Corruption","Self Forming Clay"],"gold_per_floor":[116,116,129,129,148,180,193,211,211,211,227,227,241,252,252,354,384,399,15,29,29,39,72,72,99,172,184,184,203,219,239,239,340,340,353,24,44,55,0,27,47,47,74,92,123,178,178,191,191,191],"floor_reached":51,"campfire_rested":2,"playtime":5551,"current_hp_per_floor":[40,15,21,21,27,11,11,19,19,19,17,41,31,36,60,35,85,71,71,67,67,69,78,78,78,78,63,63,57,66,75,75,89,89,89,89,89,91,91,91,91,91,91,91,93,93,93,95,95,60],"items_purged":["Strike_R"],"gold":191,"score":808,"play_id":"947c8547-e649-4f40-a348-c55940c31a04","local_time":"20180304215328","is_prod":false,"is_daily":false,"is_ascension_mode":true,"campfire_upgraded":6,"timestamp":1520193208,"path_taken":["M","?","M","?","M","E","?","M","T","?","M","R","M","?","R","BOSS","M","$","M","?","M","E","R","E","T","M","R","M","M","?","R","BOSS","M","$","M","?","?","E","M","R","T","M","E","?","R","M","R","BOSS"],"build_version":"2018-03-01-PROD1","purchased_purges":1,"victory":true,"master_deck":["Strike_R","Strike_R","Strike_R","Strike_R","Defend_R","Defend_R","Defend_R","Defend_R","Bash","Bludgeon","Headbutt","Twin Strike","Blind","Immolate","Clothesline","Corruption+1","Inflame","Dark Embrace+1","Feel No Pain+1","Thunderclap","Exhume","True Grit","Infernal Blade","Armaments+1","Purity","Warcry","Armaments+1","Disarm","Seeing Red","Warcry","Disarm","Limit Break","Havoc+1","Corruption+1","Infernal Blade","Armaments+1","Pummel","Sentinel+1","True Grit"],"max_hp_per_floor":[80,80,80,80,80,80,80,80,80,80,80,80,80,80,80,80,85,85,85,85,85,85,85,85,87,87,89,89,89,89,89,89,89,89,89,89,89,91,91,91,91,91,91,91,93,93,93,95,95,95],"relics":["Burning Blood","Pen Nib","Bird Faced Urn","Dead Branch","Tiny House","Vajra","Singing Bowl","Kunai","Darkstone Periapt","White Beast Statue","Self Forming Clay","Red Mask","Bottled Flame","Bag of Marbles","Bottled Lightning","Champion Belt"],"card_choices":[{"not_picked":["Berserk","Juggernaut"],"picked":"Bludgeon"},{"not_picked":["Armaments","Rupture"],"picked":"Headbutt"},{"not_picked":["Sword Boomerang","Impervious"],"picked":"Twin Strike"},{"not_picked":["Carnage","Cleave"],"picked":"Clothesline"},{"not_picked":["Twin Strike","Havoc"],"picked":"Corruption"},{"not_picked":["Iron Wave","Body Slam"],"picked":"Inflame"},{"not_picked":["Perfected Strike","True Grit"],"picked":"Dark Embrace"},{"not_picked":["Cleave","Hemokinesis"],"picked":"Feel No Pain"},{"not_picked":["Wild Strike","Anger"],"picked":"Thunderclap"},{"not_picked":["Impervious","Demon Form"],"picked":"Exhume"},{"not_picked":["Clothesline","Cleave"],"picked":"True Grit"},{"not_picked":["Headbutt","Warcry"],"picked":"Infernal Blade"},{"not_picked":["Dual Wield","Searing Blow"],"picked":"Warcry"},{"not_picked":["Perfected Strike","Fire Breathing"],"picked":"Armaments"},{"not_picked":["Whirlwind","Dark Embrace"],"picked":"Disarm"},{"not_picked":["Thunderclap","Searing Blow"],"picked":"Seeing Red"},{"not_picked":["True Grit","Carnage"],"picked":"Warcry"},{"not_picked":["Thunderclap","Wild Strike"],"picked":"Disarm"},{"not_picked":["Demon Form","Berserk"],"picked":"Limit Break"},{"not_picked":["Combust","Clothesline"],"picked":"Havoc"},{"not_picked":["Clash","Cleave"],"picked":"Infernal Blade"},{"not_picked":["Ghostly Armor","True Grit"],"picked":"Armaments"},{"not_picked":["Power Through","Flex"],"picked":"Pummel"},{"not_picked":["Twin Strike","Perfected Strike"],"picked":"Sentinel"},{"not_picked":["Thunderclap","Double Tap"],"picked":"True Grit"}],"player_experience":234791,"potions_floor_usage":[7,8,11,16,20,27,27,29,31,40,45,46,50,50,50],"damage_taken":[{"damage":6,"enemies":"2 Louse","floor":1,"turns":3},{"damage":0,"enemies":"Small Slimes","floor":3,"turns":3},{"damage":0,"enemies":"Cultist","floor":5,"turns":2},{"damage":22,"enemies":"3 Sentries","floor":6,"turns":6},{"damage":6,"enemies":"2 Fungi Beasts","floor":7,"turns":3},{"damage":0,"enemies":"Red Slaver","floor":8,"turns":3},{"damage":10,"enemies":"Large Slime","floor":11,"turns":4},{"damage":16,"enemies":"Blue Slaver","floor":13,"turns":3},{"damage":1,"enemies":"2 Fungi Beasts","floor":14,"turns":3},{"damage":58,"enemies":"Hexaghost","floor":16,"turns":9},{"damage":28,"enemies":"Shell Parasite","floor":18,"turns":8},{"damage":18,"enemies":"3 Byrds","floor":20,"turns":4},{"damage":12,"enemies":"3 Cultists","floor":22,"turns":3},{"damage":7,"enemies":"Gremlin Leader","floor":23,"turns":4},{"damage":16,"enemies":"Book of Stabbing","floor":25,"turns":5},{"damage":27,"enemies":"Snake Plant","floor":27,"turns":2},{"damage":18,"enemies":"Sentry and Sphere","floor":29,"turns":5},{"damage":11,"enemies":"Centurion and Healer","floor":30,"turns":5},{"damage":9,"enemies":"Cultist and Chosen","floor":31,"turns":3},{"damage":11,"enemies":"Champ","floor":33,"turns":8},{"damage":5,"enemies":"3 Shapes","floor":35,"turns":4},{"damage":10,"enemies":"3 Darklings","floor":37,"turns":3},{"damage":0,"enemies":"4 Shapes","floor":38,"turns":2},{"damage":3,"enemies":"Nemesis","floor":40,"turns":5},{"damage":8,"enemies":"Sphere and 2 Shapes","floor":41,"turns":3},{"damage":14,"enemies":"Maw","floor":44,"turns":3},{"damage":0,"enemies":"Giant Head","floor":45,"turns":3},{"damage":2,"enemies":"Mysterious Sphere","floor":46,"turns":3},{"damage":6,"enemies":"4 Shapes","floor":48,"turns":2},{"damage":51,"enemies":"Donu and Deca","floor":50,"turns":6}],"event_choices":[{"event_name":"Scrap Ooze","player_choice":"success","floor":2,"damage_taken":25},{"event_name":"Match and Keep!","player_choice":"2 cards matched","floor":4,"damage_taken":0},{"event_name":"Shining Light","player_choice":"Ignored","floor":10,"damage_taken":0},{"event_name":"Addict","player_choice":"Ignored","floor":21,"damage_taken":0},{"event_name":"Tomb of Lord Red Mask","player_choice":"Paid","floor":39,"damage_taken":0},{"event_name":"Mysterious Sphere","player_choice":"Fight","floor":46,"damage_taken":0}],"boss_relics":[{"not_picked":["Velvet Choker","Question Card"],"picked":"Tiny House"},{"not_picked":["Runic Dome","Cursed Key"],"picked":"White Beast Statue"}],"potions_floor_spawned":[6,7,8,14,22,23,25,30,35,37,38,40,41,44,45,46,48],"seed_played":"4749008004727234129","ascension_level":4,"is_trial":false}