{"gold_per_floor":[117,192,192,42,55,86,86,86,161,191,191,223,239,250,250,349,349,368,384,403,403,134,134,148,180,230,230,265,278,312,325,325,426,426,445,291,306,325,343,376,376,376,423,452,462,473,489,22,22,22],"floor_reached":51,"playtime":5051,"items_purged":["Phantasmal Killer","Slice","Masterful Stab"],"score":1253,"play_id":"c96338f4-d6af-4918-a205-f4e01e610b19","local_time":"20190424200305","is_ascension_mode":true,"campfire_choices":[{"data":"Neutralize","floor":7,"key":"SMITH"},{"data":"Noxious Fumes","floor":11,"key":"SMITH"},{"data":"Burst","floor":15,"key":"SMITH"},{"data":"After Image","floor":23,"key":"SMITH"},{"data":"After Image","floor":27,"key":"SMITH"},{"data":"Flechettes","floor":32,"key":"SMITH"},{"data":"Accuracy","floor":42,"key":"SMITH"},{"data":"Footwork","floor":49,"key":"SMITH"}],"neow_cost":"TEN_PERCENT_HP_LOSS","seed_source_timestamp":1158977242456160,"circlet_count":0,"master_deck":["Survivor","Neutralize+1","Deadly Poison+1","Backflip+1","Noxious Fumes+1","Burst+1","After Image+1","Cloak And Dagger+1","Adrenaline+1","Tools of the Trade","Doppelganger","Flechettes+1","Doppelganger","Reflex","PiercingWail","After Image+1","PiercingWail+1","Adrenaline+1","Blade Dance+1","Deadly Poison+1","Accuracy+1","Cloak And Dagger+1","Blur+1","Impatience+1","Footwork+1"],"relics":["Ring of the Snake","Torii","Blood Vial","Meat on the Bone","Ninja Scroll","Bag of Marbles","Matryoshka","Pandora\u0027s Box","Paper Crane","Chemical X","Oddly Smooth Stone","Toxic Egg 2","Lantern","War Paint","Juzu Bracelet","Sozu","Dream Catcher","Bag of Preparation","Smiling Mask","Bottled Tornado","Shuriken"],"potions_floor_usage":[12,16,16,25,50],"damage_taken":[{"damage":0,"enemies":"Jaw Worm","floor":1,"turns":6},{"damage":1,"enemies":"2 Louse","floor":5,"turns":4},{"damage":9,"enemies":"Lagavulin","floor":6,"turns":7},{"damage":15,"enemies":"Gremlin Nob","floor":10,"turns":5},{"damage":12,"enemies":"Lagavulin","floor":12,"turns":6},{"damage":0,"enemies":"Cultist","floor":13,"turns":2},{"damage":1,"enemies":"Large Slime","floor":14,"turns":5},{"damage":34,"enemies":"Slime Boss","floor":16,"turns":11},{"damage":0,"enemies":"Spheric Guardian","floor":18,"turns":3},{"damage":1,"enemies":"3 Byrds","floor":19,"turns":3},{"damage":0,"enemies":"Centurion and Healer","floor":20,"turns":4},{"damage":0,"enemies":"Snecko","floor":24,"turns":4},{"damage":1,"enemies":"Slavers","floor":25,"turns":4},{"damage":1,"enemies":"Book of Stabbing","floor":28,"turns":4},{"damage":0,"enemies":"Shelled Parasite and Fungi","floor":29,"turns":3},{"damage":1,"enemies":"Slavers","floor":30,"turns":5},{"damage":0,"enemies":"Snake Plant","floor":31,"turns":3},{"damage":9,"enemies":"Collector","floor":33,"turns":7},{"damage":0,"enemies":"Orb Walker","floor":35,"turns":2},{"damage":0,"enemies":"3 Shapes","floor":37,"turns":3},{"damage":0,"enemies":"Jaw Worm Horde","floor":38,"turns":3},{"damage":0,"enemies":"Sphere and 2 Shapes","floor":39,"turns":4},{"damage":0,"enemies":"Giant Head","floor":40,"turns":5},{"damage":0,"enemies":"Reptomancer","floor":44,"turns":4},{"damage":0,"enemies":"Transient","floor":45,"turns":5},{"damage":0,"enemies":"Maw","floor":46,"turns":5},{"damage":0,"enemies":"Writhing Mass","floor":47,"turns":4},{"damage":0,"enemies":"Awakened One","floor":50,"turns":7}],"seed_played":"8541714464138990709","potions_obtained":[{"floor":10,"key":"SkillPotion"},{"floor":12,"key":"Poison Potion"},{"floor":13,"key":"Weak Potion"},{"floor":19,"key":"Energy Potion"},{"floor":20,"key":"AttackPotion"},{"floor":25,"key":"SpeedPotion"},{"floor":33,"key":"GamblersBrew"}],"is_trial":false,"path_per_floor":["?","?","M","?","M","?","M","?"],"character_chosen":"THE_SILENT","items_purchased":["Blood Vial","Chemical X","Deadly Poison+1","Shuriken","Impatience+1","Footwork"],"campfire_rested":0,"item_purchase_floors":[4,22,36,48,48,48],"current_hp_per_floor":[63,52,52,52,53,46,46,46,46,33,33,35,37,38,38,18,52,54,55,57,57,57,57,59,60,60,60,61,63,62,63,63,54,61,63,63,63,63,63,63,63,63,63,63,63,63,63,63,63,63],"gold":22,"neow_bonus":"ONE_RARE_RELIC","is_prod":false,"is_daily":false,"chose_seed":false,"campfire_upgraded":8,"win_rate":0,"timestamp":1556154185,"path_taken":["M","?","?","$","?","E","R","?","T","E","R","E","?","M","R","BOSS","M","M","M","?","$","R","?","E","T","R","E","M","E","M","R","BOSS","M","$","M","M","M","E","?","R","T","E","M","M","M","$","R","BOSS"],"build_version":"2019-01-23","purchased_purges":3,"victory":true,"max_hp_per_floor":[63,63,63,63,63,63,63,63,63,63,63,63,63,63,63,63,63,63,63,63,63,63,63,63,63,63,63,63,63,63,63,63,63,63,63,63,63,63,63,63,63,63,63,63,63,63,63,63,63,63],"card_choices":[{"not_picked":["Deflect","Catalyst"],"picked":"Deadly Poison","floor":1},{"not_picked":["Outmaneuver","Reflex"],"picked":"Backflip","floor":5},{"not_picked":["Bane","Accuracy","Setup"],"picked":"SKIP","floor":6},{"not_picked":["Riddle With Holes","Bane"],"picked":"Noxious Fumes","floor":10},{"not_picked":["Flying Knee","Expertise","Choke"],"picked":"SKIP","floor":12},{"not_picked":["Underhanded Strike","Prepared","Well Laid Plans"],"picked":"SKIP","floor":13},{"not_picked":["Poisoned Stab","Tactician"],"picked":"Burst","floor":14},{"not_picked":["Phantasmal Killer","Burst"],"picked":"After Image","floor":16},{"not_picked":["Prepared","Underhanded Strike","Dodge and Roll"],"picked":"SKIP","floor":18},{"not_picked":["Slice","Infinite Blades","Dagger Spray"],"picked":"SKIP","floor":19},{"not_picked":["Backstab+1","Dagger Throw+1"],"picked":"PiercingWail","floor":20},{"not_picked":["Outmaneuver","PiercingWail"],"picked":"After Image","floor":24},{"not_picked":["Dagger Spray+1","Accuracy","Tactician"],"picked":"SKIP","floor":25},{"not_picked":["Dagger Spray+1","Accuracy","Tactician"],"picked":"SKIP","floor":25},{"not_picked":["Dagger Throw","Well Laid Plans+1"],"picked":"PiercingWail+1","floor":28},{"not_picked":["Predator","Acrobatics+1","Bane"],"picked":"SKIP","floor":29},{"not_picked":["Riddle With Holes","Bane","Flechettes"],"picked":"SKIP","floor":30},{"not_picked":["Flechettes+1","Prepared+1","Slice"],"picked":"SKIP","floor":31},{"not_picked":["After Image","Burst+1"],"picked":"Adrenaline+1","floor":33},{"not_picked":["Concentrate+1","Dagger Throw"],"picked":"Blade Dance+1","floor":35},{"not_picked":["Distraction+1","Setup+1","Blade Dance+1"],"picked":"SKIP","floor":37},{"not_picked":["All Out Attack+1","PiercingWail+1","Flying Knee+1"],"picked":"SKIP","floor":38},{"not_picked":["All Out Attack","Dagger Throw","Slice+1"],"picked":"SKIP","floor":39},{"not_picked":["Eviscerate","Dodge and Roll+1"],"picked":"Accuracy","floor":40},{"not_picked":["Riddle With Holes","Phantasmal Killer+1"],"picked":"Cloak And Dagger+1","floor":44},{"not_picked":["Prepared+1","Finisher"],"picked":"Blur+1","floor":45},{"not_picked":["Prepared+1","Concentrate+1","Dagger Throw"],"picked":"SKIP","floor":46},{"not_picked":["Sucker Punch","Dodge and Roll+1","Dagger Spray+1"],"picked":"SKIP","floor":47}],"player_experience":532261,"relics_obtained":[{"floor":6,"key":"Meat on the Bone"},{"floor":9,"key":"Ninja Scroll"},{"floor":10,"key":"Bag of Marbles"},{"floor":12,"key":"Matryoshka"},{"floor":25,"key":"Oddly Smooth Stone"},{"floor":26,"key":"Toxic Egg 2"},{"floor":26,"key":"Lantern"},{"floor":28,"key":"War Paint"},{"floor":30,"key":"Juzu Bracelet"},{"floor":40,"key":"Dream Catcher"},{"floor":43,"key":"Bag of Preparation"},{"floor":43,"key":"Smiling Mask"},{"floor":44,"key":"Bottled Tornado"}],"event_choices":[{"damage_healed":0,"gold_gain":75,"player_choice":"Gather Gold","damage_taken":11,"max_hp_gain":0,"max_hp_loss":0,"event_name":"World of Goop","floor":2,"gold_loss":0},{"damage_healed":0,"gold_gain":0,"player_choice":"Upgraded","damage_taken":0,"max_hp_gain":0,"max_hp_loss":0,"event_name":"Upgrade Shrine","floor":3,"gold_loss":0,"cards_upgraded":["Deadly Poison"]},{"damage_healed":0,"gold_gain":0,"player_choice":"Forge","damage_taken":0,"max_hp_gain":0,"max_hp_loss":0,"event_name":"Accursed Blacksmith","floor":8,"gold_loss":0,"cards_upgraded":["Backflip"]},{"damage_healed":0,"gold_gain":0,"player_choice":"Gave Potion","damage_taken":0,"relics_obtained":["Paper Crane"],"max_hp_gain":0,"max_hp_loss":0,"event_name":"WeMeetAgain","floor":21,"gold_loss":0},{"damage_healed":0,"gold_gain":0,"player_choice":"0 cards matched","damage_taken":0,"max_hp_gain":0,"max_hp_loss":0,"event_name":"Match and Keep!","floor":41,"gold_loss":0,"cards_obtained":[]}],"is_beta":false,"boss_relics":[{"not_picked":["Busted Crown","Eternal Feather"],"picked":"Pandora\u0027s Box"},{"not_picked":["Empty Cage","Snecko Eye"],"picked":"Sozu"}],"items_purged_floors":[22,36,48],"is_endless":false,"potions_floor_spawned":[10,12,13,19,20,25,33,35,37,40,46],"ascension_level":9}