{"gold_per_floor":[110,123,142,154,165,165,191,203,275,72,72,88,103,123,123,219,219,231,25,37,51,68,68,83,83],"floor_reached":25,"playtime":1317,"items_purged":["Strike_R","Strike_R"],"score":238,"play_id":"a435145c-0a1b-41cf-a0f3-876e4c01b59b","local_time":"20190418233606","is_ascension_mode":false,"campfire_choices":[{"data":"Combust","floor":6.0,"key":"SMITH"},{"floor":15.0,"key":"REST"},{"floor":23,"key":"REST"}],"neow_cost":"NONE","seed_source_timestamp":13203410668600,"circlet_count":0,"master_deck":["Defend_R","Defend_R","Defend_R","Defend_R","Bash","Combust+1","Body Slam","Shrug It Off","Dual Wield","Rupture+1","Armaments","Combust","Shrug It Off","Feed","Sword Boomerang","Sword Boomerang","Barricade","Wild Strike+1","Sentinel+1","Clothesline+1","Thunderclap","Metallicize","Shrug It Off","Armaments+1","Whirlwind","Carnage"],"special_seed":0,"relics":["Burning Blood","NeowsBlessing","Boot","Sundial","Astrolabe"],"potions_floor_usage":[21,22],"damage_taken":[{"damage":0.0,"enemies":"Cultist","floor":1.0,"turns":1.0},{"damage":0.0,"enemies":"Jaw Worm","floor":2.0,"turns":1.0},{"damage":0.0,"enemies":"Small Slimes","floor":3.0,"turns":1.0},{"damage":6.0,"enemies":"3 Louse","floor":4.0,"turns":4.0},{"damage":9.0,"enemies":"Red Slaver","floor":5.0,"turns":5.0},{"damage":37.0,"enemies":"Lagavulin","floor":7.0,"turns":7.0},{"damage":10.0,"enemies":"2 Fungi Beasts","floor":8.0,"turns":4.0},{"damage":14.0,"enemies":"Looter","floor":12.0,"turns":4.0},{"damage":17.0,"enemies":"Exordium Wildlife","floor":13.0,"turns":3.0},{"damage":8.0,"enemies":"Blue Slaver","floor":14.0,"turns":3.0},{"damage":66.0,"enemies":"The Guardian","floor":16.0,"turns":10.0},{"damage":41.0,"enemies":"2 Thieves","floor":18.0,"turns":4.0},{"damage":14.0,"enemies":"Spheric Guardian","floor":20.0,"turns":7.0},{"damage":43,"enemies":"Snake Plant","floor":21,"turns":5},{"damage":16,"enemies":"Shelled Parasite and Fungi","floor":22,"turns":7},{"damage":21,"enemies":"Chosen and Byrds","floor":24,"turns":6},{"damage":29,"enemies":"Snake Plant","floor":25,"turns":3}],"seed_played":"4533433095494281081","potions_obtained":[{"floor":1.0,"key":"FearPotion"},{"floor":3.0,"key":"Fruit Juice"},{"floor":4.0,"key":"Strength Potion"},{"floor":8.0,"key":"BloodPotion"},{"floor":12.0,"key":"GamblersBrew"},{"floor":14.0,"key":"EssenceOfSteel"},{"floor":18.0,"key":"BloodPotion"},{"floor":20.0,"key":"LiquidBronze"}],"is_trial":false,"path_per_floor":["M","M","M","M","M","R","E","M","T","$","?","M","M","M","R","B",null,"M","$","M","M","M","R","M","M"],"character_chosen":"IRONCLAD","items_purchased":["Combust","Shrug It Off","Metallicize","Shrug It Off"],"campfire_rested":2,"item_purchase_floors":[10,10,19,19],"current_hp_per_floor":[80,80,85,85,82,82,51,47,47,47,47,39,31,32,59,8,91,59,59,51,14,13,41,29,0],"gold":83,"neow_bonus":"THREE_ENEMY_KILL","is_prod":false,"is_daily":false,"chose_seed":false,"campfire_upgraded":1,"win_rate":0,"timestamp":1555598166,"path_taken":["M","M","M","M","M","R","E","M","T","$","?","M","M","?","R","BOSS","M","$","M","M","M","R","?","M"],"build_version":"2019-01-23","purchased_purges":2,"victory":false,"max_hp_per_floor":[80,80,85,85,85,85,85,85,85,85,85,85,88,91,91,91,91,94,94,94,94,94,94,97,97],"card_choices":[{"not_picked":["True Grit","Evolve"],"picked":"Combust","floor":1.0},{"not_picked":["Warcry","Twin Strike"],"picked":"Body Slam","floor":2.0},{"not_picked":["Clash","Warcry"],"picked":"Shrug It Off","floor":3.0},{"not_picked":["Wild Strike","Anger","Bludgeon"],"picked":"SKIP","floor":4.0},{"not_picked":["Uppercut","Sword Boomerang"],"picked":"Dual Wield","floor":5.0},{"not_picked":["Clash","Armaments"],"picked":"Rupture","floor":7.0},{"not_picked":["Wild Strike","Twin Strike"],"picked":"Armaments","floor":8.0},{"not_picked":["True Grit","Entrench"],"picked":"Feed","floor":12.0},{"not_picked":["Cleave","True Grit"],"picked":"Sword Boomerang","floor":13.0},{"not_picked":["Havoc","Perfected Strike"],"picked":"Sword Boomerang","floor":14.0},{"not_picked":["Impervious","Berserk"],"picked":"Barricade","floor":16.0},{"not_picked":["Clash","Dual Wield"],"picked":"Thunderclap","floor":18.0},{"not_picked":["Clothesline+1","Dropkick"],"picked":"Armaments+1","floor":20.0},{"not_picked":["True Grit","Havoc"],"picked":"Whirlwind","floor":21},{"not_picked":["Clash","Sword Boomerang"],"picked":"Carnage","floor":22},{"not_picked":["Sever Soul","Clash","Hemokinesis"],"picked":"SKIP","floor":24}],"player_experience":300688,"relics_obtained":[{"floor":7.0,"key":"Boot"},{"floor":9.0,"key":"Sundial"}],"event_choices":[{"damage_healed":0.0,"max_hp_gain":0.0,"max_hp_loss":0.0,"gold_gain":0.0,"event_name":"Upgrade Shrine","player_choice":"Upgraded","floor":11.0,"gold_loss":0.0,"damage_taken":0.0,"cards_upgraded":["Rupture"]}],"is_beta":false,"boss_relics":[{"not_picked":["White Beast Statue","Cursed Key"],"picked":"Astrolabe"}],"items_purged_floors":[10,19],"is_endless":false,"potions_floor_spawned":[1,3,4,8,12,14,18,20],"killed_by":"Snake Plant","ascension_level":0}