{"gold_per_floor":[114,67,67,31,31,66,66,66,66,109,129,154,168,188,188,316,316,334,334,17,35,35],"floor_reached":22,"playtime":441,"items_purged":["Strike_B"],"score":353,"play_id":"d047914c-f457-4c36-963f-e6e87b661900","local_time":"20190426175233","is_ascension_mode":true,"campfire_choices":[{"floor":8,"key":"REST"},{"floor":15,"key":"REST"}],"neow_cost":"NONE","seed_source_timestamp":741226469814414,"circlet_count":0,"master_deck":["Strike_B","Strike_B","Defend_B","Defend_B+1","Defend_B+1","Defend_B","Zap","Dualcast","Ball Lightning","Ball Lightning+1","Lockon+1","Hologram","Streamline","Cold Snap","Gash","Redo","Conserve Battery","Electrodynamics","Defragment","Capacitor","Gash","Gash","Go for the Eyes","Cold Snap","Steam+1"],"relics":["Cracked Core","NeowsBlessing","War Paint","Golden Idol","Unceasing Top","Potion Belt","Strawberry","Orrery","Toxic Egg 2"],"potions_floor_usage":[],"damage_taken":[{"damage":0,"enemies":"2 Louse","floor":1,"turns":1},{"damage":0,"enemies":"3 Sentries","floor":6,"turns":1},{"damage":0,"enemies":"Lagavulin","floor":10,"turns":1},{"damage":0,"enemies":"Jaw Worm","floor":11,"turns":2},{"damage":2,"enemies":"Small Slimes","floor":12,"turns":2},{"damage":12,"enemies":"Exordium Wildlife","floor":13,"turns":3},{"damage":20,"enemies":"Lots of Slimes","floor":14,"turns":3},{"damage":0,"enemies":"Slime Boss","floor":16,"turns":7},{"damage":25,"enemies":"3 Byrds","floor":18,"turns":4},{"damage":9,"enemies":"Chosen","floor":21,"turns":4},{"damage":51,"enemies":"Shelled Parasite and Fungi","floor":22,"turns":4}],"seed_played":"5906935850383659402","potions_obtained":[{"floor":6,"key":"FearPotion"},{"floor":13,"key":"AttackPotion"},{"floor":16,"key":"SneckoOil"}],"is_trial":false,"path_per_floor":["M","$","?","$","?","E","?","R","T","E","M","M","M","M","R","B",null,"M","?","$","M","M"],"character_chosen":"DEFECT","items_purchased":["Ball Lightning","Lockon","Toxic Egg 2"],"campfire_rested":2,"item_purchase_floors":[2,4,20],"current_hp_per_floor":[75,75,57,57,39,39,24,46,46,53,53,51,39,19,43,43,82,57,57,57,48,0],"gold":35,"neow_bonus":"THREE_ENEMY_KILL","is_prod":false,"is_daily":false,"chose_seed":false,"campfire_upgraded":0,"win_rate":0,"timestamp":1556319153,"path_taken":["M","$","?","$","?","E","?","R","T","E","M","M","?","?","R","BOSS","M","?","$","M","M"],"build_version":"2019-01-23","purchased_purges":1,"victory":false,"max_hp_per_floor":[75,75,75,75,75,75,75,75,75,82,82,82,82,82,82,82,82,82,82,82,82,82],"card_choices":[{"not_picked":["Tempest","Blizzard"],"picked":"Ball Lightning","floor":1},{"not_picked":["Multi-Cast","Force Field"],"picked":"Hologram","floor":6},{"not_picked":["Amplify","Stack"],"picked":"Streamline","floor":10},{"not_picked":["Barrage","Steam"],"picked":"Cold Snap","floor":11},{"not_picked":["Heatsinks","Static Discharge"],"picked":"Gash","floor":12},{"not_picked":["Storm","Leap"],"picked":"Redo","floor":13},{"not_picked":["White Noise","Streamline"],"picked":"Conserve Battery","floor":14},{"not_picked":["All For One","Fission"],"picked":"Electrodynamics","floor":16},{"not_picked":["Tempest","Doom and Gloom"],"picked":"Defragment","floor":17},{"not_picked":["Creative AI","Turbo"],"picked":"Capacitor","floor":17},{"not_picked":["Reprogram","Leap"],"picked":"Gash","floor":17},{"not_picked":["Go for the Eyes","Coolheaded"],"picked":"Gash","floor":17},{"not_picked":["Scrape","Stack"],"picked":"Go for the Eyes","floor":17},{"not_picked":["Reinforced Body+1","Undo"],"picked":"Cold Snap","floor":18},{"not_picked":["Cold Snap","Tempest+1"],"picked":"Steam+1","floor":21}],"player_experience":247292,"relics_obtained":[{"floor":6,"key":"Unceasing Top"},{"floor":9,"key":"Potion Belt"},{"floor":10,"key":"Strawberry"}],"event_choices":[{"damage_healed":0,"gold_gain":0,"player_choice":"Success","damage_taken":18,"relics_obtained":["War Paint"],"max_hp_gain":0,"max_hp_loss":0,"event_name":"Scrap Ooze","floor":3,"gold_loss":0},{"damage_healed":0,"gold_gain":0,"player_choice":"Take Damage","damage_taken":18,"relics_obtained":["Golden Idol"],"max_hp_gain":0,"max_hp_loss":0,"event_name":"Golden Idol","floor":5,"gold_loss":0},{"damage_healed":0,"gold_gain":0,"player_choice":"Entered Light","damage_taken":15,"max_hp_gain":0,"max_hp_loss":0,"event_name":"Shining Light","floor":7,"gold_loss":0,"cards_upgraded":["Ball Lightning","Lockon"]},{"cards_removed":["Strike_B"],"damage_healed":0,"gold_gain":0,"player_choice":"Offered Basic","damage_taken":0,"max_hp_gain":0,"max_hp_loss":0,"event_name":"Bonfire Elementals","floor":19,"gold_loss":0}],"is_beta":false,"boss_relics":[{"not_picked":["FrozenCore","Nuclear Battery"],"picked":"Orrery"}],"items_purged_floors":[20],"is_endless":false,"potions_floor_spawned":[6,13,16],"killed_by":"Shelled Parasite and Fungi","ascension_level":4}