{"gold_per_floor":[115,145,160,179,13,13,88,106,132,132,147,147,147],"floor_reached":13,"playtime":288,"items_purged":[],"score":150,"play_id":"5a44b359-d931-4289-a239-623c68e0cc9d","local_time":"20190411200957","is_ascension_mode":true,"campfire_choices":[{"data":"Armaments","floor":6,"key":"SMITH"},{"data":"Bash","floor":10,"key":"SMITH"}],"neow_cost":"NONE","seed_source_timestamp":411242445219500,"circlet_count":0,"master_deck":["AscendersBane","Strike_R","Strike_R","Strike_R","Strike_R","Defend_R","Defend_R","Defend_R","Defend_R","Bash+1","Limit Break","Armaments+1","True Grit","Corruption","Flame Barrier","Sword Boomerang"],"relics":["Burning Blood","Tiny Chest","Regal Pillow","Bag of Marbles"],"potions_floor_usage":[13],"damage_taken":[{"damage":9,"enemies":"Jaw Worm","floor":1,"turns":4},{"damage":6,"enemies":"Cultist","floor":3,"turns":3},{"damage":5,"enemies":"Small Slimes","floor":4,"turns":3},{"damage":8,"enemies":"Gremlin Gang","floor":8,"turns":8},{"damage":19,"enemies":"Blue Slaver","floor":11,"turns":5},{"damage":31,"enemies":"Gremlin Nob","floor":13,"turns":4}],"seed_played":"-4982322992139042500","potions_obtained":[{"floor":4,"key":"LiquidBronze"},{"floor":8,"key":"FearPotion"}],"is_trial":false,"path_per_floor":["M","?","M","M","$","R","?","M","T","R","M","?","E"],"character_chosen":"IRONCLAD","items_purchased":["Regal Pillow"],"campfire_rested":0,"item_purchase_floors":[5],"current_hp_per_floor":[65,65,65,66,66,66,55,53,53,53,40,40,9],"gold":147,"neow_bonus":"ONE_RANDOM_RARE_CARD","is_prod":false,"is_daily":false,"chose_seed":false,"campfire_upgraded":2,"win_rate":0,"timestamp":1554980997,"path_taken":["M","?","?","M","$","R","?","M","T","R","M","?","E"],"build_version":"2019-01-23","purchased_purges":0,"victory":false,"max_hp_per_floor":[75,75,75,75,75,75,75,75,75,75,75,75,75],"card_choices":[{"not_picked":["Wild Strike","Sever Soul"],"picked":"Shrug It Off","floor":1},{"not_picked":["Heavy Blade","Body Slam"],"picked":"Armaments","floor":3},{"not_picked":["Clash","Anger"],"picked":"True Grit","floor":4},{"not_picked":["Heavy Blade","Armaments"],"picked":"Corruption","floor":8},{"not_picked":["Wild Strike","Seeing Red"],"picked":"Flame Barrier","floor":11}],"player_experience":3061253,"relics_obtained":[{"floor":9,"key":"Bag of Marbles"}],"event_choices":[{"cards_removed":["Shrug It Off"],"damage_healed":0,"gold_gain":0,"player_choice":"Gave Card","damage_taken":0,"relics_obtained":["Tiny Chest"],"max_hp_gain":0,"max_hp_loss":0,"event_name":"WeMeetAgain","floor":2,"gold_loss":0},{"damage_healed":0,"gold_gain":75,"player_choice":"Gather Gold","damage_taken":11,"max_hp_gain":0,"max_hp_loss":0,"event_name":"World of Goop","floor":7,"gold_loss":0},{"damage_healed":0,"gold_gain":0,"cards_transformed":["Strike_R"],"player_choice":"Transformed","damage_taken":0,"max_hp_gain":0,"max_hp_loss":0,"event_name":"Transmorgrifier","floor":12,"gold_loss":0,"cards_obtained":["Sword Boomerang"]}],"is_beta":false,"boss_relics":[],"items_purged_floors":[],"is_endless":false,"potions_floor_spawned":[4,8],"killed_by":"Gremlin Nob","ascension_level":20}