{"gold_per_floor":[117,117,137,151,101,129,129,0,0,20,36,36,36,51,51,150,150,167,167,194,194,205,205,234,234,286,298,308,327,343,363,363,461,461,480,105,105,25,25,25,55,55,55,75,75,4,23,40,40,40],"floor_reached":50,"playtime":3196,"items_purged":["Decay","Parasite"],"score":544,"play_id":"089af784-c681-46d0-a44d-ba8831c2ffb1","local_time":"20180815134344","is_ascension_mode":false,"campfire_choices":[{"data":"Demon Form","floor":7.0,"key":"SMITH"},{"floor":12.0,"key":"REST"},{"floor":15.0,"key":"REST"},{"floor":23.0,"key":"REST"},{"floor":25,"key":"REST"},{"floor":32,"key":"REST"},{"floor":40,"key":"REST"},{"data":"Limit Break","floor":42,"key":"SMITH"},{"data":"Jack Of All Trades","floor":45,"key":"SMITH"},{"floor":49,"key":"REST"}],"neow_cost":"TEN_PERCENT_HP_LOSS","seed_source_timestamp":2051024996073668,"circlet_count":0,"master_deck":["Strike_R","Strike_R","Strike_R","Strike_R","Strike_R","Defend_R","Defend_R","Defend_R","Bash","Bludgeon","Demon Form+1","Flex","Inflame","Heavy Blade","Inflame","Infernal Blade","Limit Break+1","Flex+1","Heavy Blade+1","Spot Weakness","Shrug It Off+1","Flex+1","Uppercut","Demon Form","Warcry+1","Flash of Steel","Master of Strategy","Jack Of All Trades+1","Finesse","Flex+1","Flex+1","Panacea","Sword Boomerang+1","Thunderclap+1"],"special_seed":0,"relics":["Burning Blood","Omamori","Bottled Flame","Sozu","Enchiridion","Pen Nib","Pear","Anchor","Calling Bell","Ancient Tea Set","The Courier","Torii","Unceasing Top","Red Skull","Darkstone Periapt"],"potions_floor_usage":[27],"damage_taken":[{"damage":0.0,"enemies":"Small Slimes","floor":1.0,"turns":3.0},{"damage":6.0,"enemies":"Cultist","floor":3.0,"turns":3.0},{"damage":3.0,"enemies":"2 Louse","floor":4.0,"turns":3.0},{"damage":28.0,"enemies":"Gremlin Nob","floor":6.0,"turns":4.0},{"damage":13.0,"enemies":"Lots of Slimes","floor":10.0,"turns":4.0},{"damage":10.0,"enemies":"Looter","floor":11.0,"turns":3.0},{"damage":6.0,"enemies":"Exordium Wildlife","floor":14.0,"turns":3.0},{"damage":60.0,"enemies":"Hexaghost","floor":16.0,"turns":8.0},{"damage":10.0,"enemies":"Chosen","floor":18.0,"turns":3.0},{"damage":48.0,"enemies":"3 Byrds","floor":22.0,"turns":5.0},{"damage":28,"enemies":"Slavers","floor":24,"turns":5},{"damage":11,"enemies":"Snake Plant","floor":27,"turns":2},{"damage":15,"enemies":"Snecko","floor":28,"turns":3},{"damage":19,"enemies":"3 Cultists","floor":29,"turns":4},{"damage":10,"enemies":"Centurion and Healer","floor":30,"turns":4},{"damage":0,"enemies":"Snecko","floor":31,"turns":4},{"damage":21,"enemies":"Collector","floor":33,"turns":5},{"damage":59,"enemies":"Flame Bruiser 1 Orb","floor":35,"turns":5},{"damage":11,"enemies":"2 Orb Walkers","floor":41,"turns":4},{"damage":0,"enemies":"Orb Walker","floor":44,"turns":2},{"damage":15,"enemies":"Transient","floor":47,"turns":5},{"damage":14,"enemies":"Spire Growth","floor":48,"turns":3},{"damage":81,"enemies":"Awakened One","floor":50,"turns":4}],"seed_played":"2231176909160801840","potions_obtained":[{"floor":4.0,"key":"BloodPotion"},{"floor":6.0,"key":"SkillPotion"},{"floor":10.0,"key":"SteroidPotion"},{"floor":14.0,"key":"GamblersBrew"}],"is_trial":false,"path_per_floor":["M","?","M","M","?","E","R","$","T","M","M","R","$","M","R","B",null,"M","?","T","?","M","R","E","R","T","M","M","M","M","M","R","B",null,"M","$","?","$","?","R","E","R","T","M","R","$","M","M","R"],"character_chosen":"IRONCLAD","items_purchased":["Inflame","Heavy Blade","Flash of Steel","Unceasing Top","Panacea"],"campfire_rested":7,"item_purchase_floors":[8,8,36,36,46],"current_hp_per_floor":[72,72,72,72,72,50,50,50,50,43,39,60,60,60,72,18,72,68,52,52,52,17,38,26,50,50,45,36,23,19,25,49,34,82,29,29,82,79,69,79,74,74,74,79,79,79,70,62,79,0],"gold":40,"neow_bonus":"THREE_RARE_CARDS","is_prod":false,"is_daily":false,"chose_seed":false,"campfire_upgraded":3,"win_rate":0,"timestamp":1534329824,"path_taken":["M","?","M","?","?","E","R","?","T","M","M","R","$","M","R","BOSS","M","?","?","?","M","R","E","R","T","?","M","M","M","?","R","BOSS","M","$","?","$","?","R","E","R","T","M","R","$","?","M","R","BOSS"],"build_version":"2018-08-09","purchased_purges":2,"victory":false,"max_hp_per_floor":[72,72,72,72,72,72,72,72,72,72,72,72,72,72,72,72,72,72,72,72,72,72,72,82,82,82,82,82,82,82,82,82,82,82,82,82,82,79,79,79,79,79,79,79,79,79,79,79,79,79],"card_choices":[{"not_picked":["Reaper","Berserk"],"picked":"Bludgeon","floor":0.0},{"not_picked":["Heavy Blade","Feel No Pain","True Grit"],"picked":"SKIP","floor":1.0},{"not_picked":["Thunderclap","Corruption","Cleave"],"picked":"SKIP","floor":3.0},{"not_picked":["Evolve","Cleave","Shrug It Off"],"picked":"SKIP","floor":4.0},{"not_picked":["Twin Strike","Combust"],"picked":"Flex","floor":6.0},{"not_picked":["True Grit","Cleave","Havoc"],"picked":"SKIP","floor":10.0},{"not_picked":["Armaments","Sword Boomerang"],"picked":"Inflame","floor":11.0},{"not_picked":["Wild Strike","Rampage"],"picked":"Infernal Blade","floor":14.0},{"not_picked":["Barricade","Feed"],"picked":"Limit Break","floor":16.0},{"not_picked":["Iron Wave","Cleave"],"picked":"Flex+1","floor":18.0},{"not_picked":["Second Wind+1","Perfected Strike","Intimidate+1"],"picked":"SKIP","floor":22.0},{"not_picked":["Clothesline","Immolate"],"picked":"Heavy Blade+1","floor":24},{"not_picked":["Armaments","Cleave"],"picked":"Spot Weakness","floor":27},{"not_picked":["Armaments","Entrench"],"picked":"Shrug It Off+1","floor":28},{"not_picked":["Shrug It Off","Body Slam"],"picked":"Flex+1","floor":29},{"not_picked":["Corruption","Rage+1"],"picked":"Uppercut","floor":30},{"not_picked":["True Grit","Exhume","Anger"],"picked":"SKIP","floor":31},{"not_picked":["Brutality","Berserk"],"picked":"Demon Form","floor":33},{"not_picked":["Shrug It Off","Body Slam+1"],"picked":"Warcry+1","floor":35},{"not_picked":["Enlightenment","Secret Weapon"],"picked":"Master of Strategy","floor":39},{"not_picked":["Dark Shackles","Sadistic Nature"],"picked":"Jack Of All Trades","floor":39},{"not_picked":["Trip","Thinking Ahead"],"picked":"Finesse","floor":39},{"not_picked":["Iron Wave","Warcry"],"picked":"Flex+1","floor":41},{"not_picked":["Pommel Strike+1","Twin Strike+1"],"picked":"Flex+1","floor":44},{"not_picked":["Exhume","Flex"],"picked":"Sword Boomerang+1","floor":47},{"not_picked":["Sentinel+1","Perfected Strike+1"],"picked":"Thunderclap+1","floor":48}],"player_experience":654320,"relics_obtained":[{"floor":6.0,"key":"Omamori"},{"floor":9.0,"key":"Bottled Flame"},{"floor":19.0,"key":"Enchiridion"},{"floor":20.0,"key":"Pen Nib"},{"floor":24,"key":"Pear"},{"floor":26,"key":"Anchor"},{"floor":34,"key":"Ancient Tea Set"},{"floor":34,"key":"The Courier"},{"floor":34,"key":"Torii"},{"floor":41,"key":"Red Skull"},{"floor":43,"key":"Darkstone Periapt"}],"event_choices":[{"event_name":"Match and Keep!","player_choice":"1 cards matched","floor":2.0,"damage_taken":0.0},{"event_name":"The Cleric","player_choice":"Card Removal","floor":5.0,"damage_taken":0.0},{"event_name":"Cursed Tome","player_choice":"Obtained Book","floor":19.0,"damage_taken":0.0},{"event_name":"Forgotten Altar","player_choice":"Smashed Altar","floor":21.0,"damage_taken":0.0},{"event_name":"Wheel of Change","player_choice":"Full Heal","floor":37,"damage_taken":0},{"event_name":"SensoryStone","player_choice":"Memory 3","floor":39,"damage_taken":0}],"is_beta":false,"boss_relics":[{"not_picked":["Busted Crown","Black Star"],"picked":"Sozu"},{"not_picked":["Snecko Eye","Pandora\u0027s Box"],"picked":"Calling Bell"}],"items_purged_floors":[36,38],"is_endless":false,"potions_floor_spawned":[4,6,10,14,27,30,31,33,44],"killed_by":"Awakened One","ascension_level":0}