{"gold_per_floor":[115,115,135,135,135,145,161,161,239,258,216,250,265,315,315,388,438,453,403,422,22,39,39],"floor_reached":23,"playtime":1254,"items_purged":[],"score":367,"play_id":"ecc1a687-6c5b-4689-b4b7-6a95992e7a72","local_time":"20190403183848","is_ascension_mode":true,"campfire_choices":[{"floor":8,"key":"REST"},{"floor":15,"key":"REST"}],"neow_cost":"NONE","seed_source_timestamp":1739974486072101,"circlet_count":0,"master_deck":["AscendersBane","Strike_B","Strike_B","Strike_B","Strike_B","Defend_B+1","Defend_B","Defend_B","Defend_B","Zap","Dualcast","Chaos+1","Redo","Self Repair","Cold Snap","Capacitor","Barrage+1","Echo Form","Chaos+1","Heatsinks","Ball Lightning+1","Hello World","FTL+1","Cold Snap+1"],"relics":["Cracked Core","Happy Flower","Centennial Puzzle","Symbiotic Virus","Molten Egg 2","Tiny House","Meat on the Bone"],"potions_floor_usage":[7,12,18,18,18,22],"damage_taken":[{"damage":9,"enemies":"Jaw Worm","floor":1,"turns":4},{"damage":0,"enemies":"Cultist","floor":3,"turns":3},{"damage":0,"enemies":"2 Louse","floor":6,"turns":2},{"damage":5,"enemies":"Red Slaver","floor":7,"turns":3},{"damage":10,"enemies":"Blue Slaver","floor":10,"turns":4},{"damage":13,"enemies":"Gremlin Nob","floor":12,"turns":3},{"damage":16,"enemies":"Large Slime","floor":13,"turns":4},{"damage":31,"enemies":"Hexaghost","floor":16,"turns":8},{"damage":22,"enemies":"3 Byrds","floor":18,"turns":5},{"damage":36,"enemies":"2 Thieves","floor":20,"turns":4},{"damage":6,"enemies":"Centurion and Healer","floor":22,"turns":8},{"damage":52,"enemies":"Gremlin Leader","floor":23,"turns":4}],"seed_played":"733307894546515831","potions_obtained":[{"floor":1,"key":"Weak Potion"},{"floor":3,"key":"FocusPotion"},{"floor":17,"key":"EntropicBrew"},{"floor":20,"key":"Poison Potion"}],"is_trial":false,"path_per_floor":["M","?","M","?","?","M","M","R","T","M","?","E","M","?","R","B",null,"M","?","M","$","M","E"],"character_chosen":"DEFECT","items_purchased":["Meat on the Bone","Hello World","FTL+1"],"campfire_rested":2,"item_purchase_floors":[21,21,21],"current_hp_per_floor":[55,55,55,55,55,55,50,71,71,68,68,62,53,53,71,47,70,55,55,26,26,39,0],"gold":39,"neow_bonus":"RANDOM_COMMON_RELIC","is_prod":false,"is_daily":false,"chose_seed":false,"campfire_upgraded":0,"win_rate":0,"timestamp":1554305928,"path_taken":["M","?","?","?","?","?","M","R","T","M","?","E","M","?","R","BOSS","M","?","M","$","?","E"],"build_version":"2019-01-23","purchased_purges":0,"victory":false,"max_hp_per_floor":[71,71,71,71,71,71,71,71,71,71,71,71,71,71,71,71,76,76,76,76,76,76,76],"card_choices":[{"not_picked":["Undo","Leap"],"picked":"Compile Driver","floor":1},{"not_picked":["Leap","Streamline"],"picked":"Chaos","floor":3},{"not_picked":["Blizzard","Leap"],"picked":"Redo","floor":6},{"not_picked":["Go for the Eyes","Glacier"],"picked":"Self Repair","floor":7},{"not_picked":["BootSequence","Compile Driver"],"picked":"Cold Snap","floor":10},{"not_picked":["Cold Snap","Rebound"],"picked":"Capacitor","floor":12},{"not_picked":["Compile Driver+1","Conserve Battery"],"picked":"Barrage+1","floor":13},{"not_picked":["Biased Cognition","Fission"],"picked":"Echo Form","floor":16},{"not_picked":["Stack","Rebound+1"],"picked":"Chaos","floor":17},{"not_picked":["Go for the Eyes+1","Coolheaded"],"picked":"Heatsinks","floor":18},{"not_picked":["FTL+1","Sweeping Beam+1"],"picked":"Ball Lightning+1","floor":20},{"not_picked":["Conserve Battery","Hologram"],"picked":"Cold Snap+1","floor":22}],"player_experience":1162132,"relics_obtained":[{"floor":9,"key":"Symbiotic Virus"},{"floor":12,"key":"Molten Egg 2"}],"event_choices":[{"damage_healed":0,"gold_gain":0,"player_choice":"Ignored","damage_taken":0,"max_hp_gain":0,"max_hp_loss":0,"event_name":"Purifier","floor":2,"gold_loss":0},{"damage_healed":0,"gold_gain":0,"player_choice":"Grow","damage_taken":0,"max_hp_gain":0,"max_hp_loss":0,"event_name":"Living Wall","floor":4,"gold_loss":0,"cards_upgraded":["Chaos"]},{"cards_removed":["Compile Driver"],"damage_healed":0,"gold_gain":0,"player_choice":"Gave Card","damage_taken":0,"relics_obtained":["Centennial Puzzle"],"max_hp_gain":0,"max_hp_loss":0,"event_name":"WeMeetAgain","floor":5,"gold_loss":0},{"damage_healed":0,"gold_gain":0,"player_choice":"Left Gold","damage_taken":0,"max_hp_gain":0,"max_hp_loss":0,"event_name":"World of Goop","floor":11,"gold_loss":42},{"damage_healed":0,"gold_gain":50,"player_choice":"Pray","damage_taken":0,"max_hp_gain":0,"max_hp_loss":0,"event_name":"Golden Shrine","floor":14,"gold_loss":0},{"damage_healed":0,"gold_gain":0,"player_choice":"Upgrade","damage_taken":0,"max_hp_gain":0,"max_hp_loss":0,"event_name":"Designer","floor":19,"gold_loss":50,"cards_upgraded":["Chaos"]}],"is_beta":false,"boss_relics":[{"not_picked":["Cursed Key","Runic Dome"],"picked":"Tiny House"}],"items_purged_floors":[],"is_endless":false,"potions_floor_spawned":[1,3,20],"killed_by":"Gremlin Leader","ascension_level":18}