{"gold_per_floor":[362,377,390,36,36,70,70,90,90,90,119,119,119,130,130,204,204,220,220,220,71,71],"floor_reached":22,"playtime":636,"items_purged":[],"score":384,"play_id":"1bc1dedb-e49f-4e30-8100-00a2b3c24701","local_time":"20190321201703","is_ascension_mode":true,"campfire_choices":[{"floor":7,"key":"REST"},{"floor":10,"key":"REST"},{"data":"Fission","floor":12,"key":"SMITH"},{"floor":15,"key":"REST"}],"neow_cost":"TEN_PERCENT_HP_LOSS","seed_source_timestamp":178541817376800,"circlet_count":0,"master_deck":["AscendersBane","Strike_B+1","Strike_B+1","Strike_B+1","Defend_B+1","Defend_B+1","Defend_B+1","Zap+1","Dualcast","Melter","Coolheaded","Panacea","Glacier","Fission+1","Chill","Double Energy","Echo Form","Multi-Cast","Ball Lightning","Echo Form"],"relics":["Cracked Core","Orichalcum","Blood Vial","Letter Opener","Snecko Eye"],"potions_floor_usage":[16,16,18],"damage_taken":[{"damage":9,"enemies":"Jaw Worm","floor":1,"turns":3},{"damage":1,"enemies":"Cultist","floor":2,"turns":3},{"damage":20,"enemies":"Small Slimes","floor":3,"turns":3},{"damage":32,"enemies":"Lagavulin","floor":6,"turns":8},{"damage":7,"enemies":"Blue Slaver","floor":8,"turns":3},{"damage":11,"enemies":"3 Sentries","floor":11,"turns":12},{"damage":0,"enemies":"Large Slime","floor":14,"turns":4},{"damage":3,"enemies":"The Guardian","floor":16,"turns":11},{"damage":15,"enemies":"Chosen","floor":18,"turns":7},{"damage":0,"enemies":"2 Thieves","floor":22,"turns":1}],"seed_played":"1221534889191588069","potions_obtained":[{"floor":11,"key":"AttackPotion"},{"floor":14,"key":"Weak Potion"},{"floor":16,"key":"Swift Potion"},{"floor":18,"key":"SkillPotion"}],"is_trial":false,"path_per_floor":["M","M","M","$","?","E","R","M","T","R","E","R","?","M","R","B",null,"M","?","?","$","M"],"character_chosen":"DEFECT","items_purchased":["Panacea","Glacier","Orichalcum","Echo Form"],"campfire_rested":3,"item_purchase_floors":[4,4,4,21],"current_hp_per_floor":[55,54,34,34,34,2,21,16,16,35,26,26,7,9,28,27,55,42,42,42,42,44],"gold":71,"neow_bonus":"TWO_FIFTY_GOLD","is_prod":false,"is_daily":false,"chose_seed":false,"campfire_upgraded":1,"win_rate":0,"timestamp":1553167023,"path_taken":["M","M","M","$","?","E","R","?","T","R","E","R","?","M","R","BOSS","M","?","?","$","M"],"build_version":"2019-01-23","purchased_purges":0,"victory":false,"max_hp_per_floor":[64,64,64,64,64,64,64,64,64,64,64,64,64,64,64,64,64,64,64,64,64,64],"card_choices":[{"not_picked":["Compile Driver","Turbo"],"picked":"Melter","floor":1},{"not_picked":["Conserve Battery","Sweeping Beam"],"picked":"Coolheaded","floor":2},{"not_picked":["Steam","Steam Power","Genetic Algorithm"],"picked":"SKIP","floor":3},{"not_picked":["Doom and Gloom","Hologram","Fission"],"picked":"SKIP","floor":6},{"not_picked":["Doom and Gloom","Hologram"],"picked":"Fission","floor":6},{"not_picked":["Blizzard","Turbo"],"picked":"Chill","floor":8},{"not_picked":["Rip and Tear","Thunder Strike"],"picked":"Double Energy","floor":11},{"not_picked":["Ball Lightning","Steam"],"picked":"Gash","floor":14},{"not_picked":["Creative AI","Seek"],"picked":"Echo Form","floor":16},{"not_picked":["Beam Cell","Gash","Stack"],"picked":"SKIP","floor":18}],"player_experience":2450483,"relics_obtained":[{"floor":6,"key":"Blood Vial"},{"floor":11,"key":"Letter Opener"}],"event_choices":[{"cards_removed":["Defend_B"],"damage_healed":0,"gold_gain":0,"player_choice":"Purged","damage_taken":0,"max_hp_gain":0,"max_hp_loss":0,"event_name":"Purifier","floor":5,"gold_loss":0},{"damage_healed":0,"gold_gain":0,"player_choice":"Entered Light","damage_taken":19,"max_hp_gain":0,"max_hp_loss":0,"event_name":"Shining Light","floor":13,"gold_loss":0,"cards_upgraded":["Strike_B","Zap"]},{"damage_healed":0,"gold_gain":0,"player_choice":"Simplicity","damage_taken":0,"max_hp_gain":0,"max_hp_loss":0,"event_name":"Back to Basics","floor":19,"gold_loss":0,"cards_upgraded":["Strike_B","Strike_B","Strike_B","Defend_B","Defend_B","Defend_B"]},{"damage_healed":0,"gold_gain":0,"cards_transformed":["Gash","Strike_B"],"player_choice":"Became Test Subject","damage_taken":0,"max_hp_gain":0,"max_hp_loss":0,"event_name":"Drug Dealer","floor":20,"gold_loss":0,"cards_obtained":["Multi-Cast","Ball Lightning"]}],"is_beta":false,"boss_relics":[{"not_picked":["White Beast Statue","Sozu"],"picked":"Snecko Eye"}],"items_purged_floors":[],"is_endless":false,"potions_floor_spawned":[11,14,16,18],"killed_by":"2 Thieves","ascension_level":20}