{"gold_per_floor":[118,118,118,118,134,134,154,154,154,197,197,211,231,257,257,383,383,378,393,393],"floor_reached":20,"playtime":879,"items_purged":[],"score":226,"play_id":"dd1d9e72-0a9f-430e-95b9-0590c017270e","local_time":"20190426165522","is_ascension_mode":true,"campfire_choices":[{"data":"Crippling Poison","floor":6,"key":"SMITH"},{"data":"Caltrops","floor":8,"key":"SMITH"},{"floor":11,"key":"RECALL"},{"floor":15,"key":"REST"}],"neow_cost":"NONE","seed_source_timestamp":170440762162400,"circlet_count":0,"master_deck":["Defend_G","Defend_G","Defend_G","Defend_G","Defend_G","Strike_G","Strike_G","Strike_G","Strike_G","Strike_G","Survivor","Neutralize+1","Crippling Poison+1","Infinite Blades","Caltrops+1","Bullet Time","Accuracy","PiercingWail","Bullet Time","PiercingWail","Dash"],"relics":["Ring of the Snake","Golden Idol","Centennial Puzzle","Odd Mushroom","Black Star"],"potions_floor_usage":[10,16,19,20,20],"damage_taken":[{"damage":0,"enemies":"Jaw Worm","floor":1,"turns":5},{"damage":1,"enemies":"2 Louse","floor":5,"turns":3},{"damage":2,"enemies":"Cultist","floor":7,"turns":4},{"damage":23,"enemies":"Lagavulin","floor":10,"turns":7},{"damage":5,"enemies":"Gremlin Gang","floor":12,"turns":3},{"damage":6,"enemies":"2 Fungi Beasts","floor":13,"turns":4},{"damage":10,"enemies":"The Mushroom Lair","floor":14,"turns":3},{"damage":12,"enemies":"Hexaghost","floor":16,"turns":10},{"damage":6,"enemies":"2 Thieves","floor":18,"turns":4},{"damage":26,"enemies":"Spheric Guardian","floor":19,"turns":5},{"damage":32,"enemies":"Shelled Parasite and Fungi","floor":20,"turns":8}],"seed_played":"4808277833348413684","potions_obtained":[{"floor":7,"key":"PowerPotion"},{"floor":10,"key":"SpeedPotion"},{"floor":16,"key":"GamblersBrew"},{"floor":18,"key":"Explosive Potion"},{"floor":19,"key":"GamblersBrew"}],"is_trial":false,"path_per_floor":["M","?","?","?","M","R","M","R","T","E","R","M","M","?","R","B",null,"M","M","M"],"character_chosen":"THE_SILENT","items_purchased":[],"campfire_rested":1,"item_purchase_floors":[],"current_hp_per_floor":[63,63,46,70,69,69,67,67,67,44,44,39,33,23,44,32,61,55,29,0],"gold":393,"neow_bonus":"UPGRADE_CARD","is_prod":false,"is_daily":false,"chose_seed":false,"campfire_upgraded":2,"win_rate":0,"timestamp":1556312122,"path_taken":["M","?","?","?","?","R","M","R","T","E","R","?","M","?","R","BOSS","M","M","M"],"build_version":"2019-01-23","purchased_purges":0,"victory":false,"max_hp_per_floor":[70,70,70,70,70,70,70,70,70,70,70,70,70,70,70,70,70,70,70,70],"card_choices":[{"not_picked":["Prepared","Underhanded Strike"],"picked":"Crippling Poison","floor":1},{"not_picked":["Acrobatics","Heel Hook"],"picked":"Infinite Blades","floor":5},{"not_picked":["Leg Sweep","Flying Knee"],"picked":"Caltrops","floor":7},{"not_picked":["Dagger Throw","Underhanded Strike"],"picked":"Bullet Time","floor":10},{"not_picked":["Deflect","Bane","Dagger Throw"],"picked":"SKIP","floor":12},{"not_picked":["Poisoned Stab","Masterful Stab"],"picked":"Accuracy","floor":13},{"not_picked":["Acrobatics","Reflex"],"picked":"PiercingWail","floor":14},{"not_picked":["Die Die Die","Wraith Form v2"],"picked":"Bullet Time","floor":16},{"not_picked":["Quick Slash+1","Deadly Poison"],"picked":"PiercingWail","floor":18},{"not_picked":["Reflex","Quick Slash+1"],"picked":"Dash","floor":19}],"player_experience":177611,"relics_obtained":[{"floor":10,"key":"Centennial Puzzle"},{"floor":14,"key":"Odd Mushroom"}],"event_choices":[{"damage_healed":0,"gold_gain":0,"player_choice":"Ignored","damage_taken":0,"max_hp_gain":0,"max_hp_loss":0,"event_name":"Liars Game","floor":2,"gold_loss":0},{"damage_healed":0,"gold_gain":0,"player_choice":"Take Damage","damage_taken":17,"relics_obtained":["Golden Idol"],"max_hp_gain":0,"max_hp_loss":0,"event_name":"Golden Idol","floor":3,"gold_loss":0},{"damage_healed":24,"gold_gain":0,"player_choice":"Full Heal","damage_taken":0,"max_hp_gain":0,"max_hp_loss":0,"event_name":"Wheel of Change","floor":4,"gold_loss":0},{"damage_healed":0,"gold_gain":0,"player_choice":"Fought Mushrooms","damage_taken":0,"max_hp_gain":0,"max_hp_loss":0,"event_name":"Mushrooms","floor":14,"gold_loss":0}],"is_beta":false,"boss_relics":[{"not_picked":["Astrolabe","Coffee Dripper"],"picked":"Black Star"}],"items_purged_floors":[],"is_endless":false,"potions_floor_spawned":[7,10,16,18,19],"killed_by":"Shelled Parasite and Fungi","ascension_level":6}