{"gold_per_floor":[118,118,193,193,193,36,62,77,77,87,121,140,140,11,11,11],"floor_reached":16,"playtime":351,"items_purged":["Strike_R"],"score":266,"play_id":"340f2e6e-5b11-449e-98c3-8a933d917dd7","local_time":"20190314144122","is_ascension_mode":true,"campfire_choices":[{"data":"Entrench","floor":13,"key":"SMITH"},{"data":"Body Slam","floor":15,"key":"SMITH"}],"neow_cost":"NONE","seed_source_timestamp":16558313832900,"circlet_count":0,"master_deck":["AscendersBane","Strike_R","Strike_R","Strike_R+1","Defend_R","Defend_R","Defend_R","Defend_R","Bash+1","Impervious","Entrench+1","Body Slam+1","Flame Barrier"],"relics":["Burning Blood","NeowsBlessing","Matryoshka","Omamori","Orichalcum","Bag of Marbles","The Courier","Self Forming Clay"],"potions_floor_usage":[11],"damage_taken":[{"damage":0,"enemies":"Small Slimes","floor":1,"turns":2},{"damage":0,"enemies":"Lagavulin","floor":7,"turns":2},{"damage":0,"enemies":"2 Louse","floor":8,"turns":1},{"damage":9,"enemies":"Jaw Worm","floor":10,"turns":3},{"damage":20,"enemies":"Gremlin Nob","floor":11,"turns":4},{"damage":16,"enemies":"Large Slime","floor":12,"turns":6},{"damage":29,"enemies":"The Guardian","floor":16,"turns":13}],"seed_played":"-1482337470517490259","potions_obtained":[{"floor":7,"key":"Ancient Potion"},{"floor":10,"key":"Regen Potion"}],"is_trial":false,"path_per_floor":["M","?","?","?","T","$","E","M","T","M","E","M","R","$","R","B"],"character_chosen":"IRONCLAD","items_purchased":["Omamori","Flame Barrier"],"campfire_rested":0,"item_purchase_floors":[6,14],"current_hp_per_floor":[74,67,56,33,33,33,39,45,45,42,40,30,30,30,30,1],"gold":11,"neow_bonus":"THREE_ENEMY_KILL","is_prod":false,"is_daily":false,"chose_seed":false,"campfire_upgraded":2,"win_rate":0,"timestamp":1552542082,"path_taken":["M","?","?","?","?","?","E","M","T","M","E","?","R","$","R","BOSS"],"build_version":"2019-01-23","purchased_purges":1,"victory":false,"max_hp_per_floor":[75,75,75,75,75,75,75,75,75,75,75,75,75,75,75,75],"card_choices":[{"not_picked":["Warcry","Sword Boomerang","Twin Strike"],"picked":"SKIP","floor":1},{"not_picked":["Ghostly Armor","Sword Boomerang"],"picked":"Impervious","floor":7},{"not_picked":["Rupture","Pummel"],"picked":"Entrench","floor":8},{"not_picked":["Pummel","Warcry"],"picked":"Body Slam","floor":10},{"not_picked":["Thunderclap","Iron Wave","Bloodletting"],"picked":"SKIP","floor":11},{"not_picked":["Bloodletting","Cleave","Warcry"],"picked":"SKIP","floor":12}],"player_experience":2266632,"relics_obtained":[{"floor":5,"key":"Matryoshka"},{"floor":7,"key":"Orichalcum"},{"floor":9,"key":"Bag of Marbles"},{"floor":9,"key":"The Courier"},{"floor":11,"key":"Self Forming Clay"}],"event_choices":[{"cards_removed":["Strike_R"],"damage_healed":0,"gold_gain":0,"player_choice":"Card Removal","damage_taken":7,"max_hp_gain":0,"max_hp_loss":0,"event_name":"Golden Wing","floor":2,"gold_loss":0},{"damage_healed":0,"gold_gain":75,"player_choice":"Gather Gold","damage_taken":11,"max_hp_gain":0,"max_hp_loss":0,"event_name":"World of Goop","floor":3,"gold_loss":0},{"damage_healed":0,"gold_gain":0,"player_choice":"Entered Light","damage_taken":23,"max_hp_gain":0,"max_hp_loss":0,"event_name":"Shining Light","floor":4,"gold_loss":0,"cards_upgraded":["Strike_R","Bash"]}],"is_beta":false,"boss_relics":[],"items_purged_floors":[14],"is_endless":false,"potions_floor_spawned":[7,10],"killed_by":"The Guardian","ascension_level":20}