{"gold_per_floor":[111,55,55,74,74,106,106,134,157,157,177,208,221,103,103,103],"floor_reached":16,"playtime":363,"items_purged":["Strike_B"],"score":286,"play_id":"c215a564-0416-46ba-a64e-d3cf5f2c4266","local_time":"20190301183331","is_ascension_mode":true,"campfire_choices":[{"data":"Sunder","floor":7,"key":"SMITH"},{"data":"Zap","floor":10,"key":"SMITH"},{"data":"Defragment","floor":15,"key":"SMITH"}],"neow_cost":"NONE","seed_source_timestamp":25295278086000,"circlet_count":0,"master_deck":["AscendersBane","Strike_B","Strike_B","Strike_B","Defend_B","Defend_B","Defend_B","Defend_B","Zap+1","Dualcast","Capacitor","Barrage","Sunder+1","Coolheaded","Conserve Battery","Self Repair","Defragment+1"],"relics":["Cracked Core","NeowsBlessing","CultistMask","Lantern","Calipers","Anchor","Pen Nib","DataDisk"],"potions_floor_usage":[6,16],"damage_taken":[{"damage":0,"enemies":"2 Louse","floor":1,"turns":1},{"damage":0,"enemies":"Cultist","floor":4,"turns":1},{"damage":0,"enemies":"Gremlin Nob","floor":6,"turns":1},{"damage":20,"enemies":"3 Sentries","floor":8,"turns":8},{"damage":7,"enemies":"Small Slimes","floor":11,"turns":3},{"damage":32,"enemies":"Lagavulin","floor":12,"turns":8},{"damage":1,"enemies":"Red Slaver","floor":13,"turns":3},{"damage":8,"enemies":"Slime Boss","floor":16,"turns":5}],"seed_played":"5150966552583840880","potions_obtained":[{"floor":1,"key":"Strength Potion"},{"floor":6,"key":"Fruit Juice"},{"floor":13,"key":"LiquidBronze"}],"is_trial":false,"path_per_floor":["M","$","?","M","T","E","R","E","T","R","M","E","M","$","R","B"],"character_chosen":"DEFECT","items_purchased":["Barrage","Defragment"],"campfire_rested":0,"item_purchase_floors":[2,14],"current_hp_per_floor":[64,64,64,64,64,69,69,49,49,49,42,10,9,9,9,1],"gold":103,"neow_bonus":"THREE_ENEMY_KILL","is_prod":false,"is_daily":false,"chose_seed":false,"campfire_upgraded":3,"win_rate":0,"timestamp":1551432811,"path_taken":["M","$","?","?","?","E","R","E","T","R","M","E","M","?","R","BOSS"],"build_version":"2019-01-23","purchased_purges":1,"victory":false,"max_hp_per_floor":[71,71,71,71,71,76,76,76,76,76,76,76,76,76,76,76],"card_choices":[{"not_picked":["FTL","Heatsinks"],"picked":"Capacitor","floor":1},{"not_picked":["Hologram","Steam"],"picked":"Sunder","floor":4},{"not_picked":["Stack","Compile Driver","Darkness"],"picked":"SKIP","floor":6},{"not_picked":["Scrape","Rebound","Compile Driver"],"picked":"SKIP","floor":8},{"not_picked":["Beam Cell","Blizzard"],"picked":"Coolheaded","floor":11},{"not_picked":["Beam Cell","Stack"],"picked":"Conserve Battery","floor":12},{"not_picked":["Skim","Auto Shields"],"picked":"Self Repair","floor":13}],"player_experience":1929746,"relics_obtained":[{"floor":5,"key":"Lantern"},{"floor":6,"key":"Calipers"},{"floor":8,"key":"Anchor"},{"floor":9,"key":"Pen Nib"},{"floor":12,"key":"DataDisk"}],"event_choices":[{"damage_healed":0,"gold_gain":0,"player_choice":"Trade","damage_taken":0,"relics_obtained":["CultistMask"],"max_hp_gain":0,"max_hp_loss":0,"event_name":"FaceTrader","floor":3,"gold_loss":0}],"is_beta":false,"boss_relics":[],"items_purged_floors":[14],"is_endless":false,"potions_floor_spawned":[1,6,13],"killed_by":"Slime Boss","ascension_level":20}