{"gold_per_floor":[109,184,202,38,38,38,38,51,99,99,99,128,128,146,146,235,235,249,267,5,5,55,55,55],"floor_reached":24,"playtime":685,"items_purged":[],"score":434,"play_id":"c79bb3cd-1209-4e50-90d6-abf0fbea61ea","local_time":"20190312120528","is_ascension_mode":true,"campfire_choices":[{"data":"Creative AI","floor":6,"key":"SMITH"},{"floor":11,"key":"REST"},{"data":"Darkness","floor":15,"key":"SMITH"},{"floor":23,"key":"REST"}],"neow_cost":"CURSE","seed_source_timestamp":265596168522500,"circlet_count":0,"master_deck":["AscendersBane","Zap","Dualcast","Self Repair","Recycle","Echo Form","Steam","Creative AI+1","Self Repair","Cold Snap","Darkness+1","Electrodynamics","Tempest","Aggregate","Beam Cell","Buffer","Heatsinks","Chill","Sweeping Beam","Self Repair","Coolheaded","Conserve Battery+1","Panacea"],"relics":["Cracked Core","Girya","Regal Pillow","Pen Nib","Golden Idol","Pandora\u0027s Box","Membership Card"],"potions_floor_usage":[24],"damage_taken":[{"damage":14,"enemies":"Jaw Worm","floor":1,"turns":5},{"damage":15,"enemies":"2 Louse","floor":3,"turns":2},{"damage":7,"enemies":"Cultist","floor":8,"turns":4},{"damage":0,"enemies":"Lagavulin","floor":12,"turns":7},{"damage":15,"enemies":"Blue Slaver","floor":14,"turns":4},{"damage":24,"enemies":"Hexaghost","floor":16,"turns":10},{"damage":44,"enemies":"2 Thieves","floor":18,"turns":3},{"damage":27,"enemies":"Shell Parasite","floor":19,"turns":7},{"damage":53,"enemies":"Slavers","floor":24,"turns":3}],"seed_played":"873671933954353598","potions_obtained":[{"floor":1,"key":"FearPotion"},{"floor":8,"key":"Energy Potion"}],"is_trial":false,"path_per_floor":["M","?","M","$","?","R","$","M","T","?","R","E","?","M","R","B",null,"M","M","$","?","?","R","E"],"character_chosen":"DEFECT","items_purchased":["Echo Form","Membership Card","Panacea"],"campfire_rested":2,"item_purchase_floors":[4,20,20],"current_hp_per_floor":[50,39,31,31,31,31,31,31,31,24,60,71,47,46,46,43,64,34,28,28,28,28,64,11],"gold":55,"neow_bonus":"ONE_RARE_RELIC","is_prod":false,"is_daily":false,"chose_seed":false,"campfire_upgraded":2,"win_rate":0,"timestamp":1552359928,"path_taken":["M","?","M","$","?","R","$","?","T","?","R","E","?","?","R","BOSS","M","M","$","?","?","R","E"],"build_version":"2019-01-23","purchased_purges":0,"victory":false,"max_hp_per_floor":[71,71,71,71,71,71,71,71,71,71,71,71,71,71,71,71,71,71,71,71,71,71,71,71],"card_choices":[{"not_picked":["Compile Driver","Leap"],"picked":"Self Repair","floor":1},{"not_picked":["Turbo","Streamline"],"picked":"Recycle","floor":3},{"not_picked":["Reprogram","Compile Driver"],"picked":"Self Repair","floor":8},{"not_picked":["Melter","Static Discharge"],"picked":"Cold Snap","floor":12},{"not_picked":["Sweeping Beam","Force Field"],"picked":"Darkness","floor":14},{"not_picked":["Core Surge","Echo Form"],"picked":"Electrodynamics","floor":16},{"not_picked":["Rebound","Stack"],"picked":"Coolheaded","floor":18},{"not_picked":["Redo","Compile Driver"],"picked":"Conserve Battery+1","floor":19}],"player_experience":2200562,"relics_obtained":[{"floor":9,"key":"Regal Pillow"},{"floor":12,"key":"Pen Nib"}],"event_choices":[{"damage_healed":0,"gold_gain":75,"player_choice":"Gather Gold","damage_taken":11,"max_hp_gain":0,"max_hp_loss":0,"event_name":"World of Goop","floor":2,"gold_loss":0},{"damage_healed":0,"gold_gain":0,"player_choice":"2 cards matched","damage_taken":0,"max_hp_gain":0,"max_hp_loss":0,"event_name":"Match and Keep!","floor":5,"gold_loss":0,"cards_obtained":["Steam","Creative AI"]},{"cards_removed":["Writhe"],"damage_healed":0,"gold_gain":0,"player_choice":"Card Removal","damage_taken":7,"max_hp_gain":0,"max_hp_loss":0,"event_name":"Golden Wing","floor":10,"gold_loss":0},{"damage_healed":0,"gold_gain":0,"player_choice":"Take Damage","damage_taken":24,"relics_obtained":["Golden Idol"],"max_hp_gain":0,"max_hp_loss":0,"event_name":"Golden Idol","floor":13,"gold_loss":0},{"damage_healed":0,"gold_gain":0,"player_choice":"Ignored","damage_taken":0,"max_hp_gain":0,"max_hp_loss":0,"event_name":"The Mausoleum","floor":21,"gold_loss":0},{"damage_healed":0,"gold_gain":50,"player_choice":"Stole From Cult","damage_taken":0,"max_hp_gain":0,"max_hp_loss":0,"event_name":"Nest","floor":22,"gold_loss":0}],"is_beta":false,"boss_relics":[{"not_picked":["Eternal Feather","Philosopher\u0027s Stone"],"picked":"Pandora\u0027s Box"}],"items_purged_floors":[],"is_endless":false,"potions_floor_spawned":[1,8,18],"killed_by":"Slavers","ascension_level":20}