{"gold_per_floor":[114,189,189,204,219,250,250,283,283,299,299,328,95,111,111,188,188,206,225,225,225],"floor_reached":21,"playtime":903,"items_purged":["Strike_R"],"score":398,"play_id":"4484bcc1-682a-4c55-a63d-37bd73c3ac67","local_time":"20190427122304","is_ascension_mode":true,"campfire_choices":[{"data":"Demon Form","floor":7,"key":"SMITH"},{"data":"True Grit","floor":11,"key":"SMITH"},{"data":"Disarm","floor":15,"key":"SMITH"}],"neow_cost":"TEN_PERCENT_HP_LOSS","seed_source_timestamp":0,"circlet_count":0,"master_deck":["AscendersBane","Strike_R","Strike_R","Strike_R+1","Strike_R+1","Defend_R","Defend_R","Defend_R","Defend_R","Bash","Demon Form+1","Feel No Pain","True Grit+1","Disarm+1","Evolve","Pommel Strike","Offering","Reaper"],"special_seed":0,"relics":["Burning Blood","FaceOfCleric","Red Skull","Question Card","Whetstone","Orichalcum","Bag of Marbles","Velvet Choker"],"potions_floor_usage":[6,8,12,12],"damage_taken":[{"damage":13,"enemies":"Small Slimes","floor":1,"turns":5},{"damage":4,"enemies":"Cultist","floor":4,"turns":4},{"damage":11,"enemies":"Jaw Worm","floor":5,"turns":4},{"damage":5,"enemies":"Lagavulin","floor":6,"turns":7},{"damage":15,"enemies":"3 Sentries","floor":8,"turns":9},{"damage":3,"enemies":"Looter","floor":10,"turns":5},{"damage":8,"enemies":"Gremlin Nob","floor":12,"turns":3},{"damage":8,"enemies":"Blue Slaver","floor":14,"turns":6},{"damage":37,"enemies":"The Guardian","floor":16,"turns":11},{"damage":12,"enemies":"Chosen","floor":18,"turns":5},{"damage":12,"enemies":"3 Byrds","floor":19,"turns":6},{"damage":31,"enemies":"Sentry and Sphere","floor":21,"turns":3}],"seed_played":"8392085044366112496","potions_obtained":[{"floor":1,"key":"FearPotion"},{"floor":5,"key":"Block Potion"},{"floor":6,"key":"Poison Potion"},{"floor":10,"key":"Fire Potion"},{"floor":14,"key":"Strength Potion"}],"is_trial":false,"path_per_floor":["M","?","?","M","M","E","R","E","T","M","R","E","$","M","R","B",null,"M","M","?","M"],"character_chosen":"IRONCLAD","items_purchased":["Bag of Marbles"],"campfire_rested":0,"item_purchase_floors":[13],"current_hp_per_floor":[61,50,50,53,49,51,51,43,43,47,47,46,46,45,45,15,61,56,51,29,0],"gold":225,"neow_bonus":"THREE_RARE_CARDS","is_prod":false,"is_daily":false,"chose_seed":false,"campfire_upgraded":3,"win_rate":0,"timestamp":1556335384,"path_taken":["M","?","?","?","M","E","R","E","T","M","R","E","$","M","R","BOSS","M","M","?","M"],"build_version":"2019-01-23","purchased_purges":1,"victory":false,"max_hp_per_floor":[68,68,68,69,70,71,71,72,72,73,73,74,74,75,75,76,76,77,78,83,83],"card_choices":[{"not_picked":["Limit Break","Exhume"],"picked":"Demon Form","floor":0.0},{"not_picked":["Bloodletting","Fire Breathing"],"picked":"Feel No Pain","floor":1},{"not_picked":["Warcry","Infernal Blade","Inflame"],"picked":"SKIP","floor":4},{"not_picked":["Pummel","Body Slam"],"picked":"True Grit","floor":5},{"not_picked":["Wild Strike","Havoc","Intimidate"],"picked":"SKIP","floor":6},{"not_picked":["Sever Soul","Battle Trance"],"picked":"Disarm","floor":8},{"not_picked":["Metallicize","Fire Breathing","Wild Strike","Burning Pact"],"picked":"SKIP","floor":10},{"not_picked":["Havoc","Body Slam","Demon Form"],"picked":"Evolve","floor":12},{"not_picked":["Perfected Strike","Thunderclap","Disarm"],"picked":"Pommel Strike","floor":14},{"not_picked":["Berserk","Dark Embrace","Fiend Fire"],"picked":"Offering","floor":16},{"not_picked":["Iron Wave","Rampage+1","Pommel Strike","Anger"],"picked":"SKIP","floor":18},{"not_picked":["Sword Boomerang","Rage","Perfected Strike"],"picked":"Reaper","floor":19}],"player_experience":3401991,"relics_obtained":[{"floor":6,"key":"Red Skull"},{"floor":8,"key":"Question Card"},{"floor":9,"key":"Whetstone"},{"floor":12,"key":"Orichalcum"}],"event_choices":[{"damage_healed":0,"gold_gain":75,"player_choice":"Gather Gold","damage_taken":11,"max_hp_gain":0,"max_hp_loss":0,"event_name":"World of Goop","floor":2,"gold_loss":0},{"damage_healed":0,"gold_gain":0,"player_choice":"Trade","damage_taken":0,"relics_obtained":["FaceOfCleric"],"max_hp_gain":0,"max_hp_loss":0,"event_name":"FaceTrader","floor":3,"gold_loss":0},{"damage_healed":0,"gold_gain":0,"player_choice":"Shed Blood","damage_taken":27,"max_hp_gain":5,"max_hp_loss":0,"event_name":"Forgotten Altar","floor":20,"gold_loss":0}],"is_beta":false,"boss_relics":[{"not_picked":["Tiny House","Fusion Hammer"],"picked":"Velvet Choker"}],"items_purged_floors":[13],"is_endless":false,"potions_floor_spawned":[1,5,6,10,14],"killed_by":"Sentry and Sphere","ascension_level":20}