{"gold_per_floor":[112,112,34,34,46,116,128,175,233,245,268,299,329,357,369,452,464,496,4,21,41,52,52,52,82,82,82,82,108,127,71,71,147,147,161,176,39,39],"floor_reached":38,"playtime":1810,"items_purged":["Strike_R","Strike_R"],"score":1023,"play_id":"aef53aa2-7110-4ca1-8fe1-930886f5cfee","local_time":"20190416124029","is_ascension_mode":true,"campfire_choices":[{"data":"Fiend Fire","floor":7.0,"key":"SMITH"},{"data":"Inflame","floor":10.0,"key":"SMITH"},{"data":"Armaments","floor":15.0,"key":"SMITH"},{"data":"Shockwave","floor":23,"key":"SMITH"},{"data":"Bash","floor":27,"key":"SMITH"},{"floor":32,"key":"REST"}],"neow_cost":"NONE","seed_source_timestamp":30032296967700,"circlet_count":0,"master_deck":["AscendersBane","Strike_R","Strike_R","Defend_R","Defend_R","Defend_R","Defend_R","Bash+1","Inflame+1","Fiend Fire+1","Battle Trance","Armaments+1","Shockwave+1","Limit Break","Shrug It Off+1","Disarm","Power Through","Clumsy","Shrug It Off+1","Dark Embrace","Pommel Strike+1","Corruption","Sentinel"],"special_seed":0,"relics":["Burning Blood","NeowsBlessing","MawBank","Tiny Chest","Darkstone Periapt","Art of War","Cursed Key","PreservedInsect","Orichalcum","Prayer Wheel","Happy Flower","Snecko Eye"],"potions_floor_usage":[29,30,33,35,35],"damage_taken":[{"damage":0.0,"enemies":"Jaw Worm","floor":1.0,"turns":1.0},{"damage":0.0,"enemies":"Gremlin Nob","floor":6.0,"turns":1.0},{"damage":0.0,"enemies":"3 Sentries","floor":8.0,"turns":1.0},{"damage":3.0,"enemies":"Small Slimes","floor":11.0,"turns":2.0},{"damage":0.0,"enemies":"2 Louse","floor":12.0,"turns":2.0},{"damage":5.0,"enemies":"Exordium Wildlife","floor":13.0,"turns":4.0},{"damage":26.0,"enemies":"Lots of Slimes","floor":14.0,"turns":6.0},{"damage":36.0,"enemies":"The Guardian","floor":16.0,"turns":16.0},{"damage":5.0,"enemies":"Chosen","floor":18.0,"turns":4.0},{"damage":0.0,"enemies":"3 Byrds","floor":20.0,"turns":4.0},{"damage":3.0,"enemies":"Cultist and Chosen","floor":21.0,"turns":4.0},{"damage":30,"enemies":"Snake Plant","floor":22,"turns":4},{"damage":9,"enemies":"Book of Stabbing","floor":25,"turns":5},{"damage":25,"enemies":"Slavers","floor":29,"turns":6},{"damage":10,"enemies":"Shelled Parasite and Fungi","floor":30,"turns":6},{"damage":17,"enemies":"Automaton","floor":33,"turns":10},{"damage":34,"enemies":"3 Darklings","floor":35,"turns":16},{"damage":3,"enemies":"Orb Walker","floor":36,"turns":3},{"damage":0,"enemies":"3 Darklings","floor":38,"turns":1}],"seed_played":"1066283132957923877","potions_obtained":[{"floor":6.0,"key":"Fruit Juice"},{"floor":13.0,"key":"Fruit Juice"},{"floor":14.0,"key":"GamblersBrew"},{"floor":25,"key":"Block Potion"},{"floor":30,"key":"Fire Potion"},{"floor":33,"key":"Fire Potion"},{"floor":35,"key":"Explosive Potion"}],"is_trial":false,"path_per_floor":["M","?","$","?","?","E","R","E","T","R","M","M","M","M","R","B",null,"M","$","M","M","M","R","?","E","T","R","?","E","M","$","R","B",null,"M","M","$","M"],"character_chosen":"IRONCLAD","items_purchased":["Fiend Fire","PreservedInsect","Orichalcum","Explosive Potion","Swift Potion","PowerPotion","Sentinel"],"campfire_rested":1,"item_purchase_floors":[3,19,19,19,19,31,37],"current_hp_per_floor":[74,67,67,62,62,73,73,79,79,79,80,80,85,65,65,35,73,74,74,80,83,59,59,34,31,37,37,37,18,14,14,42,31,80,52,55,55,55],"gold":39,"neow_bonus":"THREE_ENEMY_KILL","is_prod":false,"is_daily":false,"chose_seed":false,"campfire_upgraded":5,"win_rate":0,"timestamp":1555386029,"path_taken":["M","?","?","?","?","E","R","E","T","R","M","?","M","M","R","BOSS","M","$","M","?","M","R","?","E","T","R","?","E","M","$","R","BOSS","M","?","$","M"],"build_version":"2019-01-23","purchased_purges":2,"victory":false,"max_hp_per_floor":[75,75,75,75,75,80,80,80,80,80,80,80,85,85,85,85,85,85,85,85,85,85,85,90,90,96,96,96,96,96,96,96,96,96,96,96,96,96],"card_choices":[{"not_picked":["Thunderclap","Rage"],"picked":"Inflame","floor":1.0},{"not_picked":["Body Slam","Twin Strike"],"picked":"Battle Trance","floor":6.0},{"not_picked":["Heavy Blade","Iron Wave","Clothesline"],"picked":"SKIP","floor":8.0},{"not_picked":["Inflame","Clothesline"],"picked":"Armaments","floor":11.0},{"not_picked":["Clothesline","Battle Trance"],"picked":"Shockwave","floor":12.0},{"not_picked":["Wild Strike","Clash","Combust"],"picked":"SKIP","floor":13.0},{"not_picked":["Pummel","Sword Boomerang","Cleave"],"picked":"SKIP","floor":14.0},{"not_picked":["Exhume","Demon Form"],"picked":"Limit Break","floor":16.0},{"not_picked":["Hemokinesis","Bloodletting","Thunderclap"],"picked":"SKIP","floor":18.0},{"not_picked":["Cleave","Heavy Blade"],"picked":"Shrug It Off+1","floor":20.0},{"not_picked":["Wild Strike+1","Bloodletting"],"picked":"Disarm","floor":21},{"not_picked":["Perfected Strike+1","Twin Strike"],"picked":"Power Through","floor":22},{"not_picked":["Flex","Headbutt","Searing Blow+1"],"picked":"SKIP","floor":25},{"not_picked":["Ghostly Armor","Seeing Red","Power Through"],"picked":"SKIP","floor":29},{"not_picked":["Anger","Hemokinesis"],"picked":"Shrug It Off+1","floor":30},{"not_picked":["Anger","Pommel Strike","Shrug It Off"],"picked":"SKIP","floor":30},{"not_picked":["Juggernaut","Exhume"],"picked":"Dark Embrace","floor":33},{"not_picked":["Flex","Armaments"],"picked":"Pommel Strike+1","floor":35},{"not_picked":["Wild Strike","Warcry","Armaments"],"picked":"SKIP","floor":35},{"not_picked":["Intimidate","Heavy Blade"],"picked":"Corruption","floor":36},{"not_picked":["Armaments","Wild Strike","Pommel Strike"],"picked":"SKIP","floor":36}],"player_experience":3172462,"relics_obtained":[{"floor":6.0,"key":"Tiny Chest"},{"floor":8.0,"key":"Darkstone Periapt"},{"floor":9.0,"key":"Art of War"},{"floor":25,"key":"Prayer Wheel"},{"floor":29,"key":"Happy Flower"}],"event_choices":[{"cards_removed":["Strike_R"],"damage_healed":0.0,"max_hp_gain":0.0,"max_hp_loss":0.0,"gold_gain":0.0,"event_name":"Golden Wing","player_choice":"Card Removal","floor":2.0,"gold_loss":0.0,"damage_taken":7.0},{"damage_healed":0.0,"max_hp_gain":0.0,"max_hp_loss":0.0,"gold_gain":0.0,"event_name":"Scrap Ooze","player_choice":"Success","floor":4.0,"gold_loss":0.0,"damage_taken":5.0,"relics_obtained":["MawBank"]},{"damage_healed":0.0,"max_hp_gain":0.0,"max_hp_loss":0.0,"gold_gain":0.0,"event_name":"Liars Game","player_choice":"Ignored","floor":5.0,"gold_loss":0.0,"damage_taken":0.0},{"damage_healed":0,"gold_gain":0,"player_choice":"Shed Blood","damage_taken":30,"max_hp_gain":5,"max_hp_loss":0,"event_name":"Forgotten Altar","floor":24,"gold_loss":0},{"damage_healed":0,"gold_gain":0,"player_choice":"Ignored","damage_taken":0,"max_hp_gain":0,"max_hp_loss":0,"event_name":"N\u0027loth","floor":28,"gold_loss":0}],"is_beta":false,"boss_relics":[{"not_picked":["White Beast Statue","Coffee Dripper"],"picked":"Cursed Key"},{"not_picked":["Black Star","Philosopher\u0027s Stone"],"picked":"Snecko Eye"}],"items_purged_floors":[19,37],"is_endless":false,"potions_floor_spawned":[6,13,14,25,30,33,35],"killed_by":"3 Darklings","ascension_level":20}