{"path_per_floor":["M","?","?","?","$","R","M","R","T","M","E","M","M","M","R","B",null,"M","?","M","M","$","R","$","E","T","R","$","M","R","E","R","B",null,"M","M","?"],"character_chosen":"IRONCLAD","items_purchased":["Body Slam"],"gold_per_floor":[13,13,13,13,13,13,25,25,25,44,69,89,101,118,118,221,221,239,239,253,270,195,195,95,127,127,127,104,119,119,149,149,250,250,262,273,273,273],"floor_reached":38,"campfire_rested":4,"playtime":2956,"current_hp_per_floor":[67,67,67,67,67,67,73,73,73,77,67,66,51,53,78,19,69,56,56,32,29,29,56,56,33,33,75,75,74,95,93,93,45,85,48,27,17,0],"items_purged":["Regret","Injury"],"gold":273,"score":584,"play_id":"3924af2f-bd06-4572-b990-db8d947f8ccd","local_time":"20180331190212","is_prod":false,"is_daily":false,"is_ascension_mode":true,"campfire_upgraded":3,"timestamp":1522512132,"path_taken":["M","?","?","?","$","R","M","R","T","M","E","M","M","?","R","BOSS","M","?","M","M","$","R","$","E","T","R","$","M","R","E","R","BOSS","M","M","?","M"],"build_version":"2018-03-29v2","purchased_purges":2,"victory":false,"master_deck":["Bash","Uppercut+1","Shockwave","Clash+1","Havoc+1","Thunderclap","Feed","Iron Wave","Inflame","Dropkick+1","Shrug It Off","Shockwave","Shrug It Off","Metallicize","Sever Soul","Wild Strike","Rage+1","Flex+1","Body Slam","Shockwave+1","Disarm","Barricade","Burning Pact+1","Rage","Anger","Pommel Strike+1","Flex+1","Juggernaut","Finesse","Sadistic Nature","Jack Of All Trades"],"max_hp_per_floor":[80,80,80,80,80,80,80,80,80,80,80,83,86,86,86,86,86,89,89,89,92,92,92,92,92,92,92,92,95,95,98,98,98,98,98,98,98,98],"relics":["Burning Blood","Ancient Tea Set","Champion Belt","Dream Catcher","Pandora\u0027s Box","Kunai","Regal Pillow","Ornamental Fan","Orrery"],"card_choices":[{"not_picked":["Combust","Inflame"],"picked":"Clash","floor":1},{"not_picked":["Anger","Uppercut"],"picked":"Havoc","floor":7},{"not_picked":["Carnage","True Grit"],"picked":"Thunderclap","floor":10},{"not_picked":["Bloodletting","Cleave"],"picked":"Feed","floor":11},{"not_picked":["Combust","Fire Breathing"],"picked":"Iron Wave","floor":12},{"not_picked":["Armaments","Headbutt"],"picked":"Inflame","floor":14},{"not_picked":["Sentinel","Perfected Strike"],"picked":"Rage","floor":23},{"not_picked":["Havoc","Second Wind"],"picked":"Flex","floor":27},{"not_picked":["Twin Strike","Heavy Blade"],"picked":"Shockwave","floor":29},{"not_picked":["Shrug It Off","Wild Strike"],"picked":"Disarm","floor":30},{"not_picked":["Impervious","Offering"],"picked":"Barricade","floor":33},{"not_picked":["Perfected Strike","Battle Trance"],"picked":"Burning Pact","floor":34},{"not_picked":["Sever Soul","Pommel Strike"],"picked":"Rage","floor":34},{"not_picked":["Heavy Blade","Burning Pact"],"picked":"Anger","floor":34},{"not_picked":["Perfected Strike","Headbutt"],"picked":"Pommel Strike","floor":34},{"not_picked":["Wild Strike","Clash"],"picked":"Flex","floor":35},{"not_picked":["Perfected Strike","Warcry"],"picked":"Juggernaut","floor":36},{"not_picked":["Deep Breath","Dark Shackles"],"picked":"Finesse","floor":37},{"not_picked":["Panache","Deep Breath"],"picked":"Sadistic Nature","floor":37},{"not_picked":["Dark Shackles","Deep Breath"],"picked":"Jack Of All Trades","floor":37}],"player_experience":334484,"potions_floor_usage":[7,12,20,21,31,33,36],"damage_taken":[{"damage":11,"enemies":"Jaw Worm","floor":1,"turns":4},{"damage":0,"enemies":"2 Louse","floor":7,"turns":1},{"damage":2,"enemies":"Cultist","floor":10,"turns":2},{"damage":16,"enemies":"Gremlin Nob","floor":11,"turns":4},{"damage":10,"enemies":"2 Fungi Beasts","floor":12,"turns":3},{"damage":24,"enemies":"3 Louse","floor":13,"turns":3},{"damage":4,"enemies":"Blue Slaver","floor":14,"turns":2},{"damage":65,"enemies":"Hexaghost","floor":16,"turns":9},{"damage":22,"enemies":"Spheric Guardian","floor":18,"turns":4},{"damage":30,"enemies":"Shell Parasite","floor":20,"turns":6},{"damage":12,"enemies":"3 Cultists","floor":21,"turns":4},{"damage":29,"enemies":"Book of Stabbing","floor":25,"turns":5},{"damage":10,"enemies":"Cultist and Chosen","floor":29,"turns":6},{"damage":11,"enemies":"Slavers","floor":31,"turns":5},{"damage":54,"enemies":"Automaton","floor":33,"turns":13},{"damage":43,"enemies":"Orb Walker","floor":35,"turns":5},{"damage":27,"enemies":"3 Shapes","floor":36,"turns":7},{"damage":31,"enemies":"Maw","floor":38,"turns":6}],"event_choices":[{"event_name":"Big Fish","player_choice":"Box","floor":2,"damage_taken":0},{"event_name":"Golden Idol","player_choice":"Ignored","floor":3,"damage_taken":0},{"event_name":"Accursed Blacksmith","player_choice":"Forge","floor":4,"damage_taken":0},{"event_name":"Upgrade Shrine","player_choice":"Upgraded","floor":19,"damage_taken":0},{"event_name":"SensoryStone","player_choice":"Memory 3","floor":37,"damage_taken":0}],"boss_relics":[{"not_picked":["White Beast Statue","Runic Cube"],"picked":"Pandora\u0027s Box"},{"not_picked":["Philosopher\u0027s Stone","Lizard Tail"],"picked":"Orrery"}],"potions_floor_spawned":[1,10,13,16,29,31,35],"seed_played":"-1125541387568075135","killed_by":"Maw","ascension_level":7,"is_trial":false}