{"gold_per_floor":[113,388,71,91,16,16,32,44,44,44,44,79,5,38,38,111,111,128,128,43,93,64,64,90,90,113,113,123,154,100,111,111,185,185,196,208,225,225,245,245,273,273,273,233,251,18,47,64,64,64],"floor_reached":51,"playtime":4192,"items_purged":["Regret"],"score":1408,"play_id":"9dde504a-9684-4f8f-8a9c-a3a01e8b2681","local_time":"20190414133442","is_ascension_mode":true,"campfire_choices":[{"data":"Zap","floor":6.0,"key":"SMITH"},{"floor":10.0,"key":"REST"},{"floor":15.0,"key":"REST"},{"data":"Buffer","floor":23.0,"key":"SMITH"},{"data":"Defragment","floor":27.0,"key":"SMITH"},{"floor":32.0,"key":"REST"},{"data":"White Noise","floor":40.0,"key":"SMITH"},{"data":"Static Discharge","floor":42.0,"key":"SMITH"},{"data":"Biased Cognition","floor":49,"key":"SMITH"}],"neow_cost":"NONE","seed_source_timestamp":240939456300113,"circlet_count":0,"master_deck":["AscendersBane","Strike_B+1","Strike_B+1","Strike_B+1","Strike_B+1","Defend_B+1","Defend_B+1","Defend_B+1","Defend_B+1","Zap+1","Dualcast","Glacier","Leap","Chaos","Hello World+1","Hello World","Buffer+1","Hello World","Biased Cognition+1","Defragment+1","Capacitor","Echo Form","Static Discharge+1","Chaos","Heatsinks","Buffer+1","Leap+1","Storm+1","White Noise+1","Force Field+1","Compile Driver+1","Discovery+1","Redo+1","Self Repair","Force Field+1"],"special_seed":0,"relics":["Cracked Core","NeowsBlessing","Bird Faced Urn","Calipers","FossilizedHelix","Potion Belt","Eternal Feather","Happy Flower","Gambling Chip","Torii","Lantern","Unceasing Top","White Beast Statue","Thread and Needle","Toxic Egg 2","Ginger"],"potions_floor_usage":[47,47,47,47,47,47,50],"damage_taken":[{"damage":0.0,"enemies":"Small Slimes","floor":1.0,"turns":1.0},{"damage":0.0,"enemies":"Cultist","floor":4.0,"turns":1.0},{"damage":0.0,"enemies":"Jaw Worm","floor":7.0,"turns":1.0},{"damage":19.0,"enemies":"Exordium Thugs","floor":8.0,"turns":6.0},{"damage":9.0,"enemies":"3 Sentries","floor":12.0,"turns":10.0},{"damage":19.0,"enemies":"Gremlin Nob","floor":14.0,"turns":5.0},{"damage":2.0,"enemies":"Slime Boss","floor":16.0,"turns":8.0},{"damage":6.0,"enemies":"Spheric Guardian","floor":18.0,"turns":7.0},{"damage":7.0,"enemies":"2 Thieves","floor":22.0,"turns":4.0},{"damage":14.0,"enemies":"Book of Stabbing","floor":24.0,"turns":7.0},{"damage":23.0,"enemies":"Centurion and Healer","floor":28.0,"turns":6.0},{"damage":60.0,"enemies":"Gremlin Leader","floor":29.0,"turns":8.0},{"damage":16.0,"enemies":"Snake Plant","floor":31.0,"turns":7.0},{"damage":40.0,"enemies":"Automaton","floor":33.0,"turns":10.0},{"damage":48.0,"enemies":"3 Darklings","floor":35.0,"turns":6.0},{"damage":0.0,"enemies":"3 Shapes","floor":36.0,"turns":9.0},{"damage":11.0,"enemies":"Transient","floor":37.0,"turns":6.0},{"damage":11.0,"enemies":"4 Shapes","floor":39.0,"turns":4.0},{"damage":14.0,"enemies":"Nemesis","floor":41.0,"turns":7.0},{"damage":2.0,"enemies":"Writhing Mass","floor":45.0,"turns":5.0},{"damage":0,"enemies":"Reptomancer","floor":47,"turns":6},{"damage":22,"enemies":"Sphere and 2 Shapes","floor":48,"turns":7},{"damage":13,"enemies":"Donu and Deca","floor":50,"turns":8}],"seed_played":"-2522905805864694409","potions_obtained":[{"floor":1.0,"key":"Swift Potion"},{"floor":7.0,"key":"Strength Potion"},{"floor":8.0,"key":"FocusPotion"},{"floor":14.0,"key":"Ancient Potion"},{"floor":22.0,"key":"Swift Potion"},{"floor":24.0,"key":"AttackPotion"},{"floor":29.0,"key":"Strength Potion"},{"floor":35.0,"key":"Block Potion"},{"floor":36.0,"key":"LiquidBronze"},{"floor":37.0,"key":"Swift Potion"},{"floor":39.0,"key":"Poison Potion"},{"floor":41.0,"key":"FairyPotion"},{"floor":44.0,"key":"EntropicBrew"},{"floor":44.0,"key":"FocusPotion"},{"floor":45.0,"key":"Energy Potion"},{"floor":47,"key":"FocusPotion"},{"floor":48,"key":"SmokeBomb"}],"is_trial":false,"path_per_floor":["M","?","$","M","$","R","M","M","T","R","?","E","$","E","R","B",null,"M","?","?","?","M","R","E","T","T","R","M","E","$","M","R","B",null,"M","M","M","?","M","R","E","R","T","?","M","$","E","M","R","B",null],"character_chosen":"DEFECT","items_purchased":["Bird Faced Urn","Buffer","Fire Potion","Discovery+1","Redo+1","Self Repair"],"campfire_rested":3,"item_purchase_floors":[3,13,30,46,46,46],"current_hp_per_floor":[64,64,64,64,64,64,64,45,45,66,66,59,59,44,65,69,71,65,65,65,65,66,71,61,61,61,71,68,21,21,31,67,37,63,33,53,60,60,63,71,71,71,71,71,71,71,71,68,71,71],"gold":64,"neow_bonus":"THREE_ENEMY_KILL","is_prod":false,"is_daily":false,"chose_seed":false,"campfire_upgraded":6,"win_rate":0,"timestamp":1555238082,"path_taken":["M","?","?","M","$","R","?","M","T","R","?","E","$","E","R","BOSS","M","?","?","?","M","R","E","?","T","R","?","E","$","M","R","BOSS","M","M","M","?","?","R","E","R","T","?","?","$","E","M","R","BOSS"],"build_version":"2019-01-23","purchased_purges":1,"victory":true,"max_hp_per_floor":[71,71,71,71,71,71,71,71,71,71,71,71,71,71,71,71,71,71,71,71,71,71,71,71,71,71,71,71,71,71,71,71,71,71,71,71,71,71,71,71,71,71,71,71,71,71,71,71,71,71],"card_choices":[{"not_picked":["Doom and Gloom","Steam"],"picked":"Glacier","floor":1.0},{"not_picked":["Go for the Eyes","Sweeping Beam"],"picked":"Leap","floor":4.0},{"not_picked":["Redo","Steam"],"picked":"Chaos","floor":7.0},{"not_picked":["Compile Driver","Go for the Eyes"],"picked":"Hello World","floor":8.0},{"not_picked":["Steam Power","Heatsinks"],"picked":"Hello World","floor":12.0},{"not_picked":["Compile Driver","Double Energy"],"picked":"Hello World","floor":14.0},{"not_picked":["Seek","All For One"],"picked":"Biased Cognition","floor":16.0},{"not_picked":["Gash","Streamline"],"picked":"Defragment","floor":18.0},{"not_picked":["Steam","Reinforced Body"],"picked":"Capacitor","floor":22.0},{"not_picked":["Rebound+1","Barrage"],"picked":"Echo Form","floor":24.0},{"not_picked":["Steam+1","Barrage"],"picked":"Static Discharge","floor":28.0},{"not_picked":["Steam Power","Stack"],"picked":"Chaos","floor":29.0},{"not_picked":["Cold Snap","Compile Driver"],"picked":"Heatsinks","floor":31.0},{"not_picked":["All For One","Machine Learning"],"picked":"Buffer","floor":33.0},{"not_picked":["Conserve Battery","Rebound"],"picked":"Leap+1","floor":35.0},{"not_picked":["Barrage","Compile Driver"],"picked":"Storm+1","floor":36.0},{"not_picked":["Go for the Eyes+1","Biased Cognition"],"picked":"White Noise","floor":37.0},{"not_picked":["Ball Lightning","Steam+1"],"picked":"Force Field+1","floor":39.0},{"not_picked":["Turbo","Genetic Algorithm"],"picked":"Compile Driver+1","floor":41.0},{"not_picked":["Scrape","Steam+1","Beam Cell+1"],"picked":"SKIP","floor":45.0},{"not_picked":["All For One","Sweeping Beam","Doom and Gloom"],"picked":"SKIP","floor":47},{"not_picked":["Stack+1","Barrage"],"picked":"Force Field+1","floor":48}],"player_experience":1191986,"relics_obtained":[{"floor":9.0,"key":"Calipers"},{"floor":12.0,"key":"FossilizedHelix"},{"floor":14.0,"key":"Potion Belt"},{"floor":24.0,"key":"Gambling Chip"},{"floor":25.0,"key":"Torii"},{"floor":26.0,"key":"Lantern"},{"floor":29.0,"key":"Unceasing Top"},{"floor":41.0,"key":"Thread and Needle"},{"floor":43.0,"key":"Toxic Egg 2"},{"floor":47,"key":"Ginger"}],"event_choices":[{"damage_healed":0.0,"max_hp_gain":0.0,"max_hp_loss":0.0,"gold_gain":275.0,"event_name":"Golden Shrine","player_choice":"Desecrate","floor":2.0,"gold_loss":0.0,"damage_taken":0.0,"cards_obtained":["Regret"]},{"damage_healed":0.0,"max_hp_gain":0.0,"max_hp_loss":0.0,"gold_gain":0.0,"event_name":"Living Wall","player_choice":"Grow","floor":11.0,"gold_loss":0.0,"damage_taken":0.0,"cards_upgraded":["Hello World"]},{"damage_healed":0.0,"max_hp_gain":0.0,"max_hp_loss":0.0,"gold_gain":0.0,"event_name":"Back to Basics","player_choice":"Simplicity","floor":19.0,"gold_loss":0.0,"damage_taken":0.0,"cards_upgraded":["Strike_B","Strike_B","Strike_B","Strike_B","Defend_B","Defend_B","Defend_B","Defend_B"]},{"damage_healed":0.0,"max_hp_gain":0.0,"max_hp_loss":0.0,"gold_gain":0.0,"event_name":"Addict","player_choice":"Obtained Relic","floor":20.0,"gold_loss":85.0,"damage_taken":0.0,"relics_obtained":["Happy Flower"]},{"damage_healed":0.0,"max_hp_gain":0.0,"max_hp_loss":0.0,"gold_gain":50.0,"event_name":"Nest","player_choice":"Stole From Cult","floor":21.0,"gold_loss":0.0,"damage_taken":0.0},{"damage_healed":0.0,"max_hp_gain":0.0,"max_hp_loss":0.0,"gold_gain":0.0,"event_name":"Upgrade Shrine","player_choice":"Upgraded","floor":38.0,"gold_loss":0.0,"damage_taken":0.0,"cards_upgraded":["Buffer"]},{"damage_healed":0.0,"max_hp_gain":0.0,"max_hp_loss":0.0,"gold_gain":0.0,"event_name":"The Woman in Blue","player_choice":"Bought 3 Potions","floor":44.0,"gold_loss":0.0,"damage_taken":0.0}],"is_beta":false,"boss_relics":[{"not_picked":["Fusion Hammer","Ectoplasm"],"picked":"Eternal Feather"},{"not_picked":["Velvet Choker","Cursed Key"],"picked":"White Beast Statue"}],"items_purged_floors":[5],"is_endless":false,"potions_floor_spawned":[1,7,8,14,22,24,29,35,36,37,39,41,45,47,48],"ascension_level":18}