{"gold_per_floor":[111,131,131,144,163,163,203,228,228,242,242,202,202,217,217,313,313,332,96,112,112,28,28,28],"floor_reached":24,"playtime":697,"items_purged":[],"score":496,"play_id":"fe283ab6-96f8-4e4c-8c32-bf9830156f03","local_time":"20190220141023","is_ascension_mode":true,"campfire_choices":[{"data":"Streamline","floor":6,"key":"SMITH"},{"data":"Zap","floor":11,"key":"SMITH"},{"data":"Biased Cognition","floor":13,"key":"SMITH"},{"data":"Rip and Tear","floor":15,"key":"SMITH"},{"floor":23,"key":"REST"}],"neow_cost":"NONE","seed_source_timestamp":8119007706400,"circlet_count":0,"master_deck":["AscendersBane","Strike_B+1","Strike_B+1","Strike_B+1","Strike_B+1","Defend_B+1","Defend_B+1","Defend_B+1","Defend_B+1","Zap+1","Dualcast","Streamline+1","Cold Snap","Biased Cognition+1","Glacier","Rip and Tear+1","Reboot","Capacitor","Blizzard","Capacitor"],"relics":["Cracked Core","NeowsBlessing","Golden Idol","Pantograph","Busted Crown","Art of War"],"potions_floor_usage":[5,8,14,16,24,24],"damage_taken":[{"damage":0,"enemies":"Cultist","floor":1,"turns":1},{"damage":0,"enemies":"Jaw Worm","floor":2,"turns":1},{"damage":0,"enemies":"2 Louse","floor":4,"turns":1},{"damage":0,"enemies":"2 Fungi Beasts","floor":5,"turns":2},{"damage":42,"enemies":"Lagavulin","floor":7,"turns":6},{"damage":3,"enemies":"Blue Slaver","floor":8,"turns":4},{"damage":12,"enemies":"Exordium Thugs","floor":10,"turns":4},{"damage":1,"enemies":"Gremlin Gang","floor":14,"turns":5},{"damage":0,"enemies":"Slime Boss","floor":16,"turns":4},{"damage":17,"enemies":"Shell Parasite","floor":18,"turns":4},{"damage":22,"enemies":"3 Byrds","floor":20,"turns":4},{"damage":58,"enemies":"Gremlin Leader","floor":24,"turns":9}],"seed_played":"696970312415696022","potions_obtained":[{"floor":1,"key":"AttackPotion"},{"floor":7,"key":"Regen Potion"},{"floor":12,"key":"Block Potion"},{"floor":12,"key":"PowerPotion"},{"floor":16,"key":"Block Potion"},{"floor":18,"key":"SneckoOil"},{"floor":20,"key":"Regen Potion"}],"is_trial":false,"path_per_floor":["M","M","?","M","M","R","E","M","T","M","R","?","R","M","R","B",null,"M","$","M","?","$","R","E"],"character_chosen":"DEFECT","items_purchased":["Blizzard","Art of War","Capacitor"],"campfire_rested":1,"item_purchase_floors":[19,19,22],"current_hp_per_floor":[64,64,64,64,64,64,22,31,31,19,19,19,19,18,18,43,59,42,42,20,20,20,39,0],"gold":28,"neow_bonus":"THREE_ENEMY_KILL","is_prod":false,"is_daily":false,"chose_seed":false,"campfire_upgraded":4,"win_rate":0,"timestamp":1550639423,"path_taken":["M","?","?","M","M","R","E","M","T","M","R","?","R","M","R","BOSS","M","?","?","?","$","R","E"],"build_version":"2019-01-23","purchased_purges":0,"victory":false,"max_hp_per_floor":[71,71,64,64,64,64,64,64,64,64,64,64,64,64,64,64,64,64,64,64,64,64,64,64],"card_choices":[{"not_picked":["Double Energy","Force Field","Rebound"],"picked":"SKIP","floor":1},{"not_picked":["Ball Lightning","Go for the Eyes"],"picked":"Streamline","floor":2},{"not_picked":["Rebound","Blizzard","Barrage"],"picked":"SKIP","floor":4},{"not_picked":["Doom and Gloom","Leap"],"picked":"Cold Snap","floor":5},{"not_picked":["Leap","Redo"],"picked":"Biased Cognition","floor":7},{"not_picked":["Turbo","Barrage"],"picked":"Glacier","floor":8},{"not_picked":["Static Discharge","Double Energy","Hologram"],"picked":"SKIP","floor":10},{"not_picked":["Double Energy","Chaos"],"picked":"Rip and Tear","floor":14},{"not_picked":["Creative AI","Fission"],"picked":"Reboot","floor":16},{"not_picked":[],"picked":"Capacitor","floor":18},{"not_picked":["Beam Cell"],"picked":"SKIP","floor":20}],"player_experience":1665760,"relics_obtained":[{"floor":9,"key":"Pantograph"}],"event_choices":[{"damage_healed":0,"gold_gain":0,"player_choice":"Lose Max HP","damage_taken":0,"relics_obtained":["Golden Idol"],"max_hp_gain":0,"max_hp_loss":7,"event_name":"Golden Idol","floor":3,"gold_loss":0},{"damage_healed":0,"gold_gain":0,"player_choice":"Bought 3 Potions","damage_taken":0,"max_hp_gain":0,"max_hp_loss":0,"event_name":"The Woman in Blue","floor":12,"gold_loss":0},{"damage_healed":0,"gold_gain":0,"player_choice":"Simplicity","damage_taken":0,"max_hp_gain":0,"max_hp_loss":0,"event_name":"Back to Basics","floor":21,"gold_loss":0,"cards_upgraded":["Strike_B","Strike_B","Strike_B","Strike_B","Defend_B","Defend_B","Defend_B","Defend_B"]}],"is_beta":false,"boss_relics":[{"not_picked":["Tiny House","Lizard Tail"],"picked":"Busted Crown"}],"items_purged_floors":[],"is_endless":false,"potions_floor_spawned":[1,7,16,18,20],"killed_by":"Gremlin Leader","ascension_level":20}