{"gold_per_floor":[114,125,275,3,3,3,37,37,61,78,93,106,106,124,124,124],"floor_reached":16,"playtime":861,"items_purged":["Doubt"],"score":204,"play_id":"793f799e-0b04-4111-8617-fa260b724369","local_time":"20190427004927","is_ascension_mode":true,"campfire_choices":[{"floor":6.0,"key":"REST"},{"floor":8.0,"key":"REST"},{"data":"Deadly Poison","floor":13.0,"key":"SMITH"},{"data":"Noxious Fumes","floor":15.0,"key":"SMITH"}],"neow_cost":"NONE","seed_source_timestamp":611299013879088,"circlet_count":0,"master_deck":["AscendersBane","Defend_G","Defend_G","Defend_G","Defend_G","Defend_G","Strike_G","Strike_G","Strike_G","Strike_G","Strike_G","Survivor","Neutralize","Leg Sweep","Deadly Poison+1","Well Laid Plans","Crippling Poison","Quick Slash","Noxious Fumes+1"],"special_seed":0,"relics":["Ring of the Snake","Membership Card","Blue Candle","Bottled Flame","Anchor"],"potions_floor_usage":[16,16],"damage_taken":[{"damage":1.0,"enemies":"2 Louse","floor":1.0,"turns":6.0},{"damage":1.0,"enemies":"Small Slimes","floor":2.0,"turns":7.0},{"damage":29.0,"enemies":"Lagavulin","floor":7.0,"turns":10.0},{"damage":0.0,"enemies":"Jaw Worm","floor":10.0,"turns":4.0},{"damage":2.0,"enemies":"Lots of Slimes","floor":11.0,"turns":3.0},{"damage":9.0,"enemies":"Exordium Thugs","floor":12.0,"turns":11.0},{"damage":0.0,"enemies":"2 Fungi Beasts","floor":14.0,"turns":4.0},{"damage":26,"enemies":"Slime Boss","floor":16,"turns":9}],"seed_played":"667678052198625089","potions_obtained":[{"floor":1.0,"key":"EssenceOfSteel"},{"floor":11.0,"key":"GhostInAJar"},{"floor":12.0,"key":"AttackPotion"},{"floor":14.0,"key":"SkillPotion"}],"is_trial":false,"path_per_floor":["M","M","?","$","?","R","E","R","T","M","M","M","R","M","R","B"],"character_chosen":"THE_SILENT","items_purchased":["Membership Card","Well Laid Plans"],"campfire_rested":2,"item_purchase_floors":[4,4],"current_hp_per_floor":[64,63,63,63,18,39,10,31,31,31,29,20,20,20,20,0],"gold":124,"neow_bonus":"TEN_PERCENT_HP_BONUS","is_prod":false,"is_daily":false,"chose_seed":false,"campfire_upgraded":2,"win_rate":0,"timestamp":1556318967,"path_taken":["M","M","?","$","?","R","E","R","T","M","M","M","R","M","R","BOSS"],"build_version":"2019-01-23","purchased_purges":1,"victory":false,"max_hp_per_floor":[72,72,72,72,72,72,72,72,72,72,72,72,72,72,72,72],"card_choices":[{"not_picked":["Poisoned Stab","Endless Agony"],"picked":"Leg Sweep","floor":1.0},{"not_picked":["Accuracy","Underhanded Strike"],"picked":"Deadly Poison","floor":2.0},{"not_picked":["Eviscerate","Envenom"],"picked":"Crippling Poison","floor":7.0},{"not_picked":["Dodge and Roll","Tactician"],"picked":"Quick Slash","floor":10.0},{"not_picked":["Sucker Punch","PiercingWail","Bullet Time"],"picked":"SKIP","floor":11.0},{"not_picked":["Outmaneuver","Caltrops","Cloak And Dagger"],"picked":"SKIP","floor":12.0},{"not_picked":["Bane","Quick Slash"],"picked":"Noxious Fumes","floor":14.0}],"player_experience":834870,"relics_obtained":[{"floor":7.0,"key":"Bottled Flame"},{"floor":9.0,"key":"Anchor"}],"event_choices":[{"damage_healed":0.0,"max_hp_gain":0.0,"max_hp_loss":0.0,"gold_gain":150.0,"event_name":"Liars Game","player_choice":"AGREE","floor":3.0,"gold_loss":0.0,"damage_taken":0.0,"cards_obtained":["Doubt"]},{"damage_healed":0.0,"max_hp_gain":0.0,"max_hp_loss":0.0,"gold_gain":0.0,"event_name":"Scrap Ooze","player_choice":"Success","floor":5.0,"gold_loss":0.0,"damage_taken":45.0,"relics_obtained":["Blue Candle"]}],"is_beta":false,"boss_relics":[],"items_purged_floors":[4],"is_endless":false,"potions_floor_spawned":[1,11,12,14],"killed_by":"Slime Boss","ascension_level":20}