{"gold_per_floor":[110,385,395,405,151,151,151,178,201,221,283,313,313,325,325,397,397,412,443,443,182,199,232,245,245,245,256,256,3,15,34,34,107,107,127,127,127,139,139,197,197,226,226,245,245,261,361,373,373,373,373,373,373,58,93,93],"floor_reached":57,"playtime":3664,"items_purged":["Regret","Strike_B"],"score":2734,"play_id":"b0486c91-3cfa-4839-adf2-1c11da76bb15","local_time":"20190313225823","is_ascension_mode":true,"campfire_choices":[{"data":"Apotheosis","floor":6,"key":"SMITH"},{"data":"Buffer","floor":13,"key":"SMITH"},{"data":"Zap","floor":15,"key":"SMITH"},{"floor":28,"key":"RECALL"},{"floor":32,"key":"REST"},{"floor":41,"key":"REST"},{"floor":49,"key":"REST"},{"floor":53,"key":"REST"}],"neow_cost":"NONE","seed_source_timestamp":388166004129800,"circlet_count":0,"master_deck":["AscendersBane","Defend_B","Defend_B","Defend_B","Zap+1","Dualcast","Biased Cognition","Cold Snap","Apotheosis+1","FTL","Conserve Battery+1","Buffer+1","Consume+1","Core Surge","Coolheaded+1","Creative AI","Defragment","Blizzard","Bite","Bite","Bite","Bite","Turbo+1","Recycle+1","Coolheaded+1","Coolheaded+1","Madness+1","Madness+1","Double Energy+1","Darkness+1","Coolheaded+1","Capacitor","Stack+1"],"relics":["Cracked Core","NeowsBlessing","Mummified Hand","Ancient Tea Set","Toxic Egg 2","Boot","Fusion Hammer","Red Mask","Thread and Needle","Bronze Scales","Runic Pyramid","Singing Bowl","Tiny Chest","Cables","Blue Candle","Letter Opener","Gambling Chip","Medical Kit","Bottled Lightning"],"potions_floor_usage":[8,11,19,23,42,55,56],"damage_taken":[{"damage":0,"enemies":"Cultist","floor":1,"turns":1},{"damage":0,"enemies":"2 Louse","floor":3,"turns":1},{"damage":0,"enemies":"Jaw Worm","floor":4,"turns":1},{"damage":3,"enemies":"3 Sentries","floor":8,"turns":8},{"damage":1,"enemies":"Looter","floor":10,"turns":3},{"damage":8,"enemies":"3 Sentries","floor":11,"turns":7},{"damage":4,"enemies":"Lagavulin","floor":12,"turns":7},{"damage":0,"enemies":"Gremlin Gang","floor":14,"turns":3},{"damage":22,"enemies":"Slime Boss","floor":16,"turns":8},{"damage":6,"enemies":"Shell Parasite","floor":18,"turns":5},{"damage":8,"enemies":"Masked Bandits","floor":19,"turns":4},{"damage":0,"enemies":"Spheric Guardian","floor":22,"turns":4},{"damage":39,"enemies":"Book of Stabbing","floor":23,"turns":6},{"damage":0,"enemies":"Centurion and Healer","floor":24,"turns":7},{"damage":2,"enemies":"Snake Plant","floor":27,"turns":7},{"damage":11,"enemies":"Shelled Parasite and Fungi","floor":30,"turns":6},{"damage":11,"enemies":"Sentry and Sphere","floor":31,"turns":8},{"damage":36,"enemies":"Collector","floor":33,"turns":12},{"damage":9,"enemies":"3 Darklings","floor":35,"turns":5},{"damage":9,"enemies":"3 Shapes","floor":38,"turns":8},{"damage":0,"enemies":"Giant Head","floor":40,"turns":11},{"damage":19,"enemies":"Reptomancer","floor":42,"turns":9},{"damage":10,"enemies":"Sphere and 2 Shapes","floor":44,"turns":5},{"damage":16,"enemies":"Jaw Worm Horde","floor":46,"turns":6},{"damage":0,"enemies":"Mind Bloom Boss Battle","floor":47,"turns":6},{"damage":15,"enemies":"Maw","floor":48,"turns":6},{"damage":6,"enemies":"Awakened One","floor":50,"turns":15},{"damage":10,"enemies":"Time Eater","floor":51,"turns":11},{"damage":35,"enemies":"Shield and Spear","floor":55,"turns":9},{"damage":82,"enemies":"The Heart","floor":56,"turns":11}],"seed_played":"-369260724130697914","potions_obtained":[{"floor":3,"key":"Dexterity Potion"},{"floor":4,"key":"Block Potion"},{"floor":8,"key":"Dexterity Potion"},{"floor":11,"key":"EssenceOfSteel"},{"floor":14,"key":"Explosive Potion"},{"floor":16,"key":"LiquidBronze"},{"floor":18,"key":"Fire Potion"},{"floor":23,"key":"FearPotion"},{"floor":27,"key":"SneckoOil"},{"floor":33,"key":"GamblersBrew"},{"floor":40,"key":"Swift Potion"},{"floor":44,"key":"AttackPotion"},{"floor":48,"key":"Regen Potion"}],"is_trial":false,"path_per_floor":["M","?","M","M","$","R","?","E","T","M","?","E","R","M","R","B",null,"M","?","?","$","M","E","M","?","T","M","R","$","M","M","R","B",null,"M","?","?","M","T","E","R","E","T","M","T","M","?","M","R","B","B",null,"R","$","E","B",null],"character_chosen":"DEFECT","items_purchased":["Apotheosis","Creative AI","Bronze Scales","Recycle+1","Medical Kit","Capacitor"],"campfire_rested":4,"item_purchase_floors":[5,21,29,29,54,54],"current_hp_per_floor":[64,64,64,64,64,64,53,52,52,53,47,45,45,47,47,27,60,56,50,50,50,52,15,17,17,17,45,45,45,49,61,71,71,71,71,58,58,71,71,73,73,75,75,75,75,75,77,79,79,79,79,79,79,79,71,37],"gold":93,"neow_bonus":"THREE_ENEMY_KILL","is_prod":false,"is_daily":false,"chose_seed":false,"campfire_upgraded":3,"win_rate":0,"timestamp":1552485503,"path_taken":["M","?","?","M","$","R","?","E","T","M","?","E","R","M","R","BOSS","M","?","?","$","?","E","M","?","T","M","R","?","?","M","R","BOSS","M","?","?","M","?","E","R","E","T","?","?","?","?","M","R","BOSS","BOSS","R","$","E","BOSS"],"build_version":"2019-01-23","purchased_purges":2,"victory":true,"max_hp_per_floor":[71,71,71,71,71,71,71,71,71,71,71,71,71,71,71,71,71,71,71,71,71,71,71,71,71,71,71,71,71,71,71,71,71,71,71,71,71,71,71,73,73,75,75,75,75,75,77,79,79,79,79,79,79,79,79,79],"card_choices":[{"not_picked":["Go for the Eyes","Compile Driver","Stack"],"picked":"SKIP","floor":1},{"not_picked":["Gash","Barrage"],"picked":"Biased Cognition","floor":3},{"not_picked":["Streamline","Redo"],"picked":"Cold Snap","floor":4},{"not_picked":["Skim","Conserve Battery"],"picked":"FTL","floor":8},{"not_picked":["Hello World","Go for the Eyes","Hologram"],"picked":"SKIP","floor":10},{"not_picked":["FTL","Beam Cell"],"picked":"Conserve Battery+1","floor":11},{"not_picked":["Recycle+1","Hologram+1"],"picked":"Buffer","floor":12},{"not_picked":["Streamline","Steam+1"],"picked":"Consume+1","floor":14},{"not_picked":["Buffer","Thunder Strike"],"picked":"Core Surge","floor":16},{"not_picked":["Rebound","Undo+1"],"picked":"Coolheaded+1","floor":18},{"not_picked":["Stack+1","Sweeping Beam"],"picked":"Defragment","floor":22},{"not_picked":["Gash","FTL","Multi-Cast+1"],"picked":"SKIP","floor":23},{"not_picked":["Go for the Eyes","Barrage"],"picked":"Blizzard","floor":24},{"not_picked":["Recycle+1","Streamline+1"],"picked":"Turbo+1","floor":27},{"not_picked":["Leap+1","Compile Driver","Sweeping Beam"],"picked":"SKIP","floor":30},{"not_picked":["Compile Driver","Reinforced Body+1"],"picked":"Coolheaded+1","floor":31},{"not_picked":["Redo+1","Compile Driver"],"picked":"Coolheaded+1","floor":35},{"not_picked":["Streamline","Stack+1"],"picked":"Double Energy+1","floor":38},{"not_picked":["Barrage","Ball Lightning","Storm"],"picked":"Singing Bowl","floor":40},{"not_picked":["Turbo+1","Meteor Strike","Blizzard"],"picked":"Singing Bowl","floor":42},{"not_picked":["Leap+1","Stack+1"],"picked":"Darkness+1","floor":44},{"not_picked":["Barrage","Rip and Tear+1"],"picked":"Coolheaded+1","floor":46},{"not_picked":["Redo+1","Fusion+1","Turbo+1"],"picked":"Singing Bowl","floor":47},{"not_picked":["Sweeping Beam","Darkness+1","Conserve Battery+1"],"picked":"Singing Bowl","floor":48},{"not_picked":["Rip and Tear","Reinforced Body+1"],"picked":"Stack+1","floor":55}],"player_experience":2251295,"relics_obtained":[{"floor":8,"key":"Mummified Hand"},{"floor":9,"key":"Ancient Tea Set"},{"floor":12,"key":"Boot"},{"floor":19,"key":"Red Mask"},{"floor":23,"key":"Thread and Needle"},{"floor":39,"key":"Singing Bowl"},{"floor":40,"key":"Tiny Chest"},{"floor":42,"key":"Cables"},{"floor":43,"key":"Blue Candle"},{"floor":45,"key":"Letter Opener"},{"floor":47,"key":"Gambling Chip"},{"floor":55,"key":"Bottled Lightning"}],"event_choices":[{"damage_healed":0,"gold_gain":275,"player_choice":"Desecrate","damage_taken":0,"max_hp_gain":0,"max_hp_loss":0,"event_name":"Golden Shrine","floor":2,"gold_loss":0,"cards_obtained":["Regret"]},{"damage_healed":0,"gold_gain":0,"player_choice":"Success","damage_taken":11,"relics_obtained":["Blood Vial"],"max_hp_gain":0,"max_hp_loss":0,"event_name":"Scrap Ooze","floor":7,"gold_loss":0},{"damage_healed":0,"gold_gain":0,"player_choice":"Searched \u00272\u0027 times","damage_taken":0,"relics_obtained":["Toxic Egg 2"],"max_hp_gain":0,"max_hp_loss":0,"event_name":"Dead Adventurer","floor":11,"gold_loss":0},{"damage_healed":0,"gold_gain":0,"player_choice":"Fought Bandits","damage_taken":0,"max_hp_gain":0,"max_hp_loss":0,"event_name":"Masked Bandits","floor":19,"gold_loss":0},{"cards_removed":["Defend_B"],"damage_healed":0,"gold_gain":0,"player_choice":"Offered Basic","damage_taken":0,"max_hp_gain":0,"max_hp_loss":0,"event_name":"Bonfire Elementals","floor":20,"gold_loss":0},{"damage_healed":0,"gold_gain":0,"player_choice":"Became a vampire (Vial)","damage_taken":0,"max_hp_gain":0,"max_hp_loss":0,"event_name":"Vampires","floor":25,"relics_lost":["Blood Vial"],"gold_loss":0,"cards_obtained":["Bite","Bite","Bite","Bite","Bite"]},{"damage_healed":0,"gold_gain":0,"player_choice":"Embrace Madness","damage_taken":13,"max_hp_gain":0,"max_hp_loss":0,"event_name":"Winding Halls","floor":36,"gold_loss":0,"cards_obtained":["Madness","Madness"]},{"cards_removed":["Bite"],"damage_healed":0,"gold_gain":0,"player_choice":"Removed Attack","damage_taken":0,"max_hp_gain":0,"max_hp_loss":0,"event_name":"Falling","floor":37,"gold_loss":0},{"damage_healed":0,"gold_gain":0,"player_choice":"Fight","damage_taken":0,"max_hp_gain":0,"max_hp_loss":0,"event_name":"MindBloom","floor":47,"gold_loss":0}],"is_beta":false,"boss_relics":[{"not_picked":["Nuclear Battery","Lizard Tail"],"picked":"Fusion Hammer"},{"not_picked":["FrozenCore","Snecko Eye"],"picked":"Runic Pyramid"}],"items_purged_floors":[5,21],"is_endless":false,"potions_floor_spawned":[3,4,8,11,14,16,18,23,27,31,33,40,44,47,48],"ascension_level":20}