{"path_per_floor":["M","M","M","M","M","T","$","?","T","M","R","M","M","M","R","B",null,"M","?","M"],"character_chosen":"DEFECT","items_purchased":["Doom and Gloom"],"gold_per_floor":[110,121,135,152,168,168,25,25,55,71,71,81,100,114,114,215,215,225,225,241,241],"floor_reached":21,"campfire_rested":1,"playtime":1070,"current_hp_per_floor":[68,68,65,54,38,38,38,38,38,27,27,26,14,14,49,60,68,48,48,28,0],"items_purged":["Strike_B"],"gold":241,"score":177,"play_id":"a6aae1c7-8cc2-4c19-aea4-451854222b3f","local_time":"20180430180321","is_prod":false,"is_daily":false,"chose_seed":false,"is_ascension_mode":false,"campfire_upgraded":1,"timestamp":1525082601,"path_taken":["M","?","M","?","M","?","$","?","T","M","R","?","M","M","R","BOSS","M","?","M","M"],"build_version":"2018-04-27v3","seed_source_timestamp":289266159063245,"purchased_purges":1,"victory":false,"master_deck":["Zap+1","Dualcast","Go for the Eyes","Buffer","Sweeping Beam","Impulse","FTL","Doom and Gloom","Defragment+1","Ball Lightning","Chill","Fusion","Beam Cell","Conserve Battery","Rebound","Hello World","Streamline","Impulse+1","Hologram"],"max_hp_per_floor":[68,68,68,68,68,68,68,68,68,68,68,68,68,68,68,68,68,68,68,68,68],"relics":["Cracked Core","Regal Pillow","Tiny Chest","Pandora\u0027s Box"],"card_choices":[{"not_picked":["Stack","Ball Lightning"],"picked":"Sweeping Beam","floor":1},{"not_picked":["Ball Lightning","Cold Snap"],"picked":"Impulse","floor":3},{"not_picked":["Conserve Battery","Skim"],"picked":"FTL","floor":4},{"not_picked":["Streamline","Sweeping Beam"],"picked":"Defragment","floor":10},{"not_picked":["Sunder","Sweeping Beam"],"picked":"Ball Lightning","floor":13},{"not_picked":["Heatsinks","Scrape"],"picked":"Chill","floor":14},{"not_picked":["Thunder Strike","Amplify"],"picked":"Fusion","floor":16},{"not_picked":["Auto Shields","Coolheaded"],"picked":"Impulse","floor":18},{"not_picked":["Coolheaded","FTL"],"picked":"Hologram","floor":20}],"player_experience":299855,"potions_floor_usage":[14,16,16],"damage_taken":[{"damage":0,"enemies":"Cultist","floor":1,"turns":4},{"damage":0,"enemies":"2 Louse","floor":2,"turns":3},{"damage":3,"enemies":"Jaw Worm","floor":3,"turns":4},{"damage":11,"enemies":"3 Louse","floor":4,"turns":4},{"damage":16,"enemies":"Lots of Slimes","floor":5,"turns":4},{"damage":11,"enemies":"Blue Slaver","floor":10,"turns":3},{"damage":1,"enemies":"Exordium Wildlife","floor":12,"turns":3},{"damage":12,"enemies":"2 Fungi Beasts","floor":13,"turns":3},{"damage":0,"enemies":"3 Louse","floor":14,"turns":2},{"damage":4,"enemies":"Hexaghost","floor":16,"turns":7},{"damage":20,"enemies":"2 Thieves","floor":18,"turns":4},{"damage":20,"enemies":"3 Byrds","floor":20,"turns":3},{"damage":29,"enemies":"Snake Plant","floor":21,"turns":2}],"event_choices":[{"event_name":"Living Wall","player_choice":"Grow","floor":8,"damage_taken":0},{"event_name":"Vampires","player_choice":"Ignored","floor":19,"damage_taken":0}],"boss_relics":[{"not_picked":["Velvet Choker","Ectoplasm"],"picked":"Pandora\u0027s Box"}],"potions_floor_spawned":[3,5,10],"seed_played":"-3003014264163404263","killed_by":"Snake Plant","ascension_level":0,"is_trial":false}