{"gold_per_floor":[119,119,119,119,99,140,140,165,247,285,285,309,350,366,366,366],"floor_reached":16,"playtime":679,"items_purged":[],"score":272,"play_id":"4648adf7-b5c4-4b43-b680-8b36c60c266d","local_time":"20181223003932","is_ascension_mode":true,"campfire_choices":[{"data":"Skewer","floor":7,"key":"SMITH"},{"data":"Neutralize","floor":11,"key":"SMITH"},{"floor":15,"key":"REST"}],"neow_cost":"NONE","seed_source_timestamp":23874921728790,"circlet_count":0,"master_deck":["AscendersBane","Defend_G","Defend_G","Defend_G","Defend_G","Defend_G","Strike_G","Strike_G","Strike_G","Strike_G","Strike_G","Survivor","Neutralize+1","Skewer+1","Crippling Poison+1","Predator","Reflex+1","Infinite Blades","Escape Plan+1"],"relics":["Ring of the Snake","NeowsBlessing","Tough Bandages","Golden Idol","Toxic Egg 2","Letter Opener","Bottled Flame","Gambling Chip"],"potions_floor_usage":[10,13,16],"damage_taken":[{"damage":0,"enemies":"Jaw Worm","floor":1,"turns":1},{"damage":0,"enemies":"Lagavulin","floor":6,"turns":1},{"damage":0,"enemies":"2 Louse","floor":8,"turns":1},{"damage":16,"enemies":"3 Sentries","floor":10,"turns":8},{"damage":0,"enemies":"Cultist","floor":12,"turns":3},{"damage":25,"enemies":"Lagavulin","floor":13,"turns":5},{"damage":1,"enemies":"Large Slime","floor":14,"turns":4},{"damage":25,"enemies":"Slime Boss","floor":16,"turns":7}],"seed_played":"-8690393090340702658","potions_obtained":[{"floor":5,"key":"SpeedPotion"},{"floor":6,"key":"SkillPotion"},{"floor":8,"key":"AttackPotion"},{"floor":12,"key":"Energy Potion"}],"is_trial":false,"path_per_floor":["M","$","?","?","?","E","R","M","T","E","R","M","E","M","R","B"],"character_chosen":"THE_SILENT","items_purchased":[],"campfire_rested":1,"item_purchase_floors":[],"current_hp_per_floor":[59,59,48,48,48,48,48,48,48,32,32,32,7,6,24,0],"gold":366,"neow_bonus":"THREE_ENEMY_KILL","is_prod":false,"is_daily":false,"chose_seed":false,"campfire_upgraded":2,"win_rate":0,"timestamp":1545496772,"path_taken":["M","$","?","?","?","E","R","M","T","E","R","M","E","?","R","BOSS"],"build_version":"2018-12-17","purchased_purges":0,"victory":false,"max_hp_per_floor":[66,66,66,60,60,60,60,60,60,60,60,60,60,60,60,60],"card_choices":[{"not_picked":["Backflip","Quick Slash"],"picked":"Skewer","floor":1},{"not_picked":["Bane","Masterful Stab"],"picked":"Crippling Poison","floor":6},{"not_picked":["All Out Attack","Sucker Punch"],"picked":"Predator","floor":8},{"not_picked":["Distraction+1","Dagger Spray"],"picked":"Reflex+1","floor":10},{"not_picked":["PiercingWail+1","Concentrate+1"],"picked":"Infinite Blades","floor":12},{"not_picked":["Finisher","Quick Slash","Envenom"],"picked":"SKIP","floor":13},{"not_picked":["Dagger Spray","Sucker Punch"],"picked":"Escape Plan+1","floor":14}],"player_experience":657884,"relics_obtained":[{"floor":6,"key":"Toxic Egg 2"},{"floor":9,"key":"Letter Opener"},{"floor":10,"key":"Bottled Flame"},{"floor":13,"key":"Gambling Chip"}],"event_choices":[{"damage_healed":0,"gold_gain":0,"player_choice":"Success","damage_taken":11,"relics_obtained":["Tough Bandages"],"max_hp_gain":0,"max_hp_loss":0,"event_name":"Scrap Ooze","floor":3,"gold_loss":0},{"damage_healed":0,"gold_gain":0,"player_choice":"Lose Max HP","damage_taken":0,"relics_obtained":["Golden Idol"],"max_hp_gain":0,"max_hp_loss":6,"event_name":"Golden Idol","floor":4,"gold_loss":0},{"damage_healed":0,"gold_gain":0,"player_choice":"Bought 1 Potion","damage_taken":0,"max_hp_gain":0,"max_hp_loss":0,"event_name":"The Woman in Blue","floor":5,"gold_loss":0}],"is_beta":true,"boss_relics":[],"items_purged_floors":[],"is_endless":false,"potions_floor_spawned":[6,8,12],"killed_by":"Slime Boss","ascension_level":18}