{"gold_per_floor":[114,131,131,206,131,162,221,239,239,13,41,41,74,74],"floor_reached":14,"playtime":402,"items_purged":["Strike_R"],"score":242,"play_id":"da912e92-0ce7-4fc1-80d0-2c11396609ff","local_time":"20190325175022","is_ascension_mode":true,"campfire_choices":[{"floor":12,"key":"REST"}],"neow_cost":"NONE","seed_source_timestamp":82411408341000,"circlet_count":0,"master_deck":["AscendersBane","Strike_R","Strike_R","Strike_R","Strike_R","Defend_R","Defend_R","Defend_R","Defend_R","Bash","Armaments","Feel No Pain","Feel No Pain","Panacea","Corruption","Clothesline+1"],"relics":["Burning Blood","NeowsBlessing","Ancient Tea Set","Molten Egg 2","Kunai","Odd Mushroom","Gambling Chip"],"potions_floor_usage":[8,11,11],"damage_taken":[{"damage":0,"enemies":"2 Louse","floor":1,"turns":1},{"damage":0,"enemies":"Small Slimes","floor":2,"turns":1},{"damage":0,"enemies":"3 Sentries","floor":6,"turns":2},{"damage":56,"enemies":"Gremlin Nob","floor":7,"turns":5},{"damage":2,"enemies":"Jaw Worm","floor":8,"turns":5},{"damage":16,"enemies":"The Mushroom Lair","floor":11,"turns":7},{"damage":16,"enemies":"Lagavulin","floor":13,"turns":9},{"damage":17,"enemies":"Exordium Thugs","floor":14,"turns":4}],"seed_played":"6172560015464440732","potions_obtained":[{"floor":6,"key":"Fire Potion"},{"floor":7,"key":"Poison Potion"},{"floor":11,"key":"Weak Potion"},{"floor":13,"key":"LiquidBronze"}],"is_trial":false,"path_per_floor":["M","M","?","?","?","E","?","M","T","$","?","R","E","M"],"character_chosen":"IRONCLAD","items_purchased":["Panacea","SteroidPotion"],"campfire_rested":1,"item_purchase_floors":[10,10],"current_hp_per_floor":[74,75,75,64,64,70,20,24,24,24,14,36,26,9],"gold":74,"neow_bonus":"THREE_ENEMY_KILL","is_prod":false,"is_daily":false,"chose_seed":false,"campfire_upgraded":0,"win_rate":0,"timestamp":1553503822,"path_taken":["M","M","?","?","?","E","?","?","T","?","?","R","E","M"],"build_version":"2019-01-23","purchased_purges":1,"victory":false,"max_hp_per_floor":[75,75,75,75,75,75,75,75,75,75,75,75,75,75],"card_choices":[{"not_picked":["Havoc","Dual Wield","Wild Strike"],"picked":"SKIP","floor":1},{"not_picked":["Warcry","Cleave"],"picked":"Armaments","floor":2},{"not_picked":["Armaments","Limit Break"],"picked":"Feel No Pain","floor":6},{"not_picked":["Pommel Strike+1","Headbutt+1"],"picked":"Feel No Pain","floor":8},{"not_picked":["Feel No Pain","Burning Pact"],"picked":"Corruption","floor":11},{"not_picked":["Armaments","Rupture"],"picked":"Clothesline+1","floor":13}],"player_experience":2570263,"relics_obtained":[{"floor":6,"key":"Molten Egg 2"},{"floor":7,"key":"Kunai"},{"floor":11,"key":"Odd Mushroom"},{"floor":13,"key":"Gambling Chip"}],"event_choices":[{"damage_healed":0,"gold_gain":0,"player_choice":"Box","damage_taken":0,"relics_obtained":["Ancient Tea Set"],"max_hp_gain":0,"max_hp_loss":0,"event_name":"Big Fish","floor":3,"gold_loss":0,"cards_obtained":["Regret"]},{"damage_healed":0,"gold_gain":75,"player_choice":"Gather Gold","damage_taken":11,"max_hp_gain":0,"max_hp_loss":0,"event_name":"World of Goop","floor":4,"gold_loss":0},{"cards_removed":["Regret"],"damage_healed":0,"gold_gain":0,"player_choice":"Card Removal","damage_taken":0,"max_hp_gain":0,"max_hp_loss":0,"event_name":"The Cleric","floor":5,"gold_loss":75},{"damage_healed":0,"gold_gain":30,"player_choice":"Searched \u00272\u0027 times","damage_taken":0,"max_hp_gain":0,"max_hp_loss":0,"event_name":"Dead Adventurer","floor":7,"gold_loss":0},{"damage_healed":0,"gold_gain":0,"player_choice":"Fought Mushrooms","damage_taken":0,"max_hp_gain":0,"max_hp_loss":0,"event_name":"Mushrooms","floor":11,"gold_loss":0}],"is_beta":false,"boss_relics":[],"items_purged_floors":[10],"is_endless":false,"potions_floor_spawned":[6,7,11,13],"killed_by":"Exordium Thugs","ascension_level":20}