{"gold_per_floor":[118,135,135,85,45,45,55,55,55,85,96,123,39,55,55,157,157,157,157,157,157,157,157],"floor_reached":23,"playtime":668,"items_purged":[],"score":327,"play_id":"bb298bd0-c97d-45e8-babf-2fa7847511dc","local_time":"20190203164517","is_ascension_mode":true,"campfire_choices":[{"data":"Juggernaut","floor":6,"key":"SMITH"},{"data":"Feed","floor":8,"key":"SMITH"},{"data":"Body Slam","floor":15,"key":"SMITH"}],"neow_cost":"NONE","seed_source_timestamp":114885226714300,"circlet_count":0,"master_deck":["AscendersBane","Strike_R","Strike_R","Strike_R","Defend_R","Defend_R","Defend_R","Defend_R","Bash","Juggernaut+1","Body Slam+1","Feed+1","Seeing Red","Shrug It Off","Evolve","Battle Trance","Barricade","Disarm"],"relics":["Burning Blood","Ancient Tea Set","Potion Belt","Ectoplasm","Bag of Marbles"],"potions_floor_usage":[10,10,12,12,16],"damage_taken":[{"damage":10,"enemies":"Cultist","floor":1,"turns":5},{"damage":4,"enemies":"2 Louse","floor":2,"turns":3},{"damage":1,"enemies":"Small Slimes","floor":7,"turns":4},{"damage":30,"enemies":"3 Sentries","floor":10,"turns":8},{"damage":13,"enemies":"Red Slaver","floor":11,"turns":3},{"damage":22,"enemies":"Gremlin Nob","floor":12,"turns":4},{"damage":19,"enemies":"Exordium Wildlife","floor":14,"turns":7},{"damage":20,"enemies":"Slime Boss","floor":16,"turns":9},{"damage":26,"enemies":"Spheric Guardian","floor":18,"turns":5},{"damage":34,"enemies":"3 Byrds","floor":21,"turns":6},{"damage":33,"enemies":"Snake Plant","floor":22,"turns":6},{"damage":0,"enemies":"Slavers","floor":23,"turns":1}],"seed_played":"6919387016986057358","potions_obtained":[{"floor":2,"key":"Block Potion"},{"floor":5,"key":"Fire Potion"},{"floor":5,"key":"SkillPotion"},{"floor":10,"key":"Regen Potion"},{"floor":16,"key":"Ancient Potion"},{"floor":18,"key":"Weak Potion"}],"is_trial":false,"path_per_floor":["M","M","?","?","?","R","M","R","T","E","M","E","$","M","R","B",null,"M","?","T","M","M","E"],"character_chosen":"IRONCLAD","items_purchased":["PowerPotion","Evolve"],"campfire_rested":0,"item_purchase_floors":[13,13],"current_hp_per_floor":[68,70,63,63,63,63,68,68,68,48,45,41,41,32,32,22,78,62,62,62,38,11,11],"gold":157,"neow_bonus":"ONE_RANDOM_RARE_CARD","is_prod":false,"is_daily":false,"chose_seed":false,"campfire_upgraded":3,"win_rate":0,"timestamp":1549179917,"path_taken":["M","M","?","?","?","R","M","R","T","E","?","E","$","M","R","BOSS","M","?","?","?","M","E"],"build_version":"2019-01-23","purchased_purges":0,"victory":false,"max_hp_per_floor":[80,80,80,80,80,80,80,80,80,84,88,88,88,92,92,96,96,100,100,100,104,104,104],"card_choices":[{"not_picked":["Havoc","Armaments"],"picked":"Body Slam","floor":1},{"not_picked":["Sword Boomerang","Bloodletting","Thunderclap"],"picked":"SKIP","floor":2},{"not_picked":["Armaments","Cleave"],"picked":"Feed","floor":7},{"not_picked":["Cleave","Flex"],"picked":"Seeing Red","floor":10},{"not_picked":["True Grit","Twin Strike"],"picked":"Shrug It Off","floor":11},{"not_picked":["Limit Break","Wild Strike","Fire Breathing"],"picked":"SKIP","floor":12},{"not_picked":["Pommel Strike","Spot Weakness"],"picked":"Battle Trance","floor":14},{"not_picked":["Juggernaut","Fiend Fire"],"picked":"Barricade","floor":16},{"not_picked":["Perfected Strike","Twin Strike","Pommel Strike"],"picked":"SKIP","floor":18},{"not_picked":["Heavy Blade","Iron Wave","Clothesline"],"picked":"SKIP","floor":21},{"not_picked":["Heavy Blade+1","Sword Boomerang+1","Warcry+1"],"picked":"SKIP","floor":22}],"player_experience":26808,"relics_obtained":[{"floor":10,"key":"Ancient Tea Set"},{"floor":12,"key":"Potion Belt"},{"floor":20,"key":"Bag of Marbles"}],"event_choices":[{"cards_removed":["Strike_R"],"damage_healed":0,"gold_gain":0,"player_choice":"Card Removal","damage_taken":7,"max_hp_gain":0,"max_hp_loss":0,"event_name":"Golden Wing","floor":3,"gold_loss":0},{"cards_removed":["Strike_R"],"damage_healed":0,"gold_gain":0,"player_choice":"Card Removal","damage_taken":0,"max_hp_gain":0,"max_hp_loss":0,"event_name":"The Cleric","floor":4,"gold_loss":50},{"damage_healed":0,"gold_gain":0,"player_choice":"Bought 3 Potions","damage_taken":0,"max_hp_gain":0,"max_hp_loss":0,"event_name":"The Woman in Blue","floor":5,"gold_loss":0},{"damage_healed":0,"gold_gain":0,"player_choice":"Read","damage_taken":0,"max_hp_gain":0,"max_hp_loss":0,"event_name":"The Library","floor":19,"gold_loss":0,"cards_obtained":["Disarm"]}],"is_beta":false,"boss_relics":[{"not_picked":["Runic Pyramid","Velvet Choker"],"picked":"Ectoplasm"}],"items_purged_floors":[],"is_endless":false,"potions_floor_spawned":[2,10,16,18],"killed_by":"Slavers","ascension_level":10}