{"gold_per_floor":[216,216,216,216,232,265,44,44,44,67,101,122,122,122,122,215,215,236,25,40,55,55,55,55,55,81,4,47,71,94,137,137,228,228,228],"floor_reached":35,"playtime":1383,"items_purged":["Defend_B"],"score":966,"play_id":"df82602a-9f1e-47bc-b855-80107543b657","local_time":"20190221143329","is_ascension_mode":true,"campfire_choices":[{"data":"Melter","floor":8,"key":"SMITH"},{"data":"Beam Cell","floor":13,"key":"SMITH"},{"data":"Zap","floor":15,"key":"SMITH"},{"data":"Buffer","floor":23,"key":"SMITH"},{"data":"Loop","floor":32,"key":"SMITH"}],"neow_cost":"NONE","seed_source_timestamp":95219790862400,"circlet_count":0,"master_deck":["AscendersBane","Defend_B+1","Defend_B","Zap+1","Dualcast","Coolheaded","Beam Cell+1","Coolheaded","Melter+1","FTL","BootSequence","Buffer+1","Rip and Tear","Loop+1","Coolheaded","Bite","Bite","Bite","Bite","Bite","Capacitor","Chill","Rainbow","Coolheaded","Buffer+1","Conserve Battery+1"],"relics":["Cracked Core","Golden Idol","Bronze Scales","Pen Nib","Potion Belt","Kunai","Coffee Dripper","Sling","Oddly Smooth Stone","Frozen Egg 2","Red Mask","Orrery"],"potions_floor_usage":[6,18,25,25,28,28,28,28],"damage_taken":[{"damage":13,"enemies":"Small Slimes","floor":1,"turns":4},{"damage":0,"enemies":"2 Louse","floor":5,"turns":2},{"damage":6,"enemies":"Gremlin Nob","floor":6,"turns":3},{"damage":0,"enemies":"Jaw Worm","floor":10,"turns":3},{"damage":18,"enemies":"Lagavulin","floor":11,"turns":4},{"damage":0,"enemies":"3 Louse","floor":12,"turns":2},{"damage":0,"enemies":"Hexaghost","floor":16,"turns":7},{"damage":16,"enemies":"2 Thieves","floor":18,"turns":3},{"damage":0,"enemies":"Spheric Guardian","floor":20,"turns":1},{"damage":12,"enemies":"Snake Plant","floor":21,"turns":3},{"damage":0,"enemies":"Colosseum Slavers","floor":25,"turns":5},{"damage":17,"enemies":"Gremlin Leader","floor":28,"turns":6},{"damage":16,"enemies":"Centurion and Healer","floor":29,"turns":11},{"damage":9,"enemies":"Sentry and Sphere","floor":30,"turns":3},{"damage":18,"enemies":"Masked Bandits","floor":31,"turns":5},{"damage":22,"enemies":"Champ","floor":33,"turns":14},{"damage":0,"enemies":"3 Darklings","floor":35,"turns":2}],"seed_played":"4184845242459327059","potions_obtained":[{"floor":5,"key":"Fire Potion"},{"floor":6,"key":"AttackPotion"},{"floor":11,"key":"Energy Potion"},{"floor":16,"key":"EntropicBrew"},{"floor":18,"key":"AttackPotion"},{"floor":30,"key":"SteroidPotion"}],"is_trial":false,"path_per_floor":["M","?","?","T","M","E","$","R","T","M","E","M","R","?","R","B",null,"M","$","M","M","?","R","$","?","T","$","E","M","M","?","R","B",null,"M"],"character_chosen":"DEFECT","items_purchased":["Melter","SteroidPotion","Sling","Capacitor"],"campfire_rested":0,"item_purchase_floors":[7,7,19,27],"current_hp_per_floor":[51,51,32,32,32,26,26,26,26,26,8,8,8,8,8,8,50,34,34,34,22,22,22,22,34,34,34,33,44,39,33,33,44,44,44],"gold":228,"neow_bonus":"HUNDRED_GOLD","is_prod":false,"is_daily":false,"chose_seed":false,"campfire_upgraded":5,"win_rate":0,"timestamp":1550727209,"path_taken":["M","?","?","?","M","E","$","R","T","M","E","M","R","?","R","BOSS","M","$","M","?","?","R","$","?","T","?","E","M","M","?","R","BOSS","M"],"build_version":"2019-01-23","purchased_purges":1,"victory":false,"max_hp_per_floor":[71,64,64,64,64,64,64,64,64,64,64,64,64,64,64,64,64,64,64,64,64,44,44,44,44,44,44,44,44,44,44,44,44,44,44],"card_choices":[{"not_picked":["Hologram","BootSequence"],"picked":"Coolheaded","floor":1},{"not_picked":["Compile Driver","Lockon"],"picked":"Beam Cell","floor":5},{"not_picked":["FTL","Force Field"],"picked":"Coolheaded","floor":6},{"not_picked":["Turbo","Sweeping Beam","Scrape"],"picked":"SKIP","floor":10},{"not_picked":["Beam Cell","Ball Lightning"],"picked":"FTL","floor":11},{"not_picked":["Thunder Strike","Double Energy"],"picked":"BootSequence","floor":12},{"not_picked":["Amplify","Meteor Strike"],"picked":"Buffer","floor":16},{"not_picked":["Hello World","Scrape"],"picked":"Rip and Tear","floor":18},{"not_picked":["Beam Cell","Leap+1"],"picked":"Loop","floor":20},{"not_picked":["Hello World","Streamline"],"picked":"Coolheaded","floor":21},{"not_picked":["Rebound","Redo"],"picked":"Chill","floor":28},{"not_picked":["Stack+1","Double Energy","Go for the Eyes"],"picked":"SKIP","floor":29},{"not_picked":["Stack+1","Double Energy","Go for the Eyes"],"picked":"SKIP","floor":29},{"not_picked":["Undo","Coolheaded"],"picked":"Rainbow","floor":30},{"not_picked":["Chill","Leap"],"picked":"Coolheaded","floor":31},{"not_picked":["Meteor Strike","Rainbow"],"picked":"Buffer+1","floor":33},{"not_picked":["Reprogram","Chaos"],"picked":"Conserve Battery+1","floor":34}],"player_experience":1690811,"relics_obtained":[{"floor":4,"key":"Bronze Scales"},{"floor":6,"key":"Pen Nib"},{"floor":9,"key":"Potion Belt"},{"floor":11,"key":"Kunai"},{"floor":26,"key":"Oddly Smooth Stone"},{"floor":28,"key":"Frozen Egg 2"},{"floor":31,"key":"Red Mask"}],"event_choices":[{"damage_healed":0,"gold_gain":0,"player_choice":"Lose Max HP","damage_taken":0,"relics_obtained":["Golden Idol"],"max_hp_gain":0,"max_hp_loss":7,"event_name":"Golden Idol","floor":2,"gold_loss":0},{"damage_healed":0,"gold_gain":0,"player_choice":"Entered Light","damage_taken":19,"max_hp_gain":0,"max_hp_loss":0,"event_name":"Shining Light","floor":3,"gold_loss":0,"cards_upgraded":["Strike_B","Defend_B"]},{"cards_removed":["Defend_B"],"damage_healed":0,"gold_gain":0,"player_choice":"Purged","damage_taken":0,"max_hp_gain":0,"max_hp_loss":0,"event_name":"Purifier","floor":14,"gold_loss":0},{"damage_healed":0,"gold_gain":0,"player_choice":"Became a vampire","damage_taken":0,"max_hp_gain":0,"max_hp_loss":20,"event_name":"Vampires","floor":22,"gold_loss":0,"cards_obtained":["Bite","Bite","Bite","Bite","Bite"]},{"damage_healed":0,"gold_gain":0,"player_choice":"Fight","damage_taken":0,"max_hp_gain":0,"max_hp_loss":0,"event_name":"Colosseum","floor":25,"gold_loss":0},{"damage_healed":0,"gold_gain":0,"player_choice":"Fled From Nobs","damage_taken":0,"max_hp_gain":0,"max_hp_loss":0,"event_name":"Colosseum","floor":25,"gold_loss":0},{"damage_healed":0,"gold_gain":0,"player_choice":"Fought Bandits","damage_taken":0,"max_hp_gain":0,"max_hp_loss":0,"event_name":"Masked Bandits","floor":31,"gold_loss":0}],"is_beta":false,"boss_relics":[{"not_picked":["Snecko Eye","Busted Crown"],"picked":"Coffee Dripper"},{"not_picked":["Tiny House","Black Star"],"picked":"Orrery"}],"items_purged_floors":[7],"is_endless":false,"potions_floor_spawned":[5,6,11,16,18,21,25,30],"killed_by":"3 Darklings","ascension_level":20}