{"path_per_floor":["M","M","?","M","M","R","M","R","T","M","R","M","M","?","R","B",null,"M","?","$","M","M","R","E","R","T","M","M","M","?","M","R"],"character_chosen":"IRONCLAD","items_purchased":["Offering"],"gold_per_floor":[112,125,125,144,165,165,178,178,229,243,243,258,274,274,274,394,394,417,417,184,200,220,220,264,264,264,287,303,317,242,266,266],"floor_reached":33,"campfire_rested":1,"playtime":2425,"current_hp_per_floor":[75,80,60,57,62,62,57,57,57,48,48,32,29,29,29,11,80,67,67,67,57,59,59,28,28,28,23,25,19,19,21,45],"items_purged":["Writhe"],"gold":266,"play_id":"d7497905-0313-4f58-889a-22246ca6c6bb","is_prod":false,"is_daily":false,"is_ascension_mode":false,"campfire_upgraded":6,"path_taken":["M","M","?","M","M","R","M","R","T","M","R","M","M","?","R","BOSS","M","?","$","M","M","R","E","R","T","M","M","M","?","M","R","BOSS"],"build_version":"2018-02-01-PROD3","purchased_purges":1,"victory":false,"master_deck":["Strike_R","Strike_R","Defend_R","Defend_R","Defend_R","Defend_R+1","Bash+1","Whirlwind","Seeing Red+1","Flex+1","Headbutt","Thunderclap","Clash","Inflame+1","Shrug It Off","Heavy Blade+1","Demon Form+1","Rupture","Offering","Heavy Blade+1","Pommel Strike+1","Metallicize","Shockwave+1","Rage+1","Spot Weakness"],"max_hp_per_floor":[80,80,80,80,80,80,80,80,80,80,80,80,80,80,80,80,80,80,80,80,80,80,80,80,80,80,80,80,80,80,80,80],"relics":["Burning Blood","Golden Idol","Bag of Marbles","White Beast Statue","Ice Cream","War Paint"],"card_choices":[{"not_picked":["Body Slam","Intimidate"],"picked":"Flex"},{"not_picked":["Warcry","Sentinel"],"picked":"Headbutt"},{"not_picked":["Shockwave","Sword Boomerang"],"picked":"Thunderclap"},{"not_picked":["Perfected Strike","Body Slam"],"picked":"Clash"},{"not_picked":["Rage","Sword Boomerang"],"picked":"Inflame"},{"not_picked":["Whirlwind","Warcry"],"picked":"Shrug It Off"},{"not_picked":["True Grit","Brutality"],"picked":"Heavy Blade"},{"not_picked":["Juggernaut","Berserk"],"picked":"Demon Form"},{"not_picked":["Battle Trance","Infernal Blade"],"picked":"Rupture"},{"not_picked":["Battle Trance","Rage"],"picked":"Heavy Blade"},{"not_picked":["Armaments","Sword Boomerang"],"picked":"Pommel Strike"},{"not_picked":["Sword Boomerang","Intimidate"],"picked":"Metallicize"},{"not_picked":["Corruption","Twin Strike"],"picked":"Shockwave"},{"not_picked":["Clash","Flex"],"picked":"Rage"},{"not_picked":["Twin Strike","Heavy Blade"],"picked":"Spot Weakness"}],"player_experience":103682,"potions_floor_usage":[7,16,18,22,22,24,27,31,33,33,33],"damage_taken":[{"damage":11,"enemies":"Jaw Worm","floor":1,"turns":2},{"damage":0,"enemies":"Small Slimes","floor":2,"turns":3},{"damage":9,"enemies":"2 Louse","floor":4,"turns":3},{"damage":1,"enemies":"2 Fungi Beasts","floor":5,"turns":2},{"damage":11,"enemies":"Large Slime","floor":7,"turns":4},{"damage":15,"enemies":"Looter","floor":10,"turns":3},{"damage":22,"enemies":"Exordium Thugs","floor":12,"turns":4},{"damage":9,"enemies":"3 Louse","floor":13,"turns":2},{"damage":24,"enemies":"Hexaghost","floor":16,"turns":8},{"damage":19,"enemies":"Spheric Guardian","floor":18,"turns":4},{"damage":16,"enemies":"2 Thieves","floor":21,"turns":3},{"damage":4,"enemies":"Cultist and Chosen","floor":22,"turns":5},{"damage":37,"enemies":"Book of Stabbing","floor":24,"turns":4},{"damage":11,"enemies":"Snecko","floor":27,"turns":4},{"damage":4,"enemies":"Snake Plant","floor":28,"turns":1},{"damage":12,"enemies":"3 Cultists","floor":29,"turns":5},{"damage":4,"enemies":"Snecko","floor":31,"turns":4},{"damage":68,"enemies":"Champ","floor":33,"turns":7}],"event_choices":[{"event_name":"Golden Idol","player_choice":"Take Damage","floor":3,"damage_taken":0},{"event_name":"Liars Game","player_choice":"disagreed","floor":14,"damage_taken":0},{"event_name":"The Woman in Blue","player_choice":"Bought 0 Potions","floor":19,"damage_taken":0},{"event_name":"Beggar","player_choice":"Gave Gold","floor":30,"damage_taken":0}],"boss_relics":[{"not_picked":["Runic Cube","Calling Bell"],"picked":"White Beast Statue"}],"potions_floor_spawned":[2,10,12,18,21,22,24,27,28,29,31],"seed_played":"5832116816471759144","killed_by":"Champ","ascension_level":0,"is_trial":false}