{"gold_per_floor":[109,125,125,143,143,143,159,159,159,177,194,194,194,194,194,266,266,282,282,282,282,29,29,56,56,134,134,147,160,178,178,178,178],"floor_reached":33,"playtime":1817,"items_purged":["Defend_B"],"score":446,"play_id":"91d473c4-5bdd-4adb-a566-a3ca96e12c0b","local_time":"20181117193655","is_ascension_mode":true,"campfire_choices":[{"floor":6.0,"key":"REST"},{"floor":13.0,"key":"REST"},{"floor":15.0,"key":"REST"},{"floor":23,"key":"REST"},{"floor":25,"key":"REST"},{"floor":27,"key":"REST"},{"floor":32,"key":"REST"}],"neow_cost":"NONE","seed_source_timestamp":150935856538,"circlet_count":0,"master_deck":["AscendersBane","Strike_B","Strike_B","Strike_B","Defend_B+1","Defend_B","Defend_B","Zap","Dualcast","Blind","Gash","Redo+1","Reboot","Go for the Eyes","White Noise","Beam Cell","Go for the Eyes","Reprogram","All For One","Go for the Eyes","Beam Cell","Beam Cell","Deep Breath","Steam","Steam","Gash"],"special_seed":0,"relics":["Cracked Core","Sundial","Frozen Egg 2","Mercury Hourglass","Orrery","The Courier","Dodecahedron","Pear"],"potions_floor_usage":[16,24,24,30],"damage_taken":[{"damage":0.0,"enemies":"Cultist","floor":1.0,"turns":3.0},{"damage":0.0,"enemies":"2 Louse","floor":2.0,"turns":1.0},{"damage":8.0,"enemies":"Small Slimes","floor":4.0,"turns":3.0},{"damage":15.0,"enemies":"2 Fungi Beasts","floor":7.0,"turns":3.0},{"damage":16.0,"enemies":"3 Louse","floor":10.0,"turns":3.0},{"damage":7.0,"enemies":"Exordium Wildlife","floor":11.0,"turns":4.0},{"damage":46,"enemies":"Slime Boss","floor":16,"turns":8},{"damage":13,"enemies":"3 Byrds","floor":18,"turns":4},{"damage":46,"enemies":"Slavers","floor":24,"turns":5},{"damage":24,"enemies":"Shell Parasite","floor":28,"turns":5},{"damage":0,"enemies":"Chosen and Byrds","floor":29,"turns":4},{"damage":17,"enemies":"Snecko","floor":30,"turns":5},{"damage":76,"enemies":"Collector","floor":33,"turns":5}],"seed_played":"4677578351461582253","potions_obtained":[{"floor":4.0,"key":"SneckoOil"},{"floor":10.0,"key":"Ancient Potion"},{"floor":16,"key":"Strength Potion"},{"floor":24,"key":"SteroidPotion"}],"is_trial":false,"path_per_floor":["M","M","T","M","?","R","M","?","T","M","M","?","R","?","R","B",null,"M","?","?","T","$","R","E","R","T","R","M","M","M","?","R","B"],"character_chosen":"DEFECT","items_purchased":["Go for the Eyes","Beam Cell","Beam Cell","Deep Breath"],"campfire_rested":7,"item_purchase_floors":[22,22,22,22],"current_hp_per_floor":[64,64,64,56,35,56,41,64,64,48,41,41,62,55,71,25,60,47,47,47,47,47,68,22,43,53,77,53,53,36,36,60,0],"gold":178,"neow_bonus":"RANDOM_COLORLESS","is_prod":false,"is_daily":false,"chose_seed":false,"campfire_upgraded":0,"win_rate":0,"timestamp":1542476215,"path_taken":["M","M","?","?","?","R","M","?","T","M","M","?","R","?","R","BOSS","M","?","?","?","$","R","E","R","T","R","?","M","M","?","R","BOSS"],"build_version":"2018-11-15","purchased_purges":1,"victory":false,"max_hp_per_floor":[71,71,71,71,71,71,71,71,71,71,71,71,71,71,71,71,71,71,71,71,71,71,71,71,71,81,81,81,81,81,81,81,81],"card_choices":[{"not_picked":["Coolheaded","Turbo"],"picked":"Gash","floor":1.0},{"not_picked":["Compile Driver","Sweeping Beam"],"picked":"Redo","floor":2.0},{"not_picked":["Melter","Hologram"],"picked":"Reboot","floor":4.0},{"not_picked":["Coolheaded","Conserve Battery"],"picked":"Go for the Eyes","floor":7.0},{"not_picked":["Sunder","Rebound"],"picked":"White Noise","floor":10.0},{"not_picked":["Streamline","Cold Snap"],"picked":"Beam Cell","floor":11.0},{"not_picked":["Tempest","Consume"],"picked":"Go for the Eyes","floor":17},{"not_picked":["Redo","Coolheaded"],"picked":"Reprogram","floor":17},{"not_picked":["Doom and Gloom","Hologram"],"picked":"All For One","floor":17},{"not_picked":["Consume","Compile Driver","Loop+1"],"picked":"SKIP","floor":18},{"not_picked":["Leap","White Noise"],"picked":"Steam","floor":24},{"not_picked":["Rebound","Lockon","Hologram"],"picked":"SKIP","floor":28},{"not_picked":["Sweeping Beam","Hologram"],"picked":"Steam","floor":29},{"not_picked":["Defragment+1","Machine Learning+1"],"picked":"Gash","floor":30}],"player_experience":772514,"relics_obtained":[{"floor":3.0,"key":"Sundial"},{"floor":9.0,"key":"Frozen Egg 2"},{"floor":21,"key":"The Courier"},{"floor":24,"key":"Dodecahedron"},{"floor":26,"key":"Pear"}],"event_choices":[{"damage_healed":0.0,"max_hp_gain":0.0,"max_hp_loss":0.0,"gold_gain":0.0,"event_name":"Shining Light","player_choice":"Entered Light","floor":5.0,"gold_loss":0.0,"damage_taken":21.0,"cards_upgraded":["Defend_B","Redo"]},{"damage_healed":23.0,"max_hp_gain":0.0,"max_hp_loss":0.0,"gold_gain":0.0,"event_name":"Big Fish","player_choice":"Banana","floor":8.0,"gold_loss":0.0,"damage_taken":0.0},{"damage_healed":0.0,"max_hp_gain":0.0,"max_hp_loss":0.0,"gold_gain":0.0,"event_name":"Dead Adventurer","player_choice":"Searched \u00271\u0027 times","floor":12.0,"gold_loss":0.0,"damage_taken":0.0,"relics_obtained":["Mercury Hourglass"]},{"cards_removed":["Strike_B"],"damage_healed":0.0,"max_hp_gain":0.0,"max_hp_loss":0.0,"gold_gain":0.0,"event_name":"Golden Wing","player_choice":"Card Removal","floor":14.0,"gold_loss":0.0,"damage_taken":7.0},{"damage_healed":0,"gold_gain":0,"player_choice":"Ignored","damage_taken":0,"max_hp_gain":0,"max_hp_loss":0,"event_name":"Ghosts","floor":19,"gold_loss":0},{"damage_healed":0,"gold_gain":0,"player_choice":"Ignored","damage_taken":0,"max_hp_gain":0,"max_hp_loss":0,"event_name":"The Mausoleum","floor":20,"gold_loss":0},{"damage_healed":0,"gold_gain":0,"player_choice":"Ignored","damage_taken":0,"max_hp_gain":0,"max_hp_loss":0,"event_name":"Vampires","floor":31,"gold_loss":0}],"is_beta":false,"boss_relics":[{"not_picked":["Calling Bell","Busted Crown"],"picked":"Orrery"}],"items_purged_floors":[22],"is_endless":false,"potions_floor_spawned":[4,10,11,16,24],"killed_by":"Collector","ascension_level":15}