{"gold_per_floor":[115,390,87,98,114,114,144,144,144,156,190,209,209,209,209,280,280,299,146,246,246,246,246,281,281,281,294,294,306,319,319,319,319],"floor_reached":33,"playtime":786,"items_purged":["Regret","Strike_R"],"score":546,"play_id":"5a2ee0f0-c8a5-4163-bbfc-e370a511a0e3","local_time":"20190328201648","is_ascension_mode":true,"campfire_choices":[{"data":"Carnage","floor":6,"key":"SMITH"},{"data":"Bash","floor":8,"key":"SMITH"},{"data":"Whirlwind","floor":13,"key":"SMITH"},{"data":"True Grit","floor":15,"key":"SMITH"},{"floor":23,"key":"REST"},{"floor":25,"key":"REST"},{"data":"Demon Form","floor":32,"key":"SMITH"}],"neow_cost":"NONE","seed_source_timestamp":4687187565900,"circlet_count":0,"master_deck":["AscendersBane","Strike_R","Strike_R","Strike_R","Defend_R","Defend_R","Defend_R","Defend_R","Bash+1","Shrug It Off","Dropkick","Carnage+1","Dual Wield","Whirlwind+1","True Grit+1","Impervious","Seeing Red+1","Rampage","Shrug It Off","Demon Form+1","Double Tap"],"relics":["Burning Blood","NeowsBlessing","TheAbacus","Bag of Marbles","Dodecahedron","Runic Dome","WingedGreaves","Gremlin Horn","Oddly Smooth Stone","Bronze Scales"],"potions_floor_usage":[16,16,16,16,27,33,33],"damage_taken":[{"damage":0,"enemies":"Small Slimes","floor":1,"turns":1},{"damage":0,"enemies":"Cultist","floor":4,"turns":1},{"damage":0,"enemies":"Jaw Worm","floor":5,"turns":1},{"damage":8,"enemies":"Gremlin Nob","floor":7,"turns":3},{"damage":11,"enemies":"2 Fungi Beasts","floor":10,"turns":3},{"damage":35,"enemies":"3 Sentries","floor":11,"turns":8},{"damage":8,"enemies":"Blue Slaver","floor":12,"turns":3},{"damage":36,"enemies":"Slime Boss","floor":16,"turns":10},{"damage":17,"enemies":"Spheric Guardian","floor":18,"turns":6},{"damage":13,"enemies":"Colosseum Slavers","floor":20,"turns":3},{"damage":7,"enemies":"Colosseum Nobs","floor":20,"turns":4},{"damage":18,"enemies":"Gremlin Leader","floor":24,"turns":4},{"damage":2,"enemies":"Shell Parasite","floor":27,"turns":3},{"damage":0,"enemies":"Snecko","floor":29,"turns":2},{"damage":0,"enemies":"Cultist and Chosen","floor":30,"turns":5},{"damage":40,"enemies":"Automaton","floor":33,"turns":6}],"seed_played":"-8150409966577846990","potions_obtained":[{"floor":1,"key":"Dexterity Potion"},{"floor":10,"key":"EntropicBrew"},{"floor":18,"key":"Block Potion"},{"floor":20,"key":"Explosive Potion"},{"floor":27,"key":"FearPotion"}],"is_trial":false,"path_per_floor":["M","?","$","M","M","R","E","R","T","M","E","M","R","?","R","B",null,"M","$","?","?","?","R","E","R","T","M","?","M","M","?","R","B"],"character_chosen":"IRONCLAD","items_purchased":["TheAbacus","Fire Potion"],"campfire_rested":2,"item_purchase_floors":[3,19],"current_hp_per_floor":[74,74,74,75,75,75,73,73,73,68,39,37,37,37,37,7,58,47,47,39,18,18,42,30,54,54,58,58,64,70,70,70,30],"gold":319,"neow_bonus":"THREE_ENEMY_KILL","is_prod":false,"is_daily":false,"chose_seed":false,"campfire_upgraded":5,"win_rate":0,"timestamp":1553771808,"path_taken":["M","?","?","?","M","R","E","R","T","M","E","M","R","?","R","BOSS","M","$","?","?","?","R","E","R","T","M","?","?","M","?","R","BOSS"],"build_version":"2019-01-23","purchased_purges":2,"victory":false,"max_hp_per_floor":[75,75,75,75,75,75,75,75,75,75,75,75,75,75,75,75,75,75,75,75,80,80,80,80,80,80,80,80,80,80,80,80,80],"card_choices":[{"not_picked":["Ghostly Armor","Fire Breathing"],"picked":"Shrug It Off","floor":1},{"not_picked":["Ghostly Armor","Thunderclap"],"picked":"Dropkick","floor":4},{"not_picked":["Heavy Blade","Body Slam"],"picked":"Carnage","floor":5},{"not_picked":["Wild Strike","Exhume"],"picked":"Dual Wield","floor":7},{"not_picked":["Pommel Strike","Flex","Havoc"],"picked":"SKIP","floor":10},{"not_picked":["Havoc","Bloodletting"],"picked":"Whirlwind","floor":11},{"not_picked":["Armaments","Clothesline"],"picked":"True Grit","floor":12},{"not_picked":["Bludgeon","Demon Form"],"picked":"Impervious","floor":16},{"not_picked":["Sword Boomerang","Rage"],"picked":"Seeing Red+1","floor":18},{"not_picked":["Reckless Charge","Cleave"],"picked":"Rampage","floor":20},{"not_picked":["Heavy Blade","Sentinel"],"picked":"Shrug It Off","floor":24},{"not_picked":["Anger","Clash","Headbutt"],"picked":"SKIP","floor":27},{"not_picked":["Iron Wave","Havoc","Clothesline"],"picked":"SKIP","floor":29},{"not_picked":["Heavy Blade","Anger"],"picked":"Double Tap","floor":30}],"player_experience":2685578,"relics_obtained":[{"floor":7,"key":"Bag of Marbles"},{"floor":11,"key":"Dodecahedron"},{"floor":20,"key":"WingedGreaves"},{"floor":20,"key":"Gremlin Horn"},{"floor":24,"key":"Oddly Smooth Stone"},{"floor":26,"key":"Bronze Scales"}],"event_choices":[{"damage_healed":0,"gold_gain":275,"player_choice":"Desecrate","damage_taken":0,"max_hp_gain":0,"max_hp_loss":0,"event_name":"Golden Shrine","floor":2,"gold_loss":0,"cards_obtained":["Regret"]},{"damage_healed":0,"gold_gain":0,"player_choice":"Ignored","damage_taken":0,"max_hp_gain":0,"max_hp_loss":0,"event_name":"Liars Game","floor":14,"gold_loss":0},{"damage_healed":0,"gold_gain":0,"player_choice":"Fight","damage_taken":0,"max_hp_gain":0,"max_hp_loss":0,"event_name":"Colosseum","floor":20,"gold_loss":0},{"damage_healed":0,"gold_gain":0,"player_choice":"Fought Nobs","damage_taken":0,"max_hp_gain":0,"max_hp_loss":0,"event_name":"Colosseum","floor":20,"gold_loss":0},{"damage_healed":0,"gold_gain":0,"player_choice":"Shed Blood","damage_taken":26,"max_hp_gain":5,"max_hp_loss":0,"event_name":"Forgotten Altar","floor":21,"gold_loss":0},{"damage_healed":0,"gold_gain":0,"player_choice":"Ignored","damage_taken":0,"max_hp_gain":0,"max_hp_loss":0,"event_name":"The Mausoleum","floor":22,"gold_loss":0},{"damage_healed":0,"gold_gain":0,"cards_transformed":["Strike_R"],"player_choice":"Transformed","damage_taken":0,"max_hp_gain":0,"max_hp_loss":0,"event_name":"Transmorgrifier","floor":28,"gold_loss":0,"cards_obtained":["Demon Form"]},{"damage_healed":0,"gold_gain":0,"player_choice":"Ignored","damage_taken":0,"max_hp_gain":0,"max_hp_loss":0,"event_name":"Vampires","floor":31,"gold_loss":0}],"is_beta":false,"boss_relics":[{"not_picked":["Coffee Dripper","White Beast Statue"],"picked":"Runic Dome"}],"items_purged_floors":[3,19],"is_endless":false,"potions_floor_spawned":[1,10,11,12,18,20,27],"killed_by":"Automaton","ascension_level":20}