{"gold_per_floor":[116,131,12,12,87,121,137,152,203,203,203],"floor_reached":11,"playtime":236,"items_purged":[],"score":196,"play_id":"edf98da8-5e93-4dde-9d05-5d26a10320f0","local_time":"20190312143807","is_ascension_mode":true,"campfire_choices":[{"data":"Defragment","floor":10,"key":"SMITH"}],"neow_cost":"NONE","seed_source_timestamp":275203222592599,"circlet_count":0,"master_deck":["AscendersBane","Strike_B","Strike_B","Strike_B","Strike_B","Defend_B","Defend_B","Defend_B","Defend_B","Zap","Dualcast","Coolheaded","Chill","Defragment+1","Gash","Barrage","Gash"],"relics":["Cracked Core","NeowsBlessing","Letter Opener","Ancient Tea Set","Centennial Puzzle"],"potions_floor_usage":[6,11],"damage_taken":[{"damage":0,"enemies":"Jaw Worm","floor":1,"turns":1},{"damage":0,"enemies":"Small Slimes","floor":2,"turns":1},{"damage":0,"enemies":"Lagavulin","floor":6,"turns":4},{"damage":0,"enemies":"Cultist","floor":7,"turns":4},{"damage":5,"enemies":"2 Fungi Beasts","floor":8,"turns":3},{"damage":17,"enemies":"Gremlin Gang","floor":11,"turns":3}],"seed_played":"6100725437679743283","potions_obtained":[{"floor":2,"key":"Regen Potion"},{"floor":8,"key":"Fire Potion"}],"is_trial":false,"path_per_floor":["M","M","$","?","?","E","M","M","T","R","M"],"character_chosen":"DEFECT","items_purchased":["Defragment","Gash"],"campfire_rested":0,"item_purchase_floors":[3,3],"current_hp_per_floor":[64,64,64,19,8,20,20,15,15,15,0],"gold":203,"neow_bonus":"THREE_ENEMY_KILL","is_prod":false,"is_daily":false,"chose_seed":false,"campfire_upgraded":1,"win_rate":0,"timestamp":1552369087,"path_taken":["M","M","$","?","?","E","M","M","T","R","M"],"build_version":"2019-01-23","purchased_purges":0,"victory":false,"max_hp_per_floor":[71,71,71,71,71,71,71,71,71,71,71],"card_choices":[{"not_picked":["Redo","Go for the Eyes"],"picked":"Coolheaded","floor":1},{"not_picked":["Go for the Eyes","Compile Driver"],"picked":"Chill","floor":2},{"not_picked":["Turbo","Stack","Beam Cell"],"picked":"SKIP","floor":6},{"not_picked":["Stack","Conserve Battery"],"picked":"Barrage","floor":7},{"not_picked":["BootSequence","Coolheaded"],"picked":"Gash","floor":8}],"player_experience":2210029,"relics_obtained":[{"floor":6,"key":"Ancient Tea Set"},{"floor":9,"key":"Centennial Puzzle"}],"event_choices":[{"damage_healed":0,"gold_gain":0,"player_choice":"Success","damage_taken":45,"relics_obtained":["Letter Opener"],"max_hp_gain":0,"max_hp_loss":0,"event_name":"Scrap Ooze","floor":4,"gold_loss":0},{"damage_healed":0,"gold_gain":75,"player_choice":"Gather Gold","damage_taken":11,"max_hp_gain":0,"max_hp_loss":0,"event_name":"World of Goop","floor":5,"gold_loss":0}],"is_beta":false,"boss_relics":[],"items_purged_floors":[],"is_endless":false,"potions_floor_spawned":[2,8],"killed_by":"Gremlin Gang","ascension_level":20}