{"gold_per_floor":[119,119,138,85,102,102,127,127,200,200,275,308,327,356,356,434,434,445,281,281,281,22,52,52,63,63,63,63],"floor_reached":28,"playtime":637,"items_purged":["Shame"],"score":504,"play_id":"23dda667-f660-433f-a196-13d100df21ac","local_time":"20190309185736","is_ascension_mode":true,"campfire_choices":[{"data":"Sunder","floor":6,"key":"SMITH"},{"data":"Zap","floor":8,"key":"SMITH"},{"data":"Dualcast","floor":10,"key":"SMITH"},{"floor":15,"key":"REST"},{"floor":24,"key":"REST"},{"data":"Apotheosis","floor":27,"key":"SMITH"}],"neow_cost":"NONE","seed_source_timestamp":31171141199100,"circlet_count":0,"master_deck":["AscendersBane","Strike_B+1","Strike_B+1","Strike_B+1","Strike_B+1","Defend_B+1","Defend_B+1","Defend_B+1","Defend_B+1","Zap+1","Dualcast+1","Beam Cell+1","Sunder+1","Coolheaded","FTL+1","Defragment","Buffer","Coolheaded","Bandage Up","Ghostly","Ghostly","Ghostly","Loop","Apotheosis+1","Biased Cognition","Gash"],"relics":["Cracked Core","NeowsBlessing","Omamori","Symbiotic Virus","Du-Vu Doll","Art of War","Calling Bell","Strawberry","Gremlin Horn","Nunchaku","Whetstone","Bronze Scales"],"potions_floor_usage":[7,14,16,28],"damage_taken":[{"damage":0,"enemies":"Small Slimes","floor":1,"turns":1},{"damage":0,"enemies":"Cultist","floor":3,"turns":1},{"damage":0,"enemies":"Jaw Worm","floor":5,"turns":1},{"damage":20,"enemies":"Lagavulin","floor":7,"turns":4},{"damage":8,"enemies":"Gremlin Nob","floor":12,"turns":3},{"damage":0,"enemies":"2 Fungi Beasts","floor":13,"turns":3},{"damage":12,"enemies":"Lagavulin","floor":14,"turns":6},{"damage":13,"enemies":"The Guardian","floor":16,"turns":10},{"damage":7,"enemies":"Chosen","floor":18,"turns":4},{"damage":41,"enemies":"Book of Stabbing","floor":23,"turns":6},{"damage":0,"enemies":"Spheric Guardian","floor":25,"turns":4},{"damage":17,"enemies":"Gremlin Leader","floor":28,"turns":2}],"seed_played":"-2184793697664584744","potions_obtained":[{"floor":1,"key":"Dexterity Potion"},{"floor":13,"key":"Weak Potion"},{"floor":23,"key":"SteroidPotion"},{"floor":25,"key":"AttackPotion"}],"is_trial":false,"path_per_floor":["M","?","M","$","M","R","E","R","T","R","?","E","M","E","R","B",null,"M","$","?","?","$","E","R","M","T","R","E"],"character_chosen":"DEFECT","items_purchased":["PowerPotion","Bandage Up","Loop","Apotheosis"],"campfire_rested":2,"item_purchase_floors":[4,19,22,22],"current_hp_per_floor":[64,64,64,64,64,64,44,44,44,44,33,25,25,13,34,21,66,59,59,59,39,39,2,13,17,17,17,0],"gold":63,"neow_bonus":"THREE_ENEMY_KILL","is_prod":false,"is_daily":false,"chose_seed":false,"campfire_upgraded":4,"win_rate":0,"timestamp":1552125456,"path_taken":["M","?","?","$","M","R","E","R","T","R","?","E","M","E","R","BOSS","M","$","?","?","$","E","R","M","T","R","E"],"build_version":"2019-01-23","purchased_purges":1,"victory":false,"max_hp_per_floor":[71,71,71,71,71,71,71,71,71,71,71,71,71,71,71,71,78,78,78,78,39,39,39,39,39,39,39,39],"card_choices":[{"not_picked":["BootSequence","Barrage"],"picked":"Beam Cell","floor":1},{"not_picked":["Hologram","Steam"],"picked":"Sunder","floor":3},{"not_picked":["All For One","Redo","Conserve Battery"],"picked":"SKIP","floor":5},{"not_picked":["Redo","Sweeping Beam"],"picked":"Coolheaded","floor":7},{"not_picked":["Fission","Compile Driver"],"picked":"FTL","floor":12},{"not_picked":["Steam","Doom and Gloom","Skim"],"picked":"SKIP","floor":13},{"not_picked":["Stack","Storm"],"picked":"Defragment","floor":14},{"not_picked":["Machine Learning","Hyperbeam"],"picked":"Buffer","floor":16},{"not_picked":["Heatsinks","Ball Lightning"],"picked":"Coolheaded","floor":18},{"not_picked":["Force Field","Machine Learning"],"picked":"Biased Cognition","floor":23},{"not_picked":["Leap+1","Hello World"],"picked":"Gash","floor":25}],"player_experience":2104490,"relics_obtained":[{"floor":7,"key":"Omamori"},{"floor":9,"key":"Symbiotic Virus"},{"floor":12,"key":"Du-Vu Doll"},{"floor":14,"key":"Art of War"},{"floor":17,"key":"Strawberry"},{"floor":17,"key":"Gremlin Horn"},{"floor":17,"key":"Nunchaku"},{"floor":23,"key":"Whetstone"},{"floor":26,"key":"Bronze Scales"}],"event_choices":[{"damage_healed":0,"gold_gain":0,"player_choice":"Upgraded","damage_taken":0,"max_hp_gain":0,"max_hp_loss":0,"event_name":"Upgrade Shrine","floor":2,"gold_loss":0,"cards_upgraded":["Beam Cell"]},{"damage_healed":0,"gold_gain":75,"player_choice":"Gather Gold","damage_taken":11,"max_hp_gain":0,"max_hp_loss":0,"event_name":"World of Goop","floor":11,"gold_loss":0},{"damage_healed":0,"gold_gain":0,"player_choice":"Simplicity","damage_taken":0,"max_hp_gain":0,"max_hp_loss":0,"event_name":"Back to Basics","floor":20,"gold_loss":0,"cards_upgraded":["Strike_B","Strike_B","Strike_B","Strike_B","Defend_B","Defend_B","Defend_B","Defend_B"]},{"damage_healed":0,"gold_gain":0,"player_choice":"Became a Ghost","damage_taken":0,"max_hp_gain":0,"max_hp_loss":39,"event_name":"Ghosts","floor":21,"gold_loss":0,"cards_obtained":["Ghostly","Ghostly","Ghostly"]}],"is_beta":false,"boss_relics":[{"not_picked":["Runic Pyramid","Orrery"],"picked":"Calling Bell"}],"items_purged_floors":[19],"is_endless":false,"potions_floor_spawned":[1,5,13,23,25],"killed_by":"Gremlin Leader","ascension_level":20}