{"gold_per_floor":[116,116,131,145,145,178,178,213,213,213,229,154,167,178,178,251,251,261,187,102,102,27,60,60,88,88,9,29,45,73,84,84,159,159,179,197,197,197],"floor_reached":38,"playtime":1212,"items_purged":["Strike_R"],"score":799,"play_id":"708edbda-3de0-4397-aa6a-9773e8be541b","local_time":"20190203192121","is_ascension_mode":true,"campfire_choices":[{"data":"Bash","floor":7,"key":"SMITH"},{"data":"Inflame","floor":10,"key":"SMITH"},{"data":"Immolate","floor":15,"key":"SMITH"},{"data":"Whirlwind","floor":24,"key":"SMITH"},{"data":"Limit Break","floor":32,"key":"SMITH"}],"neow_cost":"NONE","seed_source_timestamp":123701722265200,"circlet_count":0,"master_deck":["AscendersBane","Strike_R","Strike_R","Strike_R","Strike_R","Defend_R","Defend_R","Defend_R+1","Defend_R+1","Bash+1","Battle Trance","Panacea","Feel No Pain","Evolve","Inflame+1","Immolate+1","Flame Barrier","Entrench","Offering","Rage","Ghostly","Ghostly","Ghostly","Ghostly","Ghostly","Entrench","Whirlwind+1","Limit Break+1","Shrug It Off+1","Entrench+1","Feed","Body Slam+1"],"relics":["Burning Blood","NeowsBlessing","Meat on the Bone","Gremlin Horn","Anchor","Bottled Tornado","Runic Dome","Nunchaku","StoneCalendar","War Paint","Lantern","Toxic Egg 2","Juzu Bracelet","Coffee Dripper","Frozen Egg 2"],"potions_floor_usage":[16,16,25,33,33,33],"damage_taken":[{"damage":0,"enemies":"Small Slimes","floor":1,"turns":1},{"damage":0,"enemies":"Cultist","floor":3,"turns":1},{"damage":0,"enemies":"2 Louse","floor":4,"turns":1},{"damage":47,"enemies":"Gremlin Nob","floor":6,"turns":5},{"damage":17,"enemies":"3 Sentries","floor":8,"turns":11},{"damage":15,"enemies":"Blue Slaver","floor":11,"turns":5},{"damage":17,"enemies":"Exordium Wildlife","floor":13,"turns":3},{"damage":12,"enemies":"Large Slime","floor":14,"turns":4},{"damage":33,"enemies":"Slime Boss","floor":16,"turns":8},{"damage":6,"enemies":"Chosen","floor":18,"turns":3},{"damage":35,"enemies":"Gremlin Leader","floor":23,"turns":6},{"damage":2,"enemies":"Book of Stabbing","floor":25,"turns":7},{"damage":2,"enemies":"Shell Parasite","floor":28,"turns":7},{"damage":1,"enemies":"Snake Plant","floor":29,"turns":5},{"damage":1,"enemies":"Gremlin Leader","floor":30,"turns":5},{"damage":2,"enemies":"Centurion and Healer","floor":31,"turns":6},{"damage":37,"enemies":"Collector","floor":33,"turns":10},{"damage":2,"enemies":"Orb Walker","floor":35,"turns":4},{"damage":1,"enemies":"3 Shapes","floor":36,"turns":2},{"damage":42,"enemies":"Maw","floor":38,"turns":7}],"seed_played":"7039688462428544465","potions_obtained":[{"floor":1,"key":"Explosive Potion"},{"floor":3,"key":"PowerPotion"},{"floor":23,"key":"EssenceOfSteel"},{"floor":25,"key":"EntropicBrew"},{"floor":33,"key":"SkillPotion"}],"is_trial":false,"path_per_floor":["M","?","M","M","?","E","R","E","T","R","M","$","M","M","R","B",null,"M","$","?","?","$","E","R","E","T","?","M","M","E","M","R","B",null,"M","M","T","M"],"character_chosen":"IRONCLAD","items_purchased":["GamblersBrew","Entrench"],"campfire_rested":0,"item_purchase_floors":[19,22],"current_hp_per_floor":[78,78,80,80,73,44,44,45,45,45,48,48,49,55,55,40,70,70,70,70,40,40,23,23,27,27,27,31,36,40,40,40,21,35,39,40,40,0],"gold":197,"neow_bonus":"THREE_ENEMY_KILL","is_prod":false,"is_daily":false,"chose_seed":false,"campfire_upgraded":5,"win_rate":0,"timestamp":1549189281,"path_taken":["M","?","?","M","?","E","R","E","T","R","M","$","M","M","R","BOSS","M","$","?","?","$","E","R","E","T","?","M","M","E","M","R","BOSS","M","M","?","M"],"build_version":"2019-01-23","purchased_purges":1,"victory":false,"max_hp_per_floor":[80,80,80,80,80,80,80,80,80,80,80,80,80,80,80,80,80,80,80,80,40,40,40,40,40,40,40,40,40,40,40,40,40,40,40,40,40,40],"card_choices":[{"not_picked":["Second Wind","Headbutt"],"picked":"Battle Trance","floor":1},{"not_picked":["Reckless Charge","Iron Wave"],"picked":"Feel No Pain","floor":3},{"not_picked":["Thunderclap","Armaments","Dual Wield"],"picked":"SKIP","floor":4},{"not_picked":["Feel No Pain","Clothesline"],"picked":"Evolve","floor":6},{"not_picked":["Metallicize","Shrug It Off"],"picked":"Inflame","floor":8},{"not_picked":["Infernal Blade","Twin Strike"],"picked":"Immolate","floor":11},{"not_picked":["True Grit","Pommel Strike"],"picked":"Flame Barrier","floor":13},{"not_picked":["Intimidate","Warcry"],"picked":"Entrench","floor":14},{"not_picked":["Brutality","Impervious"],"picked":"Offering","floor":16},{"not_picked":["Flame Barrier","Flex"],"picked":"Rage","floor":18},{"not_picked":["Armaments","True Grit+1"],"picked":"Whirlwind","floor":23},{"not_picked":["Sword Boomerang","Perfected Strike"],"picked":"Limit Break","floor":25},{"not_picked":["Anger","Flex+1"],"picked":"Shrug It Off+1","floor":28},{"not_picked":["Rage+1","Carnage","Body Slam"],"picked":"SKIP","floor":29},{"not_picked":["Perfected Strike+1","Feel No Pain"],"picked":"Entrench+1","floor":30},{"not_picked":["Rupture","Havoc+1","Thunderclap+1"],"picked":"SKIP","floor":31},{"not_picked":["Limit Break+1","Bludgeon"],"picked":"Feed","floor":33},{"not_picked":["Iron Wave","Rage+1","Twin Strike"],"picked":"SKIP","floor":35},{"not_picked":["Rupture","Wild Strike"],"picked":"Body Slam+1","floor":36}],"player_experience":35445,"relics_obtained":[{"floor":6,"key":"Gremlin Horn"},{"floor":8,"key":"Anchor"},{"floor":9,"key":"Bottled Tornado"},{"floor":23,"key":"StoneCalendar"},{"floor":25,"key":"War Paint"},{"floor":26,"key":"Lantern"},{"floor":30,"key":"Juzu Bracelet"},{"floor":37,"key":"Frozen Egg 2"}],"event_choices":[{"damage_healed":0,"gold_gain":0,"player_choice":"1 cards matched","damage_taken":0,"max_hp_gain":0,"max_hp_loss":0,"event_name":"Match and Keep!","floor":2,"gold_loss":0,"cards_obtained":["Panacea"]},{"damage_healed":0,"gold_gain":0,"player_choice":"Success","damage_taken":7,"relics_obtained":["Meat on the Bone"],"max_hp_gain":0,"max_hp_loss":0,"event_name":"Scrap Ooze","floor":5,"gold_loss":0},{"damage_healed":0,"gold_gain":0,"player_choice":"Obtained Relic","damage_taken":0,"relics_obtained":["Nunchaku"],"max_hp_gain":0,"max_hp_loss":0,"event_name":"Addict","floor":20,"gold_loss":85},{"damage_healed":0,"gold_gain":0,"player_choice":"Became a Ghost","damage_taken":0,"max_hp_gain":0,"max_hp_loss":40,"event_name":"Ghosts","floor":21,"gold_loss":0,"cards_obtained":["Ghostly","Ghostly","Ghostly","Ghostly","Ghostly"]},{"damage_healed":0,"gold_gain":0,"player_choice":"Paid Gold","damage_taken":0,"relics_obtained":["Toxic Egg 2"],"max_hp_gain":0,"max_hp_loss":0,"event_name":"WeMeetAgain","floor":27,"gold_loss":79}],"is_beta":false,"boss_relics":[{"not_picked":["Eternal Feather","Empty Cage"],"picked":"Runic Dome"},{"not_picked":["Calling Bell","White Beast Statue"],"picked":"Coffee Dripper"}],"items_purged_floors":[12],"is_endless":false,"potions_floor_spawned":[1,3,14,23,25,29,33,36],"killed_by":"Maw","ascension_level":13}