{"gold_per_floor":[115,115,40,40,54,95,95,133,184,149,16,41,41,65,65,156,156,172,122,137,0,15,15,15,15,87,87,7,7,7,27,27,117,117,138,138,138,38,62,62,81,81,150,150,150],"floor_reached":45,"playtime":2635,"items_purged":["Injury","Writhe"],"score":840,"play_id":"d154b272-285c-4df7-94dd-141efaf6837f","local_time":"20190314170747","is_ascension_mode":true,"campfire_choices":[{"data":"Hello World","floor":7.0,"key":"SMITH"},{"floor":13.0,"key":"REST"},{"data":"Loop","floor":15.0,"key":"SMITH"},{"floor":23.0,"key":"REST"},{"floor":25.0,"key":"REST"},{"floor":30.0,"key":"REST"},{"data":"White Noise","floor":32.0,"key":"SMITH"},{"floor":40,"key":"REST"},{"floor":44,"key":"REST"}],"neow_cost":"NONE","seed_source_timestamp":8751980054216,"circlet_count":0,"master_deck":["AscendersBane","Strike_B","Strike_B+1","Strike_B","Defend_B","Defend_B","Zap","Dualcast","Hello World+1","Stack","Cold Snap+1","Steam","Loop+1","Cold Snap","Ball Lightning","Stack","Echo Form","Redo","Auto Shields","Hello World","Conserve Battery","White Noise+1","Loop","Self Repair","Echo Form","Gash+1","Sweeping Beam+1","Hello World+1","Capacitor","Force Field+1","Defragment","Parasite"],"special_seed":0,"relics":["Cracked Core","NeowsBlessing","Golden Idol","Centennial Puzzle","Letter Opener","Whetstone","Nuclear Battery","Matryoshka","Astrolabe","Art of War","Shuriken"],"potions_floor_usage":[35,41],"damage_taken":[{"damage":0.0,"enemies":"Small Slimes","floor":1.0,"turns":1.0},{"damage":0.0,"enemies":"2 Louse","floor":5.0,"turns":1.0},{"damage":0.0,"enemies":"Gremlin Nob","floor":6.0,"turns":1.0},{"damage":30.0,"enemies":"3 Sentries","floor":8.0,"turns":7.0},{"damage":0.0,"enemies":"Cultist","floor":12.0,"turns":3.0},{"damage":0.0,"enemies":"2 Fungi Beasts","floor":14.0,"turns":2.0},{"damage":10.0,"enemies":"Slime Boss","floor":16.0,"turns":13.0},{"damage":0.0,"enemies":"Chosen","floor":18.0,"turns":6.0},{"damage":27.0,"enemies":"Shell Parasite","floor":20.0,"turns":5.0},{"damage":16.0,"enemies":"3 Cultists","floor":22.0,"turns":5.0},{"damage":13.0,"enemies":"Colosseum Slavers","floor":27.0,"turns":5.0},{"damage":0.0,"enemies":"Snecko","floor":31.0,"turns":6.0},{"damage":59.0,"enemies":"Automaton","floor":33.0,"turns":11.0},{"damage":11.0,"enemies":"Orb Walker","floor":35.0,"turns":3.0},{"damage":27,"enemies":"3 Shapes","floor":39,"turns":5},{"damage":33,"enemies":"Maw","floor":41,"turns":8},{"damage":105,"enemies":"Writhing Mass","floor":45,"turns":6}],"seed_played":"8780827906130804341","potions_obtained":[{"floor":5.0,"key":"Energy Potion"},{"floor":12.0,"key":"Poison Potion"},{"floor":14.0,"key":"Block Potion"},{"floor":22.0,"key":"EssenceOfSteel"},{"floor":35,"key":"Fruit Juice"},{"floor":39,"key":"Energy Potion"}],"is_trial":false,"path_per_floor":["M","?","$","?","M","E","R","E","T","?","$","M","R","M","R","B",null,"M","?","M","$","M","R","$","R","T","?","$","?","R","M","R","B",null,"M","?","?","$","M","R","M","?","T","R","M"],"character_chosen":"DEFECT","items_purchased":["Loop","Cold Snap","Hello World","Conserve Battery","Loop"],"campfire_rested":6,"item_purchase_floors":[11,11,21,21,28],"current_hp_per_floor":[64,64,64,64,64,64,64,34,34,51,51,51,71,71,71,61,69,69,69,42,42,26,47,47,68,68,55,55,55,71,71,71,19,58,59,59,74,74,54,76,57,57,57,76,0],"gold":150,"neow_bonus":"THREE_ENEMY_KILL","is_prod":false,"is_daily":false,"chose_seed":false,"campfire_upgraded":3,"win_rate":0,"timestamp":1552576067,"path_taken":["M","?","$","?","M","E","R","E","T","?","$","M","R","M","R","BOSS","M","?","?","$","M","R","$","R","T","?","$","?","R","M","R","BOSS","M","?","?","$","M","R","M","?","T","R","M"],"build_version":"2019-01-23","purchased_purges":2,"victory":false,"max_hp_per_floor":[71,71,71,71,71,71,71,71,71,71,71,71,71,71,71,71,71,71,71,71,71,71,71,71,71,71,71,71,71,71,71,71,71,71,76,76,76,76,76,76,76,76,76,76,76],"card_choices":[{"not_picked":["Compile Driver","Streamline"],"picked":"Hello World","floor":1.0},{"not_picked":["Rip and Tear","Steam Power"],"picked":"Stack","floor":5.0},{"not_picked":["Scrape","Blizzard"],"picked":"Cold Snap","floor":6.0},{"not_picked":["Hyperbeam","Coolheaded"],"picked":"Steam","floor":8.0},{"not_picked":["Doom and Gloom","Turbo"],"picked":"Ball Lightning","floor":12.0},{"not_picked":["Leap","Hologram"],"picked":"Stack","floor":14.0},{"not_picked":["Fission","Hyperbeam"],"picked":"Echo Form","floor":16.0},{"not_picked":["Aggregate","Skim"],"picked":"Redo","floor":18.0},{"not_picked":["Rebound","Hologram"],"picked":"Auto Shields","floor":20.0},{"not_picked":["Cold Snap","Turbo"],"picked":"White Noise","floor":22.0},{"not_picked":["Leap","Rebound"],"picked":"Self Repair","floor":31.0},{"not_picked":["Thunder Strike","Hyperbeam"],"picked":"Echo Form","floor":33.0},{"not_picked":["Sweeping Beam","Rebound"],"picked":"Capacitor","floor":35},{"not_picked":["Compile Driver","Turbo"],"picked":"Force Field+1","floor":39},{"not_picked":["Beam Cell","Rebound"],"picked":"Defragment","floor":41}],"player_experience":1094950,"relics_obtained":[{"floor":6.0,"key":"Centennial Puzzle"},{"floor":8.0,"key":"Letter Opener"},{"floor":9.0,"key":"Whetstone"},{"floor":26.0,"key":"Matryoshka"},{"floor":43,"key":"Art of War"},{"floor":43,"key":"Shuriken"}],"event_choices":[{"damage_healed":0.0,"max_hp_gain":0.0,"max_hp_loss":0.0,"gold_gain":0.0,"event_name":"Golden Idol","player_choice":"Take Wound","floor":2.0,"gold_loss":0.0,"damage_taken":0.0,"relics_obtained":["Golden Idol"],"cards_obtained":["Injury"]},{"damage_healed":0.0,"max_hp_gain":0.0,"max_hp_loss":0.0,"gold_gain":0.0,"event_name":"Shining Light","player_choice":"Ignored","floor":4.0,"gold_loss":0.0,"damage_taken":0.0},{"damage_healed":17.0,"max_hp_gain":0.0,"max_hp_loss":0.0,"gold_gain":0.0,"event_name":"The Cleric","player_choice":"Healed","floor":10.0,"gold_loss":35.0,"damage_taken":0.0},{"damage_healed":0.0,"max_hp_gain":0.0,"max_hp_loss":0.0,"gold_gain":0.0,"event_name":"The Joust","player_choice":"Bet on Murderer","floor":19.0,"gold_loss":50.0,"damage_taken":0.0},{"damage_healed":0.0,"max_hp_gain":0.0,"max_hp_loss":0.0,"gold_gain":0.0,"event_name":"Colosseum","player_choice":"Fight","floor":27.0,"gold_loss":0.0,"damage_taken":0.0},{"damage_healed":0.0,"max_hp_gain":0.0,"max_hp_loss":0.0,"gold_gain":0.0,"event_name":"Colosseum","player_choice":"Fled From Nobs","floor":27.0,"gold_loss":0.0,"damage_taken":0.0},{"damage_healed":0.0,"max_hp_gain":0.0,"max_hp_loss":0.0,"gold_gain":0.0,"event_name":"Purifier","player_choice":"Ignored","floor":29.0,"gold_loss":0.0,"damage_taken":0.0},{"damage_healed":0,"gold_gain":0,"player_choice":"Ignored","damage_taken":0,"max_hp_gain":0,"max_hp_loss":0,"event_name":"Mysterious Sphere","floor":36,"gold_loss":0},{"damage_healed":15,"gold_gain":0,"player_choice":"Writhe","damage_taken":0,"max_hp_gain":0,"max_hp_loss":0,"event_name":"Winding Halls","floor":37,"gold_loss":0,"cards_obtained":["Writhe"]},{"damage_healed":0,"gold_gain":0,"player_choice":"Ignored","damage_taken":0,"max_hp_gain":0,"max_hp_loss":0,"event_name":"Purifier","floor":42,"gold_loss":0}],"is_beta":false,"boss_relics":[{"not_picked":["Ectoplasm","Velvet Choker"],"picked":"Nuclear Battery"},{"not_picked":["Busted Crown","Sozu"],"picked":"Astrolabe"}],"items_purged_floors":[3,38],"is_endless":false,"potions_floor_spawned":[5,12,14,22,27,35,39],"killed_by":"Writhing Mass","ascension_level":18}