{"gold_per_floor":[109,184,203,203,228,269,269,269,269,310,333,356,377,18,18,108,108,132,132,150,23,42,42,42,86,134,174,174,174,192,211,211,310,310,330,350,375,375,390,425,425,444,444,479,495,455,490,508,508,508,508,508,508,13,54,54],"floor_reached":57,"playtime":3009,"items_purged":["Defend_B"],"score":3213,"play_id":"a21c9f9a-991e-4d47-8f75-5d997753084f","local_time":"20190214133740","is_ascension_mode":true,"campfire_choices":[{"data":"Blizzard","floor":7,"key":"SMITH"},{"floor":15,"key":"REST"},{"data":"Consume","floor":23,"key":"SMITH"},{"data":"Chill","floor":29,"key":"SMITH"},{"data":"Streamline","floor":32,"key":"SMITH"},{"floor":41,"key":"RECALL"},{"data":"Defragment","floor":49,"key":"SMITH"},{"data":"Capacitor","floor":53,"key":"SMITH"}],"neow_cost":"NONE","seed_source_timestamp":10899441538100,"circlet_count":0,"master_deck":["AscendersBane","Strike_B","Strike_B","Strike_B","Strike_B","Defend_B","Defend_B","Zap","Dualcast","Chill+1","Self Repair","Blizzard+1","Streamline+1","Cold Snap","Consume+1","BootSequence","Electrodynamics","Coolheaded","Bandage Up","Coolheaded","Genetic Algorithm","Conserve Battery+1","Consume+1","FTL+1","Buffer","Defragment+1","Capacitor","Hologram","Capacitor+1","Regret","Blizzard+1","Recycle+1","Turbo","Master of Strategy"],"relics":["Cracked Core","NeowsBlessing","Golden Idol","Bag of Preparation","Art of War","Mummified Hand","Cables","Blood Vial","Runic Capacitor","Coffee Dripper","Dead Branch","Potion Belt","Orichalcum","Molten Egg 2","FaceOfCleric","Cursed Key","Anchor","Pen Nib","Lantern","Centennial Puzzle","Strawberry"],"potions_floor_usage":[10,10,16,33,33,40,44,51,55,56,56,56],"damage_taken":[{"damage":0,"enemies":"Small Slimes","floor":1,"turns":1},{"damage":0,"enemies":"2 Louse","floor":3,"turns":1},{"damage":0,"enemies":"3 Sentries","floor":6,"turns":1},{"damage":21,"enemies":"Lagavulin","floor":10,"turns":7},{"damage":13,"enemies":"Jaw Worm","floor":11,"turns":4},{"damage":13,"enemies":"Large Slime","floor":12,"turns":4},{"damage":4,"enemies":"Blue Slaver","floor":13,"turns":3},{"damage":19,"enemies":"The Guardian","floor":16,"turns":11},{"damage":0,"enemies":"3 Byrds","floor":18,"turns":3},{"damage":8,"enemies":"2 Thieves","floor":20,"turns":3},{"damage":9,"enemies":"Shelled Parasite and Fungi","floor":22,"turns":5},{"damage":0,"enemies":"Book of Stabbing","floor":25,"turns":4},{"damage":15,"enemies":"Slavers","floor":27,"turns":3},{"damage":0,"enemies":"Snake Plant","floor":30,"turns":6},{"damage":0,"enemies":"Snecko","floor":31,"turns":5},{"damage":9,"enemies":"Collector","floor":33,"turns":8},{"damage":0,"enemies":"3 Shapes","floor":35,"turns":2},{"damage":0,"enemies":"Orb Walker","floor":36,"turns":3},{"damage":0,"enemies":"Maw","floor":37,"turns":7},{"damage":0,"enemies":"Transient","floor":39,"turns":6},{"damage":0,"enemies":"Reptomancer","floor":40,"turns":5},{"damage":0,"enemies":"4 Shapes","floor":42,"turns":3},{"damage":11,"enemies":"Nemesis","floor":44,"turns":7},{"damage":1,"enemies":"Sphere and 2 Shapes","floor":45,"turns":6},{"damage":0,"enemies":"Reptomancer","floor":47,"turns":6},{"damage":0,"enemies":"Spire Growth","floor":48,"turns":5},{"damage":2,"enemies":"Donu and Deca","floor":50,"turns":7},{"damage":6,"enemies":"Time Eater","floor":51,"turns":11},{"damage":2,"enemies":"Shield and Spear","floor":55,"turns":5},{"damage":56,"enemies":"The Heart","floor":56,"turns":11}],"seed_played":"-2751709747263521351","potions_obtained":[{"floor":1,"key":"Dexterity Potion"},{"floor":3,"key":"Strength Potion"},{"floor":12,"key":"Weak Potion"},{"floor":13,"key":"SteroidPotion"},{"floor":25,"key":"AttackPotion"},{"floor":30,"key":"Block Potion"},{"floor":31,"key":"Ancient Potion"},{"floor":33,"key":"Energy Potion"},{"floor":35,"key":"Swift Potion"},{"floor":36,"key":"Dexterity Potion"},{"floor":40,"key":"Fruit Juice"},{"floor":44,"key":"Strength Potion"},{"floor":46,"key":"GamblersBrew"},{"floor":46,"key":"SkillPotion"}],"is_trial":false,"path_per_floor":["M","?","M","?","T","E","R","?","T","E","M","M","M","$","R","B",null,"M","?","M","$","M","R","?","E","T","E","?","R","M","M","R","B",null,"M","M","M","?","M","E","R","M","T","E","M","?","E","M","R","B","B",null,"R","$","E","B",null],"character_chosen":"DEFECT","items_purchased":["Runic Capacitor","PowerPotion","Bandage Up","Coolheaded","Centennial Puzzle","Turbo","FocusPotion","Master of Strategy"],"campfire_rested":1,"item_purchase_floors":[14,14,21,21,54,54,54,54],"current_hp_per_floor":[64,53,53,29,29,36,36,31,31,17,13,9,14,14,35,25,60,69,69,70,70,71,71,71,71,71,70,70,70,72,73,73,72,74,75,76,77,77,78,84,84,85,85,84,87,87,88,89,89,90,91,91,91,91,99,55],"gold":54,"neow_bonus":"THREE_ENEMY_KILL","is_prod":false,"is_daily":false,"chose_seed":false,"campfire_upgraded":6,"win_rate":0,"timestamp":1550119060,"path_taken":["M","?","M","?","?","E","R","?","T","E","M","M","M","$","R","BOSS","M","?","M","?","M","R","?","E","T","E","?","R","M","M","R","BOSS","M","?","?","?","M","E","R","M","T","E","M","?","E","M","R","BOSS","BOSS","R","$","E","BOSS"],"build_version":"2019-01-23","purchased_purges":1,"victory":true,"max_hp_per_floor":[71,71,71,71,71,71,71,71,71,71,71,71,71,71,71,71,71,71,71,71,71,71,71,71,71,71,71,71,71,72,73,73,74,74,75,76,77,77,78,84,84,85,85,86,87,87,88,89,89,90,91,91,91,91,99,100],"card_choices":[{"not_picked":["Reinforced Body","Rebound"],"picked":"Chill","floor":1},{"not_picked":["Conserve Battery","Scrape"],"picked":"Self Repair","floor":3},{"not_picked":["Genetic Algorithm","Go for the Eyes"],"picked":"Blizzard","floor":6},{"not_picked":["Compile Driver","Barrage"],"picked":"Streamline","floor":10},{"not_picked":["Redo","Chaos"],"picked":"Cold Snap","floor":11},{"not_picked":["Gash","Stack"],"picked":"Consume","floor":12},{"not_picked":["Rebound","Compile Driver"],"picked":"BootSequence","floor":13},{"not_picked":["Reboot","Meteor Strike"],"picked":"Electrodynamics","floor":16},{"not_picked":["Turbo","Auto Shields"],"picked":"Coolheaded","floor":18},{"not_picked":["Darkness","Compile Driver","Stack"],"picked":"SKIP","floor":20},{"not_picked":["Force Field","Hello World"],"picked":"Genetic Algorithm","floor":22},{"not_picked":["Ball Lightning","Machine Learning"],"picked":"Conserve Battery+1","floor":25},{"not_picked":["Leap","Steam Power","Scrape"],"picked":"SKIP","floor":27},{"not_picked":["Rip and Tear+1","Steam"],"picked":"Consume+1","floor":30},{"not_picked":["Barrage+1","Sweeping Beam+1"],"picked":"FTL+1","floor":31},{"not_picked":["Amplify","Multi-Cast"],"picked":"Buffer","floor":33},{"not_picked":["Sunder+1","Consume"],"picked":"Defragment","floor":35},{"not_picked":["Coolheaded+1","FTL+1"],"picked":"Capacitor","floor":36},{"not_picked":["Redo","Gash+1","Leap"],"picked":"SKIP","floor":37},{"not_picked":["Go for the Eyes+1","Gash+1"],"picked":"Hologram","floor":39},{"not_picked":["Hologram","Streamline+1"],"picked":"Capacitor","floor":40},{"not_picked":["Conserve Battery","Doom and Gloom+1","Darkness"],"picked":"SKIP","floor":42},{"not_picked":["Electrodynamics","Ball Lightning+1"],"picked":"Blizzard+1","floor":44},{"not_picked":["Doom and Gloom+1","Steam+1","Conserve Battery"],"picked":"SKIP","floor":45},{"not_picked":["Redo","Auto Shields","Sweeping Beam+1"],"picked":"SKIP","floor":47},{"not_picked":["Conserve Battery","Tempest"],"picked":"Recycle+1","floor":48},{"not_picked":["Tempest","Rebound+1","Multi-Cast"],"picked":"SKIP","floor":55}],"player_experience":1565478,"relics_obtained":[{"floor":5,"key":"Bag of Preparation"},{"floor":6,"key":"Art of War"},{"floor":9,"key":"Cables"},{"floor":10,"key":"Blood Vial"},{"floor":25,"key":"Potion Belt"},{"floor":26,"key":"Orichalcum"},{"floor":27,"key":"Molten Egg 2"},{"floor":40,"key":"Anchor"},{"floor":44,"key":"Pen Nib"},{"floor":47,"key":"Lantern"},{"floor":55,"key":"Strawberry"}],"event_choices":[{"damage_healed":0,"gold_gain":75,"player_choice":"Gather Gold","damage_taken":11,"max_hp_gain":0,"max_hp_loss":0,"event_name":"World of Goop","floor":2,"gold_loss":0},{"damage_healed":0,"gold_gain":0,"player_choice":"Take Damage","damage_taken":24,"relics_obtained":["Golden Idol"],"max_hp_gain":0,"max_hp_loss":0,"event_name":"Golden Idol","floor":4,"gold_loss":0},{"damage_healed":0,"gold_gain":0,"player_choice":"Success","damage_taken":5,"relics_obtained":["Mummified Hand"],"max_hp_gain":0,"max_hp_loss":0,"event_name":"Scrap Ooze","floor":8,"gold_loss":0},{"damage_healed":0,"gold_gain":0,"player_choice":"Gave Potion","damage_taken":0,"relics_obtained":["Dead Branch"],"max_hp_gain":0,"max_hp_loss":0,"event_name":"WeMeetAgain","floor":19,"gold_loss":0},{"cards_removed":["Defend_B"],"damage_healed":0,"gold_gain":0,"player_choice":"Elegance","damage_taken":0,"max_hp_gain":0,"max_hp_loss":0,"event_name":"Back to Basics","floor":24,"gold_loss":0},{"damage_healed":0,"gold_gain":0,"player_choice":"Trade","damage_taken":0,"relics_obtained":["FaceOfCleric"],"max_hp_gain":0,"max_hp_loss":0,"event_name":"FaceTrader","floor":28,"gold_loss":0},{"damage_healed":0,"gold_gain":0,"player_choice":"Ignored","damage_taken":0,"max_hp_gain":0,"max_hp_loss":0,"event_name":"Tomb of Lord Red Mask","floor":38,"gold_loss":0},{"damage_healed":0,"gold_gain":0,"player_choice":"Bought 3 Potions","damage_taken":0,"max_hp_gain":0,"max_hp_loss":0,"event_name":"The Woman in Blue","floor":46,"gold_loss":0}],"is_beta":false,"boss_relics":[{"not_picked":["Calling Bell","Busted Crown"],"picked":"Coffee Dripper"},{"not_picked":["Snecko Eye","Black Star"],"picked":"Cursed Key"}],"items_purged_floors":[14],"is_endless":false,"potions_floor_spawned":[1,3,12,13,25,30,31,33,35,36,40,44,47],"ascension_level":20}