{"gold_per_floor":[114,74,224,244,2,2,27,27,54,54,70,145,178,195,195,273,273,289,314,327,227,239,239,272,272,298,298,13,42,52,70,70,144,144,159,174,274,325,547,547,547,579,579,599,599,50,50,64,64,64],"floor_reached":51,"playtime":2913,"items_purged":["Doubt","Strike_R"],"score":1517,"play_id":"d7637b7e-b0c7-42e8-bd4a-86ee9d97f93a","local_time":"20181225211657","is_ascension_mode":true,"campfire_choices":[{"data":"Inflame","floor":6.0,"key":"SMITH"},{"data":"Feed","floor":8.0,"key":"SMITH"},{"data":"Bash","floor":10.0,"key":"SMITH"},{"data":"Metallicize","floor":15.0,"key":"SMITH"},{"data":"Clothesline","floor":23.0,"key":"SMITH"},{"data":"Cleave","floor":25.0,"key":"SMITH"},{"data":"Iron Wave","floor":27.0,"key":"SMITH"},{"data":"Shrug It Off","floor":32.0,"key":"SMITH"},{"data":"Demon Form","floor":40.0,"key":"SMITH"},{"data":"Heavy Blade","floor":41.0,"key":"SMITH"},{"floor":45,"key":"DIG"},{"floor":47,"key":"DIG"},{"floor":49,"key":"DIG"}],"neow_cost":"NONE","seed_source_timestamp":28882120237384,"circlet_count":0,"master_deck":["AscendersBane","Strike_R","Strike_R","Strike_R","Strike_R","Defend_R","Defend_R","Defend_R","Defend_R","Bash+1","Iron Wave+1","Inflame+1","Headbutt","Feed+1","Cleave+1","Metallicize+1","Reaper","Sword Boomerang+1","Clothesline+1","Uppercut+1","Metallicize","Whirlwind","Shrug It Off+1","Ghostly Armor","Impervious","Bloodletting+1","Whirlwind+1","Heavy Blade+1","Demon Form+1","Ghostly Armor+1","Limit Break","Shrug It Off","True Grit+1"],"special_seed":0,"relics":["Burning Blood","NeowsBlessing","Oddly Smooth Stone","Matryoshka","Pen Nib","Anchor","Bronze Scales","Coffee Dripper","Red Mask","Potion Belt","PreservedInsect","Vajra","Lantern","StoneCalendar","Runic Cube","Dead Branch","WingedGreaves","Shovel","Ancient Tea Set","Kunai","Art of War","Happy Flower"],"potions_floor_usage":[42,42,50,50,50,50],"damage_taken":[{"damage":0.0,"enemies":"2 Louse","floor":1.0,"turns":1.0},{"damage":0.0,"enemies":"Jaw Worm","floor":4.0,"turns":1.0},{"damage":0.0,"enemies":"3 Sentries","floor":7.0,"turns":2.0},{"damage":12.0,"enemies":"Small Slimes","floor":11.0,"turns":3.0},{"damage":0.0,"enemies":"Lagavulin","floor":13.0,"turns":3.0},{"damage":8.0,"enemies":"Exordium Wildlife","floor":14.0,"turns":3.0},{"damage":16.0,"enemies":"Slime Boss","floor":16.0,"turns":9.0},{"damage":15.0,"enemies":"Spheric Guardian","floor":18.0,"turns":4.0},{"damage":8.0,"enemies":"Masked Bandits","floor":19.0,"turns":3.0},{"damage":24.0,"enemies":"Shell Parasite","floor":20.0,"turns":4.0},{"damage":23.0,"enemies":"Cultist and Chosen","floor":22.0,"turns":6.0},{"damage":4.0,"enemies":"Gremlin Leader","floor":24.0,"turns":4.0},{"damage":20.0,"enemies":"Book of Stabbing","floor":29.0,"turns":3.0},{"damage":19.0,"enemies":"Shelled Parasite and Fungi","floor":30.0,"turns":3.0},{"damage":0.0,"enemies":"Snecko","floor":31.0,"turns":2.0},{"damage":69.0,"enemies":"Collector","floor":33.0,"turns":7.0},{"damage":12.0,"enemies":"3 Darklings","floor":35.0,"turns":4.0},{"damage":0.0,"enemies":"Orb Walker","floor":36.0,"turns":2.0},{"damage":23.0,"enemies":"Mind Bloom Boss Battle","floor":37.0,"turns":5.0},{"damage":20.0,"enemies":"2 Orb Walkers","floor":38.0,"turns":4.0},{"damage":59,"enemies":"Nemesis","floor":42,"turns":5},{"damage":3,"enemies":"Jaw Worm Horde","floor":44,"turns":1},{"damage":0,"enemies":"Sphere and 2 Shapes","floor":48,"turns":3},{"damage":81,"enemies":"Awakened One","floor":50,"turns":9}],"seed_played":"2824087563222574455","potions_obtained":[{"floor":7.0,"key":"SteroidPotion"},{"floor":11.0,"key":"Strength Potion"},{"floor":13.0,"key":"SteroidPotion"},{"floor":20.0,"key":"SkillPotion"},{"floor":22.0,"key":"SteroidPotion"},{"floor":24.0,"key":"Strength Potion"},{"floor":29.0,"key":"Strength Potion"},{"floor":31.0,"key":"SteroidPotion"},{"floor":33.0,"key":"SteroidPotion"},{"floor":36.0,"key":"EssenceOfSteel"},{"floor":37.0,"key":"Strength Potion"},{"floor":42,"key":"Ancient Potion"},{"floor":48,"key":"LiquidBronze"}],"is_trial":false,"path_per_floor":["M","$","?","M","$","R","E","R","T","R","M","?","E","M","R","B",null,"M","?","M","$","M","R","E","R","T","R","$","E","M","M","R","B",null,"M","M","?","?","?","R","R","E","T","M","R","$","R","M","R","B",null],"character_chosen":"IRONCLAD","items_purchased":["Inflame","Oddly Smooth Stone","Metallicize","Lantern","Whirlwind","Kunai","Limit Break","Shrug It Off","Dexterity Potion"],"campfire_rested":0,"item_purchase_floors":[2,5,28,28,28,46,46,46,46],"current_hp_per_floor":[74,74,74,75,75,75,75,75,75,75,73,62,68,70,70,60,77,72,91,73,73,67,67,86,86,86,86,86,76,63,69,69,31,85,79,85,80,83,83,83,83,30,30,33,33,33,33,43,43,9],"gold":64,"neow_bonus":"THREE_ENEMY_KILL","is_prod":false,"is_daily":false,"chose_seed":false,"campfire_upgraded":10,"win_rate":0,"timestamp":1545743817,"path_taken":["M","$","?","M","$","R","E","R","T","R","M","?","E","M","R","BOSS","M","?","M","$","M","R","E","R","T","R","$","E","M","M","R","BOSS","M","M","?","?","?","R","R","E","T","M","R","$","R","M","R","BOSS"],"build_version":"2018-12-20","purchased_purges":2,"victory":true,"max_hp_per_floor":[75,75,75,75,75,75,75,75,75,75,79,79,79,83,83,83,83,87,91,91,91,95,95,95,95,95,95,95,99,99,99,99,103,103,103,103,103,107,107,107,107,107,107,107,107,107,107,111,111,115],"card_choices":[{"not_picked":["Headbutt","Intimidate"],"picked":"Iron Wave","floor":1.0},{"not_picked":["Evolve","Flex"],"picked":"Headbutt","floor":4.0},{"not_picked":["Carnage","Headbutt"],"picked":"Feed","floor":7.0},{"not_picked":["Heavy Blade","Combust"],"picked":"Cleave","floor":11.0},{"not_picked":["Exhume","Heavy Blade"],"picked":"Metallicize","floor":13.0},{"not_picked":["Burning Pact","Twin Strike","Clash"],"picked":"SKIP","floor":14.0},{"not_picked":["Demon Form","Berserk"],"picked":"Reaper","floor":16.0},{"not_picked":["Pommel Strike","Clothesline+1"],"picked":"Sword Boomerang+1","floor":18.0},{"not_picked":["Anger","Headbutt"],"picked":"Clothesline","floor":19.0},{"not_picked":["Headbutt","Sword Boomerang"],"picked":"Uppercut+1","floor":20.0},{"not_picked":["Combust","Havoc","Rampage"],"picked":"SKIP","floor":22.0},{"not_picked":["Brutality","Body Slam","Exhume"],"picked":"SKIP","floor":24.0},{"not_picked":["Havoc","Shockwave","Fiend Fire"],"picked":"SKIP","floor":29.0},{"not_picked":["Fire Breathing","Clothesline"],"picked":"Shrug It Off","floor":30.0},{"not_picked":["Body Slam","Clothesline"],"picked":"Ghostly Armor","floor":31.0},{"not_picked":["Feed","Bludgeon"],"picked":"Impervious","floor":33.0},{"not_picked":["Clothesline","Perfected Strike"],"picked":"Bloodletting+1","floor":35.0},{"not_picked":["Pommel Strike","Rage"],"picked":"Whirlwind+1","floor":36.0},{"not_picked":["Cleave","Searing Blow"],"picked":"Heavy Blade","floor":37.0},{"not_picked":["Armaments","Thunderclap"],"picked":"Demon Form","floor":38.0},{"not_picked":["Warcry","Armaments","Infernal Blade"],"picked":"SKIP","floor":42},{"not_picked":["Burning Pact","True Grit"],"picked":"Ghostly Armor+1","floor":44},{"not_picked":["Heavy Blade+1","Power Through"],"picked":"True Grit+1","floor":48}],"player_experience":676087,"relics_obtained":[{"floor":7.0,"key":"Matryoshka"},{"floor":9.0,"key":"Pen Nib"},{"floor":9.0,"key":"Anchor"},{"floor":13.0,"key":"Bronze Scales"},{"floor":19.0,"key":"Red Mask"},{"floor":24.0,"key":"Potion Belt"},{"floor":26.0,"key":"PreservedInsect"},{"floor":26.0,"key":"Vajra"},{"floor":29.0,"key":"StoneCalendar"},{"floor":37.0,"key":"Dead Branch"},{"floor":38.0,"key":"WingedGreaves"},{"floor":42,"key":"Shovel"},{"floor":45,"key":"Ancient Tea Set"},{"floor":47,"key":"Art of War"},{"floor":49,"key":"Happy Flower"}],"event_choices":[{"damage_healed":0.0,"max_hp_gain":0.0,"max_hp_loss":0.0,"gold_gain":150.0,"event_name":"Liars Game","player_choice":"AGREE","floor":3.0,"gold_loss":0.0,"damage_taken":0.0,"cards_obtained":["Doubt"]},{"damage_healed":0.0,"max_hp_gain":0.0,"max_hp_loss":0.0,"gold_gain":75.0,"event_name":"World of Goop","player_choice":"Gather Gold","floor":12.0,"gold_loss":0.0,"damage_taken":11.0},{"damage_healed":0.0,"max_hp_gain":0.0,"max_hp_loss":0.0,"gold_gain":0.0,"event_name":"Masked Bandits","player_choice":"Fought Bandits","floor":19.0,"gold_loss":0.0,"damage_taken":0.0},{"damage_healed":0.0,"max_hp_gain":0.0,"max_hp_loss":0.0,"gold_gain":0.0,"event_name":"MindBloom","player_choice":"Fight","floor":37.0,"gold_loss":0.0,"damage_taken":0.0},{"damage_healed":0.0,"max_hp_gain":0.0,"max_hp_loss":0.0,"gold_gain":0.0,"event_name":"Mysterious Sphere","player_choice":"Fight","floor":38.0,"gold_loss":0.0,"damage_taken":0.0},{"damage_healed":0.0,"max_hp_gain":0.0,"max_hp_loss":0.0,"gold_gain":222.0,"event_name":"Tomb of Lord Red Mask","player_choice":"Wore Mask","floor":39.0,"gold_loss":0.0,"damage_taken":0.0}],"is_beta":true,"boss_relics":[{"not_picked":["Black Blood","Tiny House"],"picked":"Coffee Dripper"},{"not_picked":["Snecko Eye","Calling Bell"],"picked":"Runic Cube"}],"items_purged_floors":[5,21],"is_endless":false,"potions_floor_spawned":[7,11,13,16,20,22,24,29,31,33,36,37,42,48],"ascension_level":18}