{"gold_per_floor":[118,68,68,19,32,67,67,86,110,127,190,190,218,235,235,339,339,339,339,339,339,339,339,339,339,339,19,19,19,19,19,19,19],"floor_reached":33,"playtime":1098,"items_purged":["Writhe"],"score":453,"play_id":"fb608b10-d434-4ae8-9e99-99331b3f9136","local_time":"20190216161804","is_ascension_mode":true,"campfire_choices":[{"data":"Barrage","floor":7,"key":"SMITH"},{"data":"Blizzard","floor":12,"key":"SMITH"},{"floor":15,"key":"REST"},{"floor":24,"key":"REST"},{"floor":28,"key":"REST"},{"data":"Loop","floor":32,"key":"SMITH"}],"neow_cost":"NONE","seed_source_timestamp":195261101871100,"circlet_count":0,"master_deck":["AscendersBane","Strike_B","Strike_B","Strike_B","Strike_B","Defend_B","Defend_B","Defend_B","Zap","Dualcast","Cold Snap","Barrage+1","Blizzard+1","Coolheaded","Auto Shields","Biased Cognition","White Noise+1","Consume","Cold Snap","Necronomicurse","Reboot","White Noise","Loop+1","Reboot"],"relics":["Cracked Core","NeowsBlessing","Blood Vial","Ancient Tea Set","Potion Belt","Torii","Centennial Puzzle","Ectoplasm","Vajra","Necronomicon","Bronze Scales","Red Mask","Bag of Preparation","Toy Ornithopter"],"potions_floor_usage":[11,13,23,23,33,33,33],"damage_taken":[{"damage":0,"enemies":"Small Slimes","floor":1,"turns":1},{"damage":0,"enemies":"Jaw Worm","floor":5,"turns":1},{"damage":0,"enemies":"Gremlin Nob","floor":6,"turns":1},{"damage":7,"enemies":"2 Louse","floor":8,"turns":2},{"damage":14,"enemies":"Exordium Wildlife","floor":10,"turns":5},{"damage":12,"enemies":"Gremlin Nob","floor":11,"turns":3},{"damage":18,"enemies":"3 Sentries","floor":13,"turns":6},{"damage":1,"enemies":"Large Slime","floor":14,"turns":5},{"damage":5,"enemies":"The Guardian","floor":16,"turns":13},{"damage":1,"enemies":"Shell Parasite","floor":18,"turns":5},{"damage":7,"enemies":"Chosen","floor":20,"turns":4},{"damage":6,"enemies":"3 Cultists","floor":21,"turns":5},{"damage":25,"enemies":"Gremlin Leader","floor":23,"turns":5},{"damage":26,"enemies":"Masked Bandits","floor":25,"turns":5},{"damage":0,"enemies":"Chosen and Byrds","floor":29,"turns":5},{"damage":8,"enemies":"Snecko","floor":30,"turns":6},{"damage":7,"enemies":"Centurion and Healer","floor":31,"turns":7},{"damage":31,"enemies":"Collector","floor":33,"turns":7}],"seed_played":"3884059626361150372","potions_obtained":[{"floor":1,"key":"FearPotion"},{"floor":6,"key":"Dexterity Potion"},{"floor":11,"key":"Block Potion"},{"floor":18,"key":"Explosive Potion"},{"floor":21,"key":"AttackPotion"},{"floor":25,"key":"Explosive Potion"}],"is_trial":false,"path_per_floor":["M","?","?","$","M","E","R","M","T","M","?","R","E","M","R","B",null,"M","?","M","M","?","E","R","?","T","$","R","M","M","M","R","B"],"character_chosen":"DEFECT","items_purchased":["Cold Snap","Toy Ornithopter","PowerPotion"],"campfire_rested":3,"item_purchase_floors":[4,27,27],"current_hp_per_floor":[68,68,50,50,52,54,54,49,49,37,27,27,11,12,34,31,64,65,65,60,56,40,17,39,15,15,15,37,39,33,28,28,14],"gold":19,"neow_bonus":"THREE_ENEMY_KILL","is_prod":false,"is_daily":false,"chose_seed":false,"campfire_upgraded":3,"win_rate":0,"timestamp":1550301484,"path_taken":["M","?","?","?","?","E","R","M","T","M","?","R","E","M","R","BOSS","M","?","M","M","?","E","R","?","T","$","R","M","M","?","R","BOSS"],"build_version":"2019-01-23","purchased_purges":1,"victory":false,"max_hp_per_floor":[75,75,75,75,75,75,75,75,75,75,75,75,75,75,75,75,75,75,75,75,75,75,75,75,75,75,75,75,75,75,75,75,75],"card_choices":[{"not_picked":["Auto Shields","Compile Driver","Hello World"],"picked":"SKIP","floor":1},{"not_picked":["Lockon","Coolheaded"],"picked":"Barrage","floor":5},{"not_picked":["Streamline","Scrape"],"picked":"Blizzard","floor":6},{"not_picked":["Beam Cell","Stack","Tempest"],"picked":"SKIP","floor":8},{"not_picked":["Reprogram","Redo"],"picked":"Coolheaded","floor":10},{"not_picked":["Static Discharge","Hologram","Barrage"],"picked":"SKIP","floor":13},{"not_picked":["Redo","Auto Shields","Genetic Algorithm"],"picked":"SKIP","floor":14},{"not_picked":["Redo","Genetic Algorithm"],"picked":"Auto Shields","floor":14},{"not_picked":["Buffer","Electrodynamics"],"picked":"Biased Cognition","floor":16},{"not_picked":["Sunder+1","Steam"],"picked":"White Noise+1","floor":18},{"not_picked":["Coolheaded","Stack+1"],"picked":"Consume","floor":20},{"not_picked":["Barrage","Skim"],"picked":"Cold Snap","floor":21},{"not_picked":["Hello World+1","Gash"],"picked":"Reboot","floor":23},{"not_picked":["Compile Driver","Cold Snap"],"picked":"White Noise","floor":29},{"not_picked":["Turbo","Leap"],"picked":"Loop","floor":30},{"not_picked":["Steam","Sweeping Beam"],"picked":"Reboot","floor":31}],"player_experience":82091,"relics_obtained":[{"floor":6,"key":"Ancient Tea Set"},{"floor":9,"key":"Potion Belt"},{"floor":11,"key":"Torii"},{"floor":13,"key":"Centennial Puzzle"},{"floor":22,"key":"Necronomicon"},{"floor":23,"key":"Bronze Scales"},{"floor":25,"key":"Red Mask"},{"floor":26,"key":"Bag of Preparation"}],"event_choices":[{"cards_removed":["Defend_B"],"damage_healed":0,"gold_gain":0,"player_choice":"Card Removal","damage_taken":0,"max_hp_gain":0,"max_hp_loss":0,"event_name":"The Cleric","floor":2,"gold_loss":50},{"damage_healed":0,"gold_gain":0,"player_choice":"Success","damage_taken":18,"relics_obtained":["Blood Vial"],"max_hp_gain":0,"max_hp_loss":0,"event_name":"Scrap Ooze","floor":3,"gold_loss":0},{"damage_healed":0,"gold_gain":0,"player_choice":"Searched \u00271\u0027 times","damage_taken":0,"max_hp_gain":0,"max_hp_loss":0,"event_name":"Dead Adventurer","floor":11,"gold_loss":0},{"damage_healed":0,"gold_gain":0,"player_choice":"Opened","damage_taken":0,"relics_obtained":["Vajra"],"max_hp_gain":0,"max_hp_loss":0,"event_name":"The Mausoleum","floor":19,"gold_loss":0,"cards_obtained":["Writhe"]},{"damage_healed":0,"gold_gain":0,"player_choice":"Obtained Book","damage_taken":16,"max_hp_gain":0,"max_hp_loss":0,"event_name":"Cursed Tome","floor":22,"gold_loss":0},{"damage_healed":0,"gold_gain":0,"player_choice":"Fought Bandits","damage_taken":0,"max_hp_gain":0,"max_hp_loss":0,"event_name":"Masked Bandits","floor":25,"gold_loss":0}],"is_beta":false,"boss_relics":[{"not_picked":["Black Star","Runic Pyramid"],"picked":"Ectoplasm"}],"items_purged_floors":[27],"is_endless":false,"potions_floor_spawned":[1,6,11,18,21,25],"killed_by":"Collector","ascension_level":10}