{"gold_per_floor":[12,27,27,42,42,42,77,77,101,117,148,33,33,66,66,143,143,155,170,95,95,114,114,140,169,169,187,237,237,90,103,103,177,177,194,144,144,144,94,121,121,121,121,121,121,221,249,264,264,264,264,264,264,61,96,96],"floor_reached":57,"playtime":2555,"items_purged":["Strike_R","Strike_R","Strike_R","Bash","Hemokinesis"],"score":3284,"play_id":"a72cac66-17d1-45c0-90d5-dea8f65f5086","local_time":"20190422134033","is_ascension_mode":true,"campfire_choices":[{"data":"Carnage","floor":6,"key":"SMITH"},{"data":"Fiend Fire","floor":8,"key":"SMITH"},{"data":"Shockwave","floor":13,"key":"SMITH"},{"floor":15,"key":"REST"},{"data":"Fiend Fire","floor":23,"key":"SMITH"},{"data":"Entrench","floor":32,"key":"SMITH"},{"floor":41,"key":"RECALL"},{"data":"Sentinel","floor":44,"key":"SMITH"},{"data":"Body Slam","floor":49,"key":"SMITH"},{"data":"Feel No Pain","floor":53,"key":"SMITH"}],"neow_cost":"NO_GOLD","seed_source_timestamp":4586749066400,"circlet_count":0,"master_deck":["AscendersBane","Strike_R+1","Defend_R+1","Defend_R","Defend_R","Defend_R","Feel No Pain+1","Disarm+1","Carnage+1","Shrug It Off+1","Fiend Fire+1","Shockwave+1","Second Wind","Battle Trance","Fiend Fire+1","Sentinel+1","Carnage+1","Offering","Entrench+1","Ghostly Armor","Shockwave","Feed","Flame Barrier","Madness","Madness","Burning Pact","Finesse","Purity","Purity","Body Slam+1","Battle Trance+1","Discovery"],"relics":["Burning Blood","Prayer Wheel","War Paint","Ancient Tea Set","Happy Flower","Dead Branch","Coffee Dripper","Smiling Mask","Omamori","Anchor","Cursed Key","Juzu Bracelet","Gremlin Horn","Calipers","Pen Nib","Boot"],"potions_floor_usage":[56,56],"damage_taken":[{"damage":9,"enemies":"Jaw Worm","floor":1,"turns":4},{"damage":5,"enemies":"Cultist","floor":2,"turns":4},{"damage":4,"enemies":"Small Slimes","floor":4,"turns":4},{"damage":11,"enemies":"Gremlin Nob","floor":7,"turns":3},{"damage":5,"enemies":"Exordium Wildlife","floor":10,"turns":3},{"damage":10,"enemies":"3 Sentries","floor":11,"turns":13},{"damage":8,"enemies":"Lagavulin","floor":14,"turns":4},{"damage":13,"enemies":"The Guardian","floor":16,"turns":9},{"damage":0,"enemies":"Chosen","floor":18,"turns":3},{"damage":0,"enemies":"Shell Parasite","floor":19,"turns":3},{"damage":12,"enemies":"Cultist and Chosen","floor":22,"turns":2},{"damage":6,"enemies":"Gremlin Leader","floor":25,"turns":4},{"damage":0,"enemies":"Snecko","floor":27,"turns":4},{"damage":0,"enemies":"Centurion and Healer","floor":31,"turns":6},{"damage":9,"enemies":"Champ","floor":33,"turns":15},{"damage":6,"enemies":"3 Darklings","floor":35,"turns":4},{"damage":12,"enemies":"Reptomancer","floor":40,"turns":4},{"damage":0,"enemies":"Mind Bloom Boss Battle","floor":46,"turns":5},{"damage":0,"enemies":"Giant Head","floor":47,"turns":6},{"damage":0,"enemies":"3 Shapes","floor":48,"turns":6},{"damage":17,"enemies":"Donu and Deca","floor":50,"turns":7},{"damage":9,"enemies":"Time Eater","floor":51,"turns":12},{"damage":39,"enemies":"Shield and Spear","floor":55,"turns":6},{"damage":5,"enemies":"The Heart","floor":56,"turns":6}],"seed_played":"-1772906107693175448","potions_obtained":[{"floor":4,"key":"SmokeBomb"},{"floor":7,"key":"SteroidPotion"},{"floor":11,"key":"AttackPotion"},{"floor":18,"key":"Dexterity Potion"}],"is_trial":false,"path_per_floor":["M","M","?","M","?","R","E","R","T","M","E","$","R","E","R","B",null,"M","M","?","?","M","R","T","E","T","M","?","?","$","M","R","B",null,"M","$","?","?","$","E","R","?","T","R","$","?","E","M","R","B","B",null,"R","$","E","B",null],"character_chosen":"IRONCLAD","items_purchased":["Battle Trance","Shockwave","PowerPotion","Discovery","PowerPotion"],"campfire_rested":1,"item_purchase_floors":[12,30,30,54,54],"current_hp_per_floor":[65,66,55,57,34,34,29,29,29,30,26,26,26,24,46,39,66,72,75,75,75,69,69,69,69,69,75,75,75,75,75,75,72,74,77,77,77,63,63,60,60,50,50,50,50,56,62,72,72,61,58,78,78,78,45,46],"gold":96,"neow_bonus":"ONE_RARE_RELIC","is_prod":false,"is_daily":false,"chose_seed":false,"campfire_upgraded":8,"win_rate":0,"timestamp":1555908033,"path_taken":["M","M","?","?","?","R","E","R","T","M","E","$","R","E","R","BOSS","M","M","?","?","?","R","?","E","T","M","?","?","$","M","R","BOSS","M","$","?","?","$","E","R","?","T","R","?","?","E","M","R","BOSS","BOSS","R","$","E","BOSS"],"build_version":"2019-01-23","purchased_purges":5,"victory":true,"max_hp_per_floor":[75,75,75,75,75,75,75,75,75,75,75,75,75,75,75,75,75,75,75,75,75,75,75,75,75,75,75,75,75,75,75,75,75,75,78,78,78,78,78,81,81,81,81,81,81,81,81,85,85,85,85,85,85,85,85,85],"card_choices":[{"not_picked":["Thunderclap","Heavy Blade"],"picked":"Feel No Pain","floor":1},{"not_picked":["Twin Strike","Heavy Blade"],"picked":"Hemokinesis","floor":1},{"not_picked":["Double Tap","Pommel Strike"],"picked":"Disarm","floor":2},{"not_picked":["Wild Strike","Searing Blow","Metallicize"],"picked":"SKIP","floor":2},{"not_picked":["Hemokinesis","Second Wind"],"picked":"Carnage","floor":4},{"not_picked":["Anger","Carnage"],"picked":"Shrug It Off","floor":4},{"not_picked":["Clash","Clothesline"],"picked":"Fiend Fire","floor":7},{"not_picked":["Havoc","Cleave"],"picked":"Shockwave","floor":10},{"not_picked":["Clash","Cleave","Anger"],"picked":"SKIP","floor":10},{"not_picked":["Clash","Cleave","Anger"],"picked":"SKIP","floor":10},{"not_picked":["Sword Boomerang","Rupture"],"picked":"Second Wind","floor":11},{"not_picked":["Rupture","Blood for Blood","Armaments"],"picked":"SKIP","floor":14},{"not_picked":["Berserk","Immolate"],"picked":"Fiend Fire","floor":16},{"not_picked":["Rupture","Anger"],"picked":"Sentinel","floor":18},{"not_picked":["Twin Strike","Headbutt"],"picked":"Carnage+1","floor":18},{"not_picked":["Sword Boomerang","Reckless Charge+1"],"picked":"Offering","floor":19},{"not_picked":["Fire Breathing+1","Pommel Strike","Perfected Strike"],"picked":"SKIP","floor":19},{"not_picked":["Clash","Power Through"],"picked":"Entrench","floor":22},{"not_picked":["Armaments","Headbutt","Body Slam"],"picked":"SKIP","floor":22},{"not_picked":["Flex","Infernal Blade+1"],"picked":"Ghostly Armor","floor":25},{"not_picked":["Rupture","Havoc","Heavy Blade+1"],"picked":"SKIP","floor":27},{"not_picked":["Rupture","Dark Embrace","Body Slam"],"picked":"SKIP","floor":27},{"not_picked":["Headbutt","Clash","Thunderclap"],"picked":"SKIP","floor":31},{"not_picked":["Anger","Cleave","Metallicize+1"],"picked":"SKIP","floor":31},{"not_picked":["Exhume","Brutality"],"picked":"Feed","floor":33},{"not_picked":["Wild Strike","Metallicize","Thunderclap"],"picked":"SKIP","floor":35},{"not_picked":["Cleave","Flame Barrier","Power Through+1"],"picked":"SKIP","floor":35},{"not_picked":["Cleave","Power Through+1"],"picked":"Flame Barrier","floor":35},{"not_picked":["Wild Strike","Metallicize","Thunderclap"],"picked":"SKIP","floor":35},{"not_picked":["Power Through+1","Hemokinesis"],"picked":"Burning Pact","floor":40},{"not_picked":["Transmutation","Forethought"],"picked":"Finesse","floor":42},{"not_picked":["Deep Breath","Panache"],"picked":"Purity","floor":42},{"not_picked":["Flash of Steel","Deep Breath"],"picked":"Purity","floor":42},{"not_picked":["Heavy Blade","Blood for Blood"],"picked":"Body Slam","floor":47},{"not_picked":["Anger","Power Through"],"picked":"Battle Trance+1","floor":48},{"not_picked":["Headbutt","Shrug It Off","Dropkick"],"picked":"SKIP","floor":48},{"not_picked":["Spot Weakness","Clothesline","Perfected Strike+1"],"picked":"SKIP","floor":55}],"player_experience":3291848,"relics_obtained":[{"floor":7,"key":"War Paint"},{"floor":9,"key":"Ancient Tea Set"},{"floor":11,"key":"Happy Flower"},{"floor":14,"key":"Dead Branch"},{"floor":24,"key":"Smiling Mask"},{"floor":25,"key":"Omamori"},{"floor":40,"key":"Juzu Bracelet"},{"floor":43,"key":"Gremlin Horn"},{"floor":46,"key":"Calipers"},{"floor":47,"key":"Pen Nib"},{"floor":55,"key":"Boot"}],"event_choices":[{"damage_healed":0,"gold_gain":0,"player_choice":"Damaged","damage_taken":11,"max_hp_gain":0,"max_hp_loss":0,"event_name":"Wheel of Change","floor":3,"gold_loss":0},{"damage_healed":0,"gold_gain":0,"player_choice":"Entered Light","damage_taken":23,"max_hp_gain":0,"max_hp_loss":0,"event_name":"Shining Light","floor":5,"gold_loss":0,"cards_upgraded":["Strike_R","Shrug It Off"]},{"cards_removed":["Strike_R"],"damage_healed":0,"gold_gain":0,"player_choice":"Gave Gold","damage_taken":0,"max_hp_gain":0,"max_hp_loss":0,"event_name":"Beggar","floor":20,"gold_loss":75},{"damage_healed":0,"gold_gain":0,"player_choice":"Ignored","damage_taken":0,"max_hp_gain":0,"max_hp_loss":0,"event_name":"Vampires","floor":21,"gold_loss":0},{"damage_healed":0,"gold_gain":50,"player_choice":"Stole From Cult","damage_taken":0,"max_hp_gain":0,"max_hp_loss":0,"event_name":"Nest","floor":28,"gold_loss":0},{"damage_healed":0,"gold_gain":0,"player_choice":"Opened","damage_taken":0,"relics_obtained":["Anchor"],"max_hp_gain":0,"max_hp_loss":0,"event_name":"The Mausoleum","floor":29,"gold_loss":0,"cards_obtained":["Writhe"]},{"damage_healed":0,"gold_gain":0,"player_choice":"Ignored","damage_taken":0,"max_hp_gain":0,"max_hp_loss":0,"event_name":"Tomb of Lord Red Mask","floor":37,"gold_loss":0},{"damage_healed":0,"gold_gain":0,"player_choice":"Embrace Madness","damage_taken":14,"max_hp_gain":0,"max_hp_loss":0,"event_name":"Winding Halls","floor":38,"gold_loss":0,"cards_obtained":["Madness","Madness"]},{"damage_healed":0,"gold_gain":0,"player_choice":"Memory 3","damage_taken":10,"max_hp_gain":0,"max_hp_loss":0,"event_name":"SensoryStone","floor":42,"gold_loss":0},{"damage_healed":0,"gold_gain":0,"player_choice":"Fight","damage_taken":0,"max_hp_gain":0,"max_hp_loss":0,"event_name":"MindBloom","floor":46,"gold_loss":0}],"is_beta":false,"boss_relics":[{"not_picked":["Ectoplasm","Philosopher\u0027s Stone"],"picked":"Coffee Dripper"},{"not_picked":["Lizard Tail","Orrery"],"picked":"Cursed Key"}],"items_purged_floors":[12,30,36,39,54],"is_endless":false,"potions_floor_spawned":[4,7,11,14,18,19,22,35,47,48,55],"ascension_level":20}