{"gold_per_floor":[114,130,150,150,150,150,179,199,248,248,277,28,28,47,47,123,123,142,46,46,56,6,6,6,35,35,35,35,35,35,53,53,130,130,142,142,10,28,41,41,41,73,73,73,90,1,0,0,0,0],"floor_reached":50,"playtime":1587,"items_purged":["Strike_B","Strike_B","Steam Power"],"score":1088,"play_id":"b072204a-710c-4cde-aa62-2688bd6a70da","local_time":"20190320180221","is_ascension_mode":true,"campfire_choices":[{"data":"Electrodynamics","floor":6,"key":"SMITH"},{"floor":13,"key":"REST"},{"data":"Buffer","floor":15,"key":"SMITH"},{"data":"Turbo","floor":23,"key":"SMITH"},{"floor":27,"key":"REST"},{"data":"Tempest","floor":29,"key":"SMITH"},{"floor":32,"key":"REST"},{"data":"Coolheaded","floor":41,"key":"SMITH"},{"data":"Consume","floor":44,"key":"SMITH"},{"floor":49,"key":"RECALL"}],"neow_cost":"TEN_PERCENT_HP_LOSS","seed_source_timestamp":83107876063900,"circlet_count":0,"master_deck":["AscendersBane","Defend_B","Defend_B","Zap","Dualcast","Electrodynamics+1","White Noise","Tempest+1","White Noise","Machine Learning","Turbo+1","Buffer+1","Echo Form","Reinforced Body","Cold Snap","Doom and Gloom","Creative AI","Coolheaded+1","Echo Form","Sunder+1","Double Energy+1","Consume+1","Self Repair","All For One+1"],"relics":["Cracked Core","Bottled Tornado","Boot","Membership Card","Sozu","DataDisk","Molten Egg 2","Smiling Mask","Snecko Eye","DollysMirror","Happy Flower","Omamori","Vajra","Red Mask"],"potions_floor_usage":[11,16],"damage_taken":[{"damage":1,"enemies":"Cultist","floor":1,"turns":3},{"damage":9,"enemies":"Jaw Worm","floor":2,"turns":4},{"damage":0,"enemies":"2 Louse","floor":3,"turns":2},{"damage":32,"enemies":"Gremlin Nob","floor":7,"turns":4},{"damage":8,"enemies":"Red Slaver","floor":8,"turns":3},{"damage":12,"enemies":"Lagavulin","floor":11,"turns":5},{"damage":0,"enemies":"3 Louse","floor":14,"turns":1},{"damage":0,"enemies":"Slime Boss","floor":16,"turns":8},{"damage":0,"enemies":"3 Byrds","floor":18,"turns":1},{"damage":0,"enemies":"Chosen","floor":21,"turns":4},{"damage":25,"enemies":"Slavers","floor":25,"turns":3},{"damage":18,"enemies":"Centurion and Healer","floor":31,"turns":4},{"damage":14,"enemies":"Champ","floor":33,"turns":17},{"damage":0,"enemies":"3 Darklings","floor":35,"turns":1},{"damage":0,"enemies":"Orb Walker","floor":38,"turns":2},{"damage":0,"enemies":"Jaw Worm Horde","floor":39,"turns":2},{"damage":18,"enemies":"Nemesis","floor":42,"turns":5},{"damage":0,"enemies":"Sphere and 2 Shapes","floor":45,"turns":2},{"damage":21,"enemies":"Awakened One","floor":50,"turns":2}],"seed_played":"-8543269460622363574","potions_obtained":[{"floor":1,"key":"SteroidPotion"},{"floor":7,"key":"Ancient Potion"},{"floor":8,"key":"AttackPotion"},{"floor":11,"key":"SpeedPotion"}],"is_trial":false,"path_per_floor":["M","M","M","?","?","R","E","M","T","?","E","$","R","M","R","B",null,"M","$","?","M","$","R","?","E","T","R","$","R","$","M","R","B",null,"M","?","$","M","M","?","R","E","T","R","M","$","?","?","R","B"],"character_chosen":"DEFECT","items_purchased":["Membership Card","DataDisk","Cold Snap","DollysMirror","Sunder+1","All For One+1"],"campfire_rested":3,"item_purchase_floors":[12,19,19,37,37,46],"current_hp_per_floor":[63,54,54,54,54,54,22,14,14,14,2,2,21,21,21,21,53,53,53,53,53,53,53,53,28,28,47,47,47,47,29,48,34,57,57,57,57,57,57,57,57,39,39,39,39,39,39,29,29,8],"gold":0,"neow_bonus":"THREE_RARE_CARDS","is_prod":false,"is_daily":false,"chose_seed":false,"campfire_upgraded":6,"win_rate":0,"timestamp":1553072541,"path_taken":["M","?","M","?","?","R","E","?","T","?","E","$","R","M","R","BOSS","M","$","?","M","$","R","?","E","T","R","$","R","?","M","R","BOSS","M","?","$","M","M","?","R","E","T","R","?","$","?","?","R","BOSS"],"build_version":"2019-01-23","purchased_purges":3,"victory":false,"max_hp_per_floor":[64,64,64,64,64,64,64,64,64,64,64,64,64,64,64,64,64,64,64,64,64,64,64,64,64,64,64,64,64,64,64,64,64,64,64,64,64,64,64,64,64,64,64,64,64,64,64,64,64,64],"card_choices":[{"not_picked":["Biased Cognition","Fission"],"picked":"Electrodynamics","floor":0},{"not_picked":["Steam Power","Beam Cell"],"picked":"White Noise","floor":1},{"not_picked":["Blizzard","FTL"],"picked":"Tempest","floor":2},{"not_picked":["Scrape","Leap"],"picked":"White Noise","floor":3},{"not_picked":["Chaos","Barrage","Gash"],"picked":"SKIP","floor":7},{"not_picked":["Steam","Streamline"],"picked":"Turbo","floor":8},{"not_picked":["Reinforced Body","Go for the Eyes","Stack"],"picked":"SKIP","floor":11},{"not_picked":["Sweeping Beam","Streamline"],"picked":"Buffer","floor":14},{"not_picked":["Reboot","Thunder Strike"],"picked":"Echo Form","floor":16},{"not_picked":["Heatsinks","Redo"],"picked":"Reinforced Body","floor":18},{"not_picked":["Streamline","Beam Cell","Barrage"],"picked":"SKIP","floor":21},{"not_picked":["Skim","FTL","Hello World"],"picked":"SKIP","floor":25},{"not_picked":["Redo","Steam","Rip and Tear+1"],"picked":"SKIP","floor":31},{"not_picked":["Echo Form","Amplify"],"picked":"Creative AI","floor":33},{"not_picked":["Genetic Algorithm","Melter+1"],"picked":"Coolheaded","floor":35},{"not_picked":["Turbo+1","Barrage+1","Compile Driver+1"],"picked":"SKIP","floor":38},{"not_picked":["Turbo+1","Barrage+1","Compile Driver+1"],"picked":"SKIP","floor":38},{"not_picked":["Redo+1","Turbo+1"],"picked":"Double Energy+1","floor":39},{"not_picked":["Heatsinks","Beam Cell+1"],"picked":"Consume","floor":42},{"not_picked":["Chaos","Steam"],"picked":"Self Repair","floor":45}],"player_experience":2412648,"relics_obtained":[{"floor":7,"key":"Bottled Tornado"},{"floor":11,"key":"Boot"},{"floor":25,"key":"Molten Egg 2"},{"floor":26,"key":"Smiling Mask"},{"floor":42,"key":"Omamori"},{"floor":43,"key":"Vajra"}],"event_choices":[{"damage_healed":0,"gold_gain":0,"player_choice":"Ignored","damage_taken":0,"max_hp_gain":0,"max_hp_loss":0,"event_name":"Liars Game","floor":4,"gold_loss":0},{"damage_healed":0,"gold_gain":0,"cards_transformed":["Strike_B"],"player_choice":"Transformed","damage_taken":0,"max_hp_gain":0,"max_hp_loss":0,"event_name":"Transmorgrifier","floor":5,"gold_loss":0,"cards_obtained":["Machine Learning"]},{"damage_healed":0,"gold_gain":0,"player_choice":"Ignored","damage_taken":0,"max_hp_gain":0,"max_hp_loss":0,"event_name":"Shining Light","floor":10,"gold_loss":0},{"damage_healed":0,"gold_gain":0,"player_choice":"Ignored","damage_taken":0,"max_hp_gain":0,"max_hp_loss":0,"event_name":"Vampires","floor":20,"gold_loss":0},{"damage_healed":0,"gold_gain":0,"cards_transformed":["Defend_B","Strike_B"],"player_choice":"Became Test Subject","damage_taken":0,"max_hp_gain":0,"max_hp_loss":0,"event_name":"Drug Dealer","floor":24,"gold_loss":0,"cards_obtained":["Steam Power","Doom and Gloom"]},{"cards_removed":["Defend_B"],"damage_healed":0,"gold_gain":0,"player_choice":"Removed Skill","damage_taken":0,"max_hp_gain":0,"max_hp_loss":0,"event_name":"Falling","floor":36,"gold_loss":0},{"damage_healed":0,"gold_gain":0,"player_choice":"Gave Potion","damage_taken":0,"relics_obtained":["Happy Flower"],"max_hp_gain":0,"max_hp_loss":0,"event_name":"WeMeetAgain","floor":40,"gold_loss":0},{"damage_healed":0,"gold_gain":0,"player_choice":"Paid","damage_taken":0,"relics_obtained":["Red Mask"],"max_hp_gain":0,"max_hp_loss":0,"event_name":"Tomb of Lord Red Mask","floor":47,"gold_loss":1},{"damage_healed":0,"gold_gain":0,"player_choice":"Memory 3","damage_taken":10,"max_hp_gain":0,"max_hp_loss":0,"event_name":"SensoryStone","floor":48,"gold_loss":0}],"is_beta":false,"boss_relics":[{"not_picked":["Inserter","Fusion Hammer"],"picked":"Sozu"},{"not_picked":["Pandora\u0027s Box","Coffee Dripper"],"picked":"Snecko Eye"}],"items_purged_floors":[12,22,46],"is_endless":false,"potions_floor_spawned":[1,7,8,11,31,35,38,39,42],"killed_by":"Awakened One","ascension_level":20}