{"gold_per_floor":[119,119,139,139,139,139,172,172,222,187,207,207,238,263,263,392,392,416,541,451,469,469,469,495,507,507,507,525,541,76,104,104,199,199,210,228,228,243,243,269,269,303,303,330,357,357,370,47,47,47],"floor_reached":51,"playtime":1558,"items_purged":["Strike_B","Defend_B"],"score":1276,"play_id":"4bc971ab-a3ae-4d62-9a4a-82e06312ec7b","local_time":"20190216135313","is_ascension_mode":true,"campfire_choices":[{"data":"Dualcast","floor":6,"key":"SMITH"},{"data":"Ball Lightning","floor":8,"key":"SMITH"},{"data":"Defragment","floor":15,"key":"SMITH"},{"floor":23,"key":"REST"},{"data":"Reinforced Body","floor":27,"key":"SMITH"},{"data":"Capacitor","floor":32,"key":"SMITH"},{"data":"Biased Cognition","floor":41,"key":"SMITH"},{"data":"Biased Cognition","floor":49,"key":"SMITH"}],"neow_cost":"TEN_PERCENT_HP_LOSS","seed_source_timestamp":186102474016800,"circlet_count":0,"master_deck":["Strike_B","Defend_B","Defend_B+1","Zap+1","Dualcast+1","Ball Lightning+1","Reinforced Body+1","White Noise","Defragment+1","Cold Snap","Core Surge","Beam Cell+1","Cold Snap","Consume+1","Core Surge","Auto Shields+1","Capacitor+1","Cold Snap","Turbo+1","Biased Cognition+1","Sweeping Beam+1","Chill","Skim+1","Double Energy+1","Biased Cognition+1","Tempest+1","Creative AI"],"relics":["FrozenCore","WingedGreaves","Bloody Idol","Ornamental Fan","Lantern","Anchor","Runic Dome","Ginger","Pantograph","Bag of Preparation","Kunai","Ice Cream","Mummified Hand","Thread and Needle","Mercury Hourglass","Bottled Flame","Nunchaku","Bottled Lightning","Bird Faced Urn"],"potions_floor_usage":[19,19,31,31],"damage_taken":[{"damage":3,"enemies":"Small Slimes","floor":1,"turns":4},{"damage":7,"enemies":"Jaw Worm","floor":3,"turns":2},{"damage":12,"enemies":"3 Sentries","floor":7,"turns":6},{"damage":0,"enemies":"Cultist","floor":11,"turns":2},{"damage":19,"enemies":"Gremlin Nob","floor":13,"turns":4},{"damage":0,"enemies":"Looter","floor":14,"turns":2},{"damage":0,"enemies":"Hexaghost","floor":16,"turns":7},{"damage":0,"enemies":"Shell Parasite","floor":18,"turns":4},{"damage":0,"enemies":"Colosseum Slavers","floor":19,"turns":3},{"damage":29,"enemies":"Colosseum Nobs","floor":19,"turns":6},{"damage":0,"enemies":"2 Thieves","floor":21,"turns":4},{"damage":6,"enemies":"Book of Stabbing","floor":24,"turns":4},{"damage":10,"enemies":"Sentry and Sphere","floor":25,"turns":4},{"damage":0,"enemies":"Snake Plant","floor":28,"turns":4},{"damage":0,"enemies":"Chosen and Byrds","floor":29,"turns":4},{"damage":0,"enemies":"Slavers","floor":31,"turns":4},{"damage":8,"enemies":"Automaton","floor":33,"turns":7},{"damage":0,"enemies":"3 Darklings","floor":35,"turns":5},{"damage":0,"enemies":"3 Shapes","floor":36,"turns":5},{"damage":1,"enemies":"Spire Growth","floor":38,"turns":6},{"damage":7,"enemies":"Nemesis","floor":40,"turns":5},{"damage":0,"enemies":"Giant Head","floor":42,"turns":8},{"damage":0,"enemies":"Nemesis","floor":44,"turns":7},{"damage":0,"enemies":"Reptomancer","floor":45,"turns":7},{"damage":0,"enemies":"Jaw Worm Horde","floor":47,"turns":5},{"damage":0,"enemies":"Time Eater","floor":50,"turns":7}],"seed_played":"7164349630422275206","potions_obtained":[{"floor":7,"key":"Strength Potion"},{"floor":14,"key":"Regen Potion"},{"floor":21,"key":"GamblersBrew"},{"floor":25,"key":"SteroidPotion"},{"floor":28,"key":"SteroidPotion"},{"floor":36,"key":"PowerPotion"},{"floor":40,"key":"Energy Potion"}],"is_trial":false,"path_per_floor":["M","?","M","?","?","R","E","R","T","?","M","?","E","M","R","B",null,"M","?","?","M","?","R","E","M","T","R","M","M","$","E","R","B",null,"M","M","?","M","?","E","R","E","T","E","E","T","M","$","R","B",null],"character_chosen":"DEFECT","items_purchased":["Ice Cream","Capacitor","Cold Snap","Creative AI","Ancient Potion"],"campfire_rested":1,"item_purchase_floors":[30,30,30,48,48],"current_hp_per_floor":[65,51,44,37,37,37,25,25,25,40,40,40,21,21,21,21,53,53,38,38,38,38,56,55,50,50,50,55,60,60,63,63,60,62,63,63,63,63,63,61,61,63,63,63,63,63,63,63,63,63],"gold":47,"neow_bonus":"ONE_RARE_RELIC","is_prod":false,"is_daily":false,"chose_seed":false,"campfire_upgraded":7,"win_rate":0,"timestamp":1550292793,"path_taken":["M","?","M","?","?","R","E","R","T","?","?","?","E","M","R","BOSS","M","?","?","?","?","R","E","M","T","R","M","M","?","E","R","BOSS","M","M","?","?","?","E","R","E","T","E","E","?","M","$","R","BOSS"],"build_version":"2019-01-23","purchased_purges":2,"victory":true,"max_hp_per_floor":[68,68,68,68,63,63,63,63,63,63,63,63,63,63,63,63,63,63,63,63,63,63,63,63,63,63,63,63,63,63,63,63,63,63,63,63,63,63,63,63,63,63,63,63,63,63,63,63,63,63],"card_choices":[{"not_picked":["Conserve Battery","Ball Lightning"],"picked":"FTL","floor":1},{"not_picked":["Redo","Rebound"],"picked":"Ball Lightning","floor":3},{"not_picked":["Tempest","Stack"],"picked":"Reinforced Body","floor":7},{"not_picked":["Leap","Barrage"],"picked":"White Noise","floor":11},{"not_picked":["Static Discharge","Hologram"],"picked":"Defragment","floor":13},{"not_picked":["Barrage","Storm"],"picked":"Cold Snap","floor":14},{"not_picked":["Buffer","Biased Cognition"],"picked":"Core Surge","floor":16},{"not_picked":["Redo","Hello World","Leap"],"picked":"SKIP","floor":18},{"not_picked":["Conserve Battery","Turbo"],"picked":"Beam Cell+1","floor":19},{"not_picked":["Hologram","Turbo+1"],"picked":"Cold Snap","floor":21},{"not_picked":["Auto Shields","Scrape"],"picked":"Consume+1","floor":24},{"not_picked":["Cold Snap","Go for the Eyes+1"],"picked":"Core Surge","floor":25},{"not_picked":["Compile Driver","Steam"],"picked":"Auto Shields+1","floor":28},{"not_picked":["Hello World","Rebound","Heatsinks"],"picked":"SKIP","floor":29},{"not_picked":["Consume","Auto Shields"],"picked":"Turbo+1","floor":31},{"not_picked":["Thunder Strike","Electrodynamics"],"picked":"Biased Cognition","floor":33},{"not_picked":["Storm","Go for the Eyes+1","Sweeping Beam+1"],"picked":"SKIP","floor":35},{"not_picked":["Storm","Go for the Eyes+1"],"picked":"Sweeping Beam+1","floor":35},{"not_picked":["Reprogram","Barrage+1"],"picked":"Chill","floor":36},{"not_picked":["Go for the Eyes","Ball Lightning+1"],"picked":"Skim+1","floor":38},{"not_picked":["Gash+1","Storm+1"],"picked":"Double Energy+1","floor":40},{"not_picked":["Fusion+1","FTL+1","Gash"],"picked":"SKIP","floor":42},{"not_picked":["Reprogram","Barrage"],"picked":"Biased Cognition","floor":44},{"not_picked":["Barrage","Self Repair+1","Conserve Battery"],"picked":"SKIP","floor":45},{"not_picked":["Compile Driver+1","FTL+1"],"picked":"Tempest+1","floor":47}],"player_experience":73064,"relics_obtained":[{"floor":7,"key":"Ornamental Fan"},{"floor":9,"key":"Lantern"},{"floor":13,"key":"Anchor"},{"floor":19,"key":"Ginger"},{"floor":19,"key":"Pantograph"},{"floor":24,"key":"Bag of Preparation"},{"floor":26,"key":"Kunai"},{"floor":31,"key":"Mummified Hand"},{"floor":40,"key":"Thread and Needle"},{"floor":42,"key":"Mercury Hourglass"},{"floor":43,"key":"Bottled Flame"},{"floor":44,"key":"Nunchaku"},{"floor":45,"key":"Bottled Lightning"},{"floor":46,"key":"Bird Faced Urn"}],"event_choices":[{"damage_healed":0,"gold_gain":0,"player_choice":"Entered Light","damage_taken":14,"max_hp_gain":0,"max_hp_loss":0,"event_name":"Shining Light","floor":2,"gold_loss":0,"cards_upgraded":["Zap","Defend_B"]},{"cards_removed":["Strike_B"],"damage_healed":0,"gold_gain":0,"player_choice":"Card Removal","damage_taken":7,"max_hp_gain":0,"max_hp_loss":0,"event_name":"Golden Wing","floor":4,"gold_loss":0},{"damage_healed":0,"gold_gain":0,"player_choice":"Lose Max HP","damage_taken":0,"relics_obtained":["Golden Idol"],"max_hp_gain":0,"max_hp_loss":5,"event_name":"Golden Idol","floor":5,"gold_loss":0},{"damage_healed":15,"gold_gain":0,"player_choice":"Healed","damage_taken":0,"max_hp_gain":0,"max_hp_loss":0,"event_name":"The Cleric","floor":10,"gold_loss":35},{"cards_removed":["Defend_B"],"damage_healed":0,"gold_gain":0,"player_choice":"Forget","damage_taken":0,"max_hp_gain":0,"max_hp_loss":0,"event_name":"Living Wall","floor":12,"gold_loss":0},{"damage_healed":0,"gold_gain":0,"player_choice":"Fight","damage_taken":0,"max_hp_gain":0,"max_hp_loss":0,"event_name":"Colosseum","floor":19,"gold_loss":0},{"damage_healed":0,"gold_gain":0,"player_choice":"Fought Nobs","damage_taken":0,"max_hp_gain":0,"max_hp_loss":0,"event_name":"Colosseum","floor":19,"gold_loss":0},{"cards_removed":["Strike_B"],"damage_healed":0,"gold_gain":0,"player_choice":"Upgrade and Remove","damage_taken":0,"max_hp_gain":0,"max_hp_loss":0,"event_name":"Designer","floor":20,"gold_loss":90,"cards_upgraded":["FTL"]},{"damage_healed":0,"gold_gain":0,"player_choice":"Gave Idol","damage_taken":0,"relics_obtained":["Bloody Idol"],"max_hp_gain":0,"max_hp_loss":0,"event_name":"Forgotten Altar","floor":22,"relics_lost":["Golden Idol"],"gold_loss":0},{"damage_healed":0,"gold_gain":0,"player_choice":"0 cards matched","damage_taken":0,"max_hp_gain":0,"max_hp_loss":0,"event_name":"Match and Keep!","floor":37,"gold_loss":0,"cards_obtained":[]},{"cards_removed":["FTL"],"damage_healed":0,"gold_gain":0,"player_choice":"Removed Attack","damage_taken":0,"max_hp_gain":0,"max_hp_loss":0,"event_name":"Falling","floor":39,"gold_loss":0}],"is_beta":false,"boss_relics":[{"not_picked":["White Beast Statue","Eternal Feather"],"picked":"Runic Dome"},{"not_picked":["Sozu","Orrery"],"picked":"FrozenCore"}],"items_purged_floors":[30,48],"is_endless":false,"potions_floor_spawned":[7,14,19,21,25,28,36,40,42,45,47],"ascension_level":5}