{"gold_per_floor":[118,393,23,33,33,33,58,58,58,58,70,70,70,81,81,152,152,171,171,171,183,14,14,14,42,42,92,103,120,120,138,138,212,212,224,324,337,387,401,431,431,460,510,510,541,556,556,571,571,571,571],"floor_reached":51,"playtime":1769,"items_purged":["Regret","Defend_B"],"score":1631,"play_id":"d6f73655-4434-485f-bab2-c10e4d0638af","local_time":"20190226124029","is_ascension_mode":true,"campfire_choices":[{"data":"Defragment","floor":6,"key":"SMITH"},{"data":"Zap","floor":8,"key":"SMITH"},{"data":"White Noise","floor":10,"key":"SMITH"},{"data":"Dualcast","floor":12,"key":"SMITH"},{"data":"Coolheaded","floor":15,"key":"SMITH"},{"data":"Electrodynamics","floor":23,"key":"SMITH"},{"floor":30,"key":"REST"},{"data":"Defragment","floor":32,"key":"SMITH"},{"data":"Consume","floor":41,"key":"SMITH"},{"floor":44,"key":"REST"},{"floor":49,"key":"RECALL"}],"neow_cost":"NONE","seed_source_timestamp":13390980382000,"circlet_count":0,"master_deck":["AscendersBane","Strike_B","Strike_B+1","Strike_B","Defend_B","Defend_B+1","Zap+1","Dualcast+1","Defragment+1","Chill","White Noise+1","Gash","Rip and Tear","Coolheaded+1","Electrodynamics+1","Coolheaded","Gash","Defragment+1","Consume+1","BootSequence","Seek","Turbo","Gash","White Noise","Double Energy","Madness","Madness","Cold Snap"],"relics":["Cracked Core","NeowsBlessing","Bronze Scales","Mercury Hourglass","The Courier","Empty Cage","Pantograph","Ancient Tea Set","DataDisk","Busted Crown","Unceasing Top","Shovel","Ornamental Fan","Centennial Puzzle"],"potions_floor_usage":[16,21,22,25,36,42],"damage_taken":[{"damage":0,"enemies":"2 Louse","floor":1,"turns":1},{"damage":0,"enemies":"Cultist","floor":4,"turns":1},{"damage":0,"enemies":"Lagavulin","floor":7,"turns":1},{"damage":2,"enemies":"Jaw Worm","floor":11,"turns":2},{"damage":11,"enemies":"Blue Slaver","floor":14,"turns":3},{"damage":12,"enemies":"Hexaghost","floor":16,"turns":7},{"damage":3,"enemies":"3 Byrds","floor":18,"turns":2},{"damage":19,"enemies":"Shell Parasite","floor":21,"turns":4},{"damage":18,"enemies":"Slavers","floor":25,"turns":2},{"damage":0,"enemies":"3 Cultists","floor":28,"turns":2},{"damage":14,"enemies":"Snake Plant","floor":29,"turns":3},{"damage":0,"enemies":"Shelled Parasite and Fungi","floor":31,"turns":3},{"damage":16,"enemies":"Automaton","floor":33,"turns":8},{"damage":2,"enemies":"3 Darklings","floor":35,"turns":2},{"damage":17,"enemies":"Mind Bloom Boss Battle","floor":36,"turns":7},{"damage":21,"enemies":"Orb Walker","floor":37,"turns":3},{"damage":11,"enemies":"Jaw Worm Horde","floor":39,"turns":3},{"damage":0,"enemies":"Reptomancer","floor":40,"turns":3},{"damage":15,"enemies":"Nemesis","floor":42,"turns":5},{"damage":0,"enemies":"Reptomancer","floor":45,"turns":5},{"damage":2,"enemies":"Sphere and 2 Shapes","floor":46,"turns":3},{"damage":0,"enemies":"3 Darklings","floor":48,"turns":2},{"damage":19,"enemies":"Donu and Deca","floor":50,"turns":9},{"damage":41,"enemies":"Awakened One","floor":51,"turns":10}],"seed_played":"-1547585626373647418","potions_obtained":[{"floor":4,"key":"LiquidBronze"},{"floor":11,"key":"Fire Potion"},{"floor":16,"key":"Weak Potion"},{"floor":25,"key":"Block Potion"},{"floor":33,"key":"SpeedPotion"},{"floor":40,"key":"Dexterity Potion"},{"floor":42,"key":"Swift Potion"},{"floor":45,"key":"SkillPotion"},{"floor":46,"key":"LiquidBronze"}],"is_trial":false,"path_per_floor":["M","?","$","M","$","R","E","R","T","R","M","R","?","M","R","B",null,"M","?","?","M","$","R","?","E","T","?","M","M","R","M","R","B",null,"M","?","M","?","M","E","R","E","T","R","E","M","?","M","R","B","B"],"character_chosen":"DEFECT","items_purchased":["Bronze Scales","Defragment","Chill","Fruit Juice"],"campfire_rested":2,"item_purchase_floors":[3,3,3,22],"current_hp_per_floor":[64,64,64,64,64,64,64,64,64,64,62,62,41,30,30,18,58,55,55,55,36,41,41,41,23,23,23,23,9,31,31,31,40,67,65,59,38,38,27,27,27,12,12,34,34,32,18,18,18,24,8],"gold":571,"neow_bonus":"THREE_ENEMY_KILL","is_prod":false,"is_daily":false,"chose_seed":false,"campfire_upgraded":8,"win_rate":0,"timestamp":1551152429,"path_taken":["M","?","?","M","$","R","E","R","T","R","M","R","?","M","R","BOSS","M","?","?","M","$","R","?","E","T","?","M","M","R","M","R","BOSS","M","?","M","?","M","E","R","E","T","R","E","?","?","M","R","BOSS","BOSS"],"build_version":"2019-01-23","purchased_purges":2,"victory":false,"max_hp_per_floor":[71,71,71,71,71,71,71,71,71,71,71,71,71,71,71,71,71,71,71,71,71,76,76,76,76,76,76,76,76,76,76,76,76,76,76,76,76,76,76,76,76,76,76,76,76,76,76,76,76,76,76],"card_choices":[{"not_picked":["Ball Lightning","Go for the Eyes","Rebound"],"picked":"SKIP","floor":1},{"not_picked":["Ball Lightning","Barrage"],"picked":"White Noise","floor":4},{"not_picked":["Aggregate","Ball Lightning"],"picked":"Gash","floor":7},{"not_picked":["Stack","Blizzard"],"picked":"Rip and Tear","floor":11},{"not_picked":["Ball Lightning","Conserve Battery"],"picked":"Coolheaded","floor":14},{"not_picked":["Thunder Strike","Amplify"],"picked":"Electrodynamics","floor":16},{"not_picked":["Rebound","Undo"],"picked":"Coolheaded","floor":18},{"not_picked":["Sweeping Beam","Steam"],"picked":"Gash","floor":21},{"not_picked":["Multi-Cast","Rebound"],"picked":"Consume","floor":25},{"not_picked":["White Noise","Lockon"],"picked":"BootSequence","floor":28},{"not_picked":["Lockon","Steam","Stack"],"picked":"SKIP","floor":29},{"not_picked":["Undo","Conserve Battery","Redo"],"picked":"SKIP","floor":31},{"not_picked":["Amplify","Buffer"],"picked":"Seek","floor":33},{"not_picked":[],"picked":"Turbo","floor":35},{"not_picked":[],"picked":"Gash","floor":37},{"not_picked":["Rip and Tear"],"picked":"SKIP","floor":39},{"not_picked":[],"picked":"White Noise","floor":40},{"not_picked":[],"picked":"Double Energy","floor":42},{"not_picked":["Static Discharge"],"picked":"SKIP","floor":45},{"not_picked":["Scrape+1"],"picked":"SKIP","floor":46},{"not_picked":[],"picked":"Cold Snap","floor":48}],"player_experience":1827617,"relics_obtained":[{"floor":7,"key":"Mercury Hourglass"},{"floor":9,"key":"The Courier"},{"floor":25,"key":"Ancient Tea Set"},{"floor":26,"key":"DataDisk"},{"floor":36,"key":"Unceasing Top"},{"floor":40,"key":"Shovel"},{"floor":42,"key":"Ornamental Fan"},{"floor":45,"key":"Centennial Puzzle"}],"event_choices":[{"damage_healed":0,"gold_gain":275,"player_choice":"Desecrate","damage_taken":0,"max_hp_gain":0,"max_hp_loss":0,"event_name":"Golden Shrine","floor":2,"gold_loss":0,"cards_obtained":["Regret"]},{"damage_healed":0,"gold_gain":0,"player_choice":"Entered Light","damage_taken":21,"max_hp_gain":0,"max_hp_loss":0,"event_name":"Shining Light","floor":13,"gold_loss":0,"cards_upgraded":["Defend_B","Strike_B"]},{"damage_healed":0,"gold_gain":0,"player_choice":"Opened","damage_taken":0,"relics_obtained":["Pantograph"],"max_hp_gain":0,"max_hp_loss":0,"event_name":"The Mausoleum","floor":19,"gold_loss":0,"cards_obtained":["Writhe"]},{"cards_removed":["Writhe"],"damage_healed":0,"gold_gain":0,"player_choice":"Elegance","damage_taken":0,"max_hp_gain":0,"max_hp_loss":0,"event_name":"Back to Basics","floor":20,"gold_loss":0},{"damage_healed":0,"gold_gain":0,"player_choice":"Read","damage_taken":0,"max_hp_gain":0,"max_hp_loss":0,"event_name":"The Library","floor":24,"gold_loss":0,"cards_obtained":["Defragment"]},{"damage_healed":0,"gold_gain":50,"player_choice":"Pray","damage_taken":0,"max_hp_gain":0,"max_hp_loss":0,"event_name":"Golden Shrine","floor":27,"gold_loss":0},{"damage_healed":0,"gold_gain":0,"player_choice":"Fight","damage_taken":0,"max_hp_gain":0,"max_hp_loss":0,"event_name":"MindBloom","floor":36,"gold_loss":0},{"damage_healed":0,"gold_gain":50,"player_choice":"Pray","damage_taken":0,"max_hp_gain":0,"max_hp_loss":0,"event_name":"Golden Shrine","floor":38,"gold_loss":0},{"damage_healed":0,"gold_gain":0,"player_choice":"Embrace Madness","damage_taken":14,"max_hp_gain":0,"max_hp_loss":0,"event_name":"Winding Halls","floor":47,"gold_loss":0,"cards_obtained":["Madness","Madness"]}],"is_beta":false,"boss_relics":[{"not_picked":["Black Star","Tiny House"],"picked":"Empty Cage"},{"not_picked":["Velvet Choker","Snecko Eye"],"picked":"Busted Crown"}],"items_purged_floors":[3,22],"is_endless":false,"potions_floor_spawned":[4,11,16,25,33,40,42,45,46,48],"killed_by":"Awakened One","ascension_level":20}