{"gold_per_floor":[111,111,386,402,402,402,427,446,446,446,462,462,492,492,492,565,565,577,592,23,23,34,69,69,84,110,110],"floor_reached":27,"playtime":670,"items_purged":["Regret"],"score":462,"play_id":"c724ba64-8f6e-4772-8278-b1f48acacc1a","local_time":"20190405173828","is_ascension_mode":true,"campfire_choices":[{"data":"Bash","floor":6,"key":"SMITH"},{"data":"Corruption","floor":10,"key":"SMITH"},{"floor":15,"key":"REST"},{"floor":24,"key":"REST"}],"neow_cost":"TEN_PERCENT_HP_LOSS","seed_source_timestamp":0,"circlet_count":0,"master_deck":["AscendersBane","Strike_R+1","Strike_R","Strike_R","Strike_R","Strike_R","Defend_R","Defend_R","Defend_R","Defend_R","Bash+1","Inflame+1","Power Through","Carnage","Corruption+1","Flame Barrier","Fiend Fire","Battle Trance","Shrug It Off","Battle Trance","True Grit","Shrug It Off+1"],"relics":["Burning Blood","Unceasing Top","Dead Branch","Pocketwatch","Tiny Chest","Fusion Hammer","Medical Kit","Bag of Marbles","Gremlin Horn","Blood Vial"],"potions_floor_usage":[7],"damage_taken":[{"damage":14,"enemies":"2 Louse","floor":1,"turns":3},{"damage":9,"enemies":"Cultist","floor":4,"turns":4},{"damage":46,"enemies":"Gremlin Nob","floor":7,"turns":4},{"damage":7,"enemies":"Small Slimes","floor":8,"turns":3},{"damage":4,"enemies":"Exordium Thugs","floor":11,"turns":4},{"damage":26,"enemies":"Hexaghost","floor":16,"turns":8},{"damage":10,"enemies":"3 Byrds","floor":18,"turns":5},{"damage":3,"enemies":"Spheric Guardian","floor":19,"turns":1},{"damage":3,"enemies":"Snake Plant","floor":22,"turns":3},{"damage":15,"enemies":"Book of Stabbing","floor":23,"turns":5},{"damage":8,"enemies":"Centurion and Healer","floor":25,"turns":4},{"damage":2,"enemies":"Gremlin Leader","floor":27,"turns":2}],"seed_played":"-4582316358434028272","potions_obtained":[{"floor":1,"key":"Explosive Potion"},{"floor":11,"key":"SkillPotion"},{"floor":14,"key":"Dexterity Potion"}],"is_trial":false,"path_per_floor":["M","?","?","M","?","R","E","M","T","R","M","?","T","?","R","B",null,"M","M","$","T","M","E","R","M","T","E"],"character_chosen":"IRONCLAD","items_purchased":["Medical Kit","Shrug It Off","Bag of Marbles","Battle Trance"],"campfire_rested":2,"item_purchase_floors":[20,20,20,20],"current_hp_per_floor":[60,55,55,52,68,68,28,27,27,27,29,9,9,9,29,9,53,49,52,52,52,55,46,66,66,66,66],"gold":110,"neow_bonus":"ONE_RARE_RELIC","is_prod":false,"is_daily":false,"chose_seed":true,"campfire_upgraded":2,"win_rate":0,"timestamp":1554453508,"path_taken":["M","?","?","?","?","R","E","M","T","R","M","?","?","?","R","BOSS","M","M","$","?","M","E","R","M","T","E"],"build_version":"2019-01-23","purchased_purges":1,"victory":false,"max_hp_per_floor":[68,68,68,68,68,68,68,68,68,68,68,68,68,68,68,68,68,68,68,68,68,68,68,68,68,68,68],"card_choices":[{"not_picked":["Rupture","Clash"],"picked":"Inflame","floor":1},{"not_picked":["Wild Strike","Bloodletting"],"picked":"Power Through","floor":4},{"not_picked":["Dropkick","Twin Strike"],"picked":"Carnage","floor":7},{"not_picked":["Clothesline","Headbutt"],"picked":"Corruption","floor":8},{"not_picked":["Rampage","Clash"],"picked":"Flame Barrier","floor":11},{"not_picked":["Dark Embrace","Brutality"],"picked":"Fiend Fire","floor":16},{"not_picked":["Heavy Blade","Anger+1","Clothesline"],"picked":"SKIP","floor":18},{"not_picked":["Dual Wield","Anger"],"picked":"Battle Trance","floor":19},{"not_picked":["Perfected Strike","Uppercut"],"picked":"True Grit","floor":22},{"not_picked":["Metallicize","Clothesline","Twin Strike"],"picked":"SKIP","floor":23},{"not_picked":["Cleave+1","Clothesline"],"picked":"Shrug It Off+1","floor":25}],"player_experience":2887627,"relics_obtained":[{"floor":9,"key":"Pocketwatch"},{"floor":13,"key":"Tiny Chest"},{"floor":21,"key":"Gremlin Horn"},{"floor":23,"key":"Blood Vial"}],"event_choices":[{"damage_healed":0,"gold_gain":0,"player_choice":"Success","damage_taken":5,"relics_obtained":["Dead Branch"],"max_hp_gain":0,"max_hp_loss":0,"event_name":"Scrap Ooze","floor":2,"gold_loss":0},{"damage_healed":0,"gold_gain":275,"player_choice":"Desecrate","damage_taken":0,"max_hp_gain":0,"max_hp_loss":0,"event_name":"Golden Shrine","floor":3,"gold_loss":0,"cards_obtained":["Regret"]},{"damage_healed":22,"gold_gain":0,"player_choice":"Banana","damage_taken":0,"max_hp_gain":0,"max_hp_loss":0,"event_name":"Big Fish","floor":5,"gold_loss":0},{"damage_healed":0,"gold_gain":0,"player_choice":"Entered Light","damage_taken":20,"max_hp_gain":0,"max_hp_loss":0,"event_name":"Shining Light","floor":12,"gold_loss":0,"cards_upgraded":["Strike_R","Inflame"]},{"damage_healed":0,"gold_gain":0,"player_choice":"Got Potions","damage_taken":0,"max_hp_gain":0,"max_hp_loss":0,"event_name":"Lab","floor":14,"gold_loss":0}],"is_beta":false,"boss_relics":[{"not_picked":["Philosopher\u0027s Stone","Pandora\u0027s Box"],"picked":"Fusion Hammer"}],"items_purged_floors":[20],"is_endless":false,"potions_floor_spawned":[1,11,18,19],"killed_by":"Gremlin Leader","ascension_level":20}