{"gold_per_floor":[113,131,144,30,30,30,61,61,61,89,89,89,99,126,126,228,228,241,3,3,19,33,66,66,84,162,162],"floor_reached":27,"playtime":2048,"items_purged":[],"score":289,"play_id":"e167bed3-9798-4cb7-9532-ca41a5c9aa38","local_time":"20190218222520","is_ascension_mode":true,"campfire_choices":[{"data":"Recycle","floor":6,"key":"SMITH"},{"data":"Zap","floor":8,"key":"SMITH"},{"floor":12,"key":"REST"},{"data":"Sunder","floor":15,"key":"SMITH"},{"floor":24,"key":"REST"}],"neow_cost":"NONE","seed_source_timestamp":441565008243700,"circlet_count":0,"master_deck":["Strike_B","Strike_B","Strike_B","Strike_B","Defend_B","Defend_B","Defend_B","Defend_B","Zap+1","Dualcast","Impatience","Coolheaded","Recycle+1","Conserve Battery","Genetic Algorithm","Sunder+1","Seek","Glacier","Coolheaded","Undo","Creative AI","Hello World+1","Enlightenment","Ball Lightning","Cold Snap+1","Conserve Battery","Hologram"],"relics":["Cracked Core","Turnip","FossilizedHelix","Gremlin Horn","Matryoshka","Strawberry","Sozu","Pantograph","Pocketwatch","Bag of Preparation"],"potions_floor_usage":[7,10,16],"damage_taken":[{"damage":1,"enemies":"2 Louse","floor":1,"turns":3},{"damage":4,"enemies":"Small Slimes","floor":2,"turns":3},{"damage":5,"enemies":"Cultist","floor":3,"turns":4},{"damage":28,"enemies":"Gremlin Nob","floor":7,"turns":5},{"damage":15,"enemies":"Lagavulin","floor":10,"turns":5},{"damage":0,"enemies":"Lots of Slimes","floor":13,"turns":3},{"damage":11,"enemies":"Gremlin Nob","floor":14,"turns":5},{"damage":3,"enemies":"The Guardian","floor":16,"turns":15},{"damage":7,"enemies":"2 Thieves","floor":18,"turns":4},{"damage":10,"enemies":"3 Byrds","floor":21,"turns":5},{"damage":0,"enemies":"Centurion and Healer","floor":22,"turns":9},{"damage":37,"enemies":"Slavers","floor":23,"turns":5},{"damage":0,"enemies":"Snecko","floor":25,"turns":4},{"damage":59,"enemies":"Cultist and Chosen","floor":27,"turns":6}],"seed_played":"5421136530973927616","potions_obtained":[{"floor":2,"key":"EssenceOfSteel"},{"floor":3,"key":"Explosive Potion"},{"floor":13,"key":"Fire Potion"},{"floor":16,"key":"SteroidPotion"}],"is_trial":false,"path_per_floor":["M","M","M","$","?","R","E","R","T","E","?","R","M","E","R","B",null,"M","$","?","M","M","E","R","M","T","M"],"character_chosen":"DEFECT","items_purchased":["Genetic Algorithm","Sunder","Pantograph"],"campfire_rested":2,"item_purchase_floors":[4,4,19],"current_hp_per_floor":[74,70,65,65,65,65,37,37,37,22,22,44,44,40,40,37,82,75,75,59,49,49,12,36,36,36,0],"gold":162,"neow_bonus":"RANDOM_COLORLESS","is_prod":false,"is_daily":false,"chose_seed":false,"campfire_upgraded":3,"win_rate":0,"timestamp":1550546720,"path_taken":["M","M","M","$","?","R","E","R","T","E","?","R","M","E","R","BOSS","M","$","?","M","?","E","R","M","T","M"],"build_version":"2019-01-23","purchased_purges":0,"victory":false,"max_hp_per_floor":[75,75,75,75,75,75,75,75,75,75,75,75,75,82,82,82,82,82,82,82,82,82,82,82,82,82,82],"card_choices":[{"not_picked":["Undo","Conserve Battery"],"picked":"Coolheaded","floor":1},{"not_picked":["Consume","Hologram"],"picked":"Recycle","floor":2},{"not_picked":["Go for the Eyes","FTL"],"picked":"Conserve Battery","floor":3},{"not_picked":["Hello World","Capacitor"],"picked":"Seek","floor":7},{"not_picked":["Go for the Eyes","Sweeping Beam"],"picked":"Glacier","floor":10},{"not_picked":["Rebound","Conserve Battery"],"picked":"Coolheaded","floor":13},{"not_picked":["Fusion","Storm"],"picked":"Undo","floor":14},{"not_picked":["Core Surge","Hyperbeam"],"picked":"Creative AI","floor":16},{"not_picked":["Storm","Gash"],"picked":"Hello World+1","floor":18},{"not_picked":["Melter","Chaos+1"],"picked":"Ball Lightning","floor":21},{"not_picked":["Compile Driver","Ball Lightning+1"],"picked":"Cold Snap+1","floor":22},{"not_picked":["Beam Cell","Rebound"],"picked":"Conserve Battery","floor":23},{"not_picked":["Redo+1","Leap+1"],"picked":"Hologram","floor":25}],"player_experience":185173,"relics_obtained":[{"floor":7,"key":"Turnip"},{"floor":9,"key":"FossilizedHelix"},{"floor":10,"key":"Gremlin Horn"},{"floor":14,"key":"Strawberry"},{"floor":23,"key":"Pocketwatch"},{"floor":26,"key":"Bag of Preparation"}],"event_choices":[{"damage_healed":0,"gold_gain":0,"player_choice":"Leave","damage_taken":0,"max_hp_gain":0,"max_hp_loss":0,"event_name":"The Cleric","floor":5,"gold_loss":0},{"damage_healed":0,"gold_gain":0,"player_choice":"Searched \u00271\u0027 times","damage_taken":0,"relics_obtained":["Matryoshka"],"max_hp_gain":0,"max_hp_loss":0,"event_name":"Dead Adventurer","floor":11,"gold_loss":0},{"damage_healed":0,"gold_gain":0,"player_choice":"CARD ","damage_taken":16,"max_hp_gain":0,"max_hp_loss":0,"event_name":"Knowing Skull","floor":20,"potions_obtained":[],"gold_loss":0,"cards_obtained":["Enlightenment"]}],"is_beta":false,"boss_relics":[{"not_picked":["Runic Dome","Coffee Dripper"],"picked":"Sozu"}],"items_purged_floors":[],"is_endless":false,"potions_floor_spawned":[2,3,13,16,22,23],"killed_by":"Cultist and Chosen","ascension_level":3}