{"path_per_floor":["M","?","$","M","?","E","R","E","T","R","$","R","M","E","R","B",null,"M","M","?","M","M","R","E","M","T","E","M","M","R","?","R","B",null,"M","M","$","?","?","E","?","E","T","E","$","M","?","?","R","B"],"character_chosen":"IRONCLAD","items_purchased":["Thread and Needle"],"gold_per_floor":[18,18,18,30,30,61,61,96,96,96,21,21,36,65,65,166,166,185,201,201,215,234,234,264,276,301,332,352,362,362,362,362,459,459,478,492,103,103,103,129,0,33,33,59,59,75,75,75,75,75],"floor_reached":51,"campfire_rested":1,"playtime":2976,"current_hp_per_floor":[75,75,75,78,71,54,54,38,38,38,38,62,68,74,74,39,70,72,74,74,70,72,72,70,72,72,74,76,80,80,80,80,68,77,79,80,80,80,70,72,72,60,60,21,21,25,72,72,72,31],"items_purged":["Strike_R","Defend_R"],"gold":75,"score":1021,"play_id":"e881814c-5a0a-484b-b133-8afd21958abc","local_time":"20180307221834","is_prod":false,"is_daily":false,"is_ascension_mode":true,"campfire_upgraded":7,"timestamp":1520432314,"path_taken":["M","?","?","M","?","E","R","E","T","R","$","R","M","E","R","BOSS","M","M","?","M","M","R","E","?","T","E","M","M","R","?","R","BOSS","M","M","$","?","?","E","?","E","T","E","$","M","?","?","R","BOSS"],"build_version":"2018-03-06-BETA","purchased_purges":2,"victory":true,"master_deck":["Strike_R","Strike_R","Strike_R","Defend_R","Bash+1","Dropkick+1","Battle Trance+1","Clash+1","Shockwave+1","Offering+1","Thunderclap+1","Clash+1","Dual Wield+1","Seeing Red","Immolate","Madness","Madness","Exhume","Rupture+1","Warcry+1","Brutality+1"],"max_hp_per_floor":[80,80,80,80,80,80,80,80,80,80,80,80,80,80,80,80,80,80,80,80,80,80,80,80,80,80,80,80,80,80,80,80,80,80,80,80,80,80,80,80,80,80,80,80,80,82,72,72,72,72],"relics":["Burning Blood","Mercury Hourglass","Bag of Marbles","Centennial Puzzle","Letter Opener","Question Card","Prayer Wheel","Anchor","Nloth\u0027s Gift","Sozu","Thread and Needle","Darkstone Periapt","Red Mask","Happy Flower","Calipers","Singing Bowl"],"card_choices":[{"not_picked":["Clothesline","Warcry"],"picked":"Dropkick"},{"not_picked":["Heavy Blade","Warcry"],"picked":"Battle Trance"},{"not_picked":["Armaments","Dual Wield"],"picked":"Clash"},{"not_picked":["Intimidate","Immolate"],"picked":"Shockwave"},{"not_picked":["Impervious","Juggernaut"],"picked":"Offering"},{"not_picked":["Searing Blow","True Grit","Flex"],"picked":"Thunderclap"},{"not_picked":["Whirlwind","True Grit","Barricade"],"picked":"Clash"},{"not_picked":["Body Slam","Perfected Strike","Entrench"],"picked":"Dual Wield"},{"not_picked":["Thunderclap","Cleave","Second Wind"],"picked":"Seeing Red"},{"not_picked":["Limit Break","Offering","Bludgeon"],"picked":"Immolate"},{"not_picked":["Juggernaut","Limit Break","Body Slam"],"picked":"Exhume"},{"not_picked":["Cleave","Carnage","Shrug It Off"],"picked":"Rupture"},{"not_picked":["Perfected Strike","Flex","Dark Embrace"],"picked":"Warcry"}],"player_experience":168820,"potions_floor_usage":[6,16,21,27,33,44,50],"damage_taken":[{"damage":3,"enemies":"Jaw Worm","floor":1,"turns":5},{"damage":3,"enemies":"Small Slimes","floor":4,"turns":3},{"damage":23,"enemies":"Lagavulin","floor":6,"turns":6},{"damage":22,"enemies":"3 Sentries","floor":8,"turns":6},{"damage":0,"enemies":"2 Louse","floor":13,"turns":1},{"damage":0,"enemies":"Gremlin Nob","floor":14,"turns":2},{"damage":41,"enemies":"Hexaghost","floor":16,"turns":8},{"damage":4,"enemies":"Spheric Guardian","floor":18,"turns":3},{"damage":4,"enemies":"Chosen","floor":19,"turns":2},{"damage":10,"enemies":"Centurion and Healer","floor":21,"turns":3},{"damage":4,"enemies":"Cultist and Chosen","floor":22,"turns":3},{"damage":8,"enemies":"Slavers","floor":24,"turns":3},{"damage":4,"enemies":"Chosen and Byrds","floor":25,"turns":2},{"damage":4,"enemies":"Book of Stabbing","floor":27,"turns":3},{"damage":4,"enemies":"Snake Plant","floor":28,"turns":1},{"damage":1,"enemies":"Cultist and Chosen","floor":29,"turns":5},{"damage":18,"enemies":"Automaton","floor":33,"turns":4},{"damage":4,"enemies":"3 Shapes","floor":35,"turns":1},{"damage":4,"enemies":"Flame Bruiser 1 Orb","floor":36,"turns":2},{"damage":4,"enemies":"Giant Head","floor":40,"turns":3},{"damage":18,"enemies":"Nemesis","floor":42,"turns":3},{"damage":54,"enemies":"2 Orb Walkers","floor":44,"turns":4},{"damage":4,"enemies":"Sphere and 2 Shapes","floor":46,"turns":1},{"damage":47,"enemies":"Donu and Deca","floor":50,"turns":5}],"event_choices":[{"event_name":"The Cleric","player_choice":"Leave","floor":2,"damage_taken":0},{"event_name":"Scrap Ooze","player_choice":"success","floor":5,"damage_taken":7},{"event_name":"Bonfire Elementals","player_choice":"BASIC","floor":20,"damage_taken":0},{"event_name":"N\u0027loth","player_choice":"Traded a Bag of Preparation","floor":31,"damage_taken":0},{"event_name":"Accursed Blacksmith","player_choice":"Forge","floor":38,"damage_taken":0},{"event_name":"Winding Halls","player_choice":"Embrace Madness","floor":39,"damage_taken":0},{"event_name":"Tomb of Lord Red Mask","player_choice":"Paid","floor":41,"damage_taken":0},{"event_name":"The Moai Head","player_choice":"Heal","floor":47,"damage_taken":0},{"event_name":"Match and Keep!","player_choice":"1 cards matched","floor":48,"damage_taken":0}],"boss_relics":[{"not_picked":["Runic Pyramid","White Beast Statue"],"picked":"Question Card"},{"not_picked":["Orrery","Snecko Eye"],"picked":"Sozu"}],"potions_floor_spawned":[1,6,13,14,21,22,25,27,40,42,44,46],"seed_played":"3861224343168064799","ascension_level":6,"is_trial":false}