{"gold_per_floor":[114,114,132,132,147,179,199,199,199,199,64,64,83,94,94,168,168,141,53,67,78,78],"floor_reached":22,"playtime":1386,"items_purged":[],"score":367,"play_id":"45131b6c-0249-46f5-b118-739db2caa054","local_time":"20190417090409","is_ascension_mode":true,"campfire_choices":[{"floor":8.0,"key":"REST"},{"data":"Hello World","floor":10.0,"key":"SMITH"},{"data":"Redo","floor":12.0,"key":"SMITH"},{"data":"Chaos","floor":15.0,"key":"SMITH"}],"neow_cost":"NONE","seed_source_timestamp":0,"circlet_count":0,"master_deck":["AscendersBane","Strike_B","Strike_B","Strike_B","Strike_B","Defend_B","Defend_B","Defend_B","Defend_B","Zap","Dualcast","Hello World+1","Ball Lightning","Conserve Battery","Redo+1","Cold Snap","Capacitor","Cold Snap","Chaos+1","Rainbow","Cold Snap","Melter","Loop"],"special_seed":0,"relics":["FrozenCore","NeowsBlessing","Omamori","Pantograph"],"potions_floor_usage":[20,22],"damage_taken":[{"damage":0.0,"enemies":"2 Louse","floor":1.0,"turns":1.0},{"damage":0.0,"enemies":"Jaw Worm","floor":3.0,"turns":1.0},{"damage":0.0,"enemies":"Cultist","floor":5.0,"turns":1.0},{"damage":18.0,"enemies":"3 Sentries","floor":6.0,"turns":7.0},{"damage":7.0,"enemies":"Exordium Thugs","floor":7.0,"turns":4.0},{"damage":6.0,"enemies":"Blue Slaver","floor":13.0,"turns":4.0},{"damage":1.0,"enemies":"2 Fungi Beasts","floor":14.0,"turns":3.0},{"damage":32.0,"enemies":"The Guardian","floor":16.0,"turns":11.0},{"damage":22.0,"enemies":"2 Thieves","floor":18.0,"turns":4.0},{"damage":19,"enemies":"3 Byrds","floor":20,"turns":6},{"damage":20,"enemies":"Snake Plant","floor":21,"turns":6},{"damage":10,"enemies":"Chosen and Byrds","floor":22,"turns":2}],"seed_played":"3159875779047820659","potions_obtained":[{"floor":1.0,"key":"GamblersBrew"},{"floor":14.0,"key":"FocusPotion"},{"floor":16.0,"key":"Explosive Potion"},{"floor":18.0,"key":"Energy Potion"},{"floor":21,"key":"EssenceOfSteel"}],"is_trial":false,"path_per_floor":["M","?","M","?","M","E","M","R","T","R","$","R","M","M","R","B",null,"M","$","M","M","M"],"character_chosen":"DEFECT","items_purchased":["PowerPotion","Capacitor","Melter"],"campfire_rested":1,"item_purchase_floors":[11,11,19],"current_hp_per_floor":[64,64,64,64,64,46,39,60,60,60,60,60,54,53,53,39,63,41,41,22,2,0],"gold":78,"neow_bonus":"THREE_ENEMY_KILL","is_prod":false,"is_daily":false,"chose_seed":false,"campfire_upgraded":3,"win_rate":0,"timestamp":1555481049,"path_taken":["M","?","M","?","?","E","M","R","T","R","$","R","M","M","R","BOSS","M","$","M","M","M"],"build_version":"2019-01-23","purchased_purges":0,"victory":false,"max_hp_per_floor":[71,71,71,71,71,71,71,71,71,71,71,71,71,71,71,71,71,71,71,71,71,71],"card_choices":[{"not_picked":["Redo","Hologram"],"picked":"Hello World","floor":1.0},{"not_picked":["Sweeping Beam","Compile Driver"],"picked":"Ball Lightning","floor":3.0},{"not_picked":["Barrage","Double Energy"],"picked":"Conserve Battery","floor":5.0},{"not_picked":["Coolheaded","Conserve Battery"],"picked":"Redo","floor":6.0},{"not_picked":["Hyperbeam","Leap"],"picked":"Cold Snap","floor":7.0},{"not_picked":["Sweeping Beam","Redo"],"picked":"Cold Snap","floor":13.0},{"not_picked":["Hologram","Compile Driver"],"picked":"Chaos","floor":14.0},{"not_picked":["Seek","Hyperbeam"],"picked":"Rainbow","floor":16.0},{"not_picked":["Sweeping Beam","Leap"],"picked":"Cold Snap","floor":18.0},{"not_picked":["Stack","Steam"],"picked":"Loop","floor":20},{"not_picked":["Beam Cell","Sweeping Beam","Steam Power"],"picked":"SKIP","floor":21}],"player_experience":1203491,"relics_obtained":[{"floor":6.0,"key":"Omamori"},{"floor":9.0,"key":"Pantograph"}],"event_choices":[{"damage_healed":0.0,"max_hp_gain":0.0,"max_hp_loss":0.0,"gold_gain":0.0,"event_name":"The Cleric","player_choice":"Leave","floor":2.0,"gold_loss":0.0,"damage_taken":0.0},{"damage_healed":0.0,"max_hp_gain":0.0,"max_hp_loss":0.0,"gold_gain":0.0,"event_name":"Purifier","player_choice":"Ignored","floor":4.0,"gold_loss":0.0,"damage_taken":0.0}],"is_beta":false,"boss_relics":[{"not_picked":["Snecko Eye","Runic Dome"],"picked":"FrozenCore"}],"items_purged_floors":[],"is_endless":false,"potions_floor_spawned":[1,14,16,18,21],"killed_by":"Chosen and Byrds","ascension_level":19}