{"gold_per_floor":[112,112,128,104,179,214,95,95,95,130,151,76,76,119,119,212,212,235,259,279,279,329,367,367],"floor_reached":24,"playtime":1001,"items_purged":["Defend_B"],"score":539,"play_id":"954ce4aa-5385-4b68-9b6c-b911798f28f9","local_time":"20190223160112","is_ascension_mode":true,"campfire_choices":[{"data":"Buffer","floor":8,"key":"SMITH"},{"data":"Fission","floor":13,"key":"SMITH"},{"data":"Dualcast","floor":15,"key":"SMITH"}],"neow_cost":"NONE","seed_source_timestamp":273666824797099,"circlet_count":0,"master_deck":["AscendersBane","Defend_B","Zap","Dualcast+1","Cold Snap","Coolheaded","Buffer+1","White Noise","Capacitor","Fission+1","Core Surge+1","Coolheaded+1","Rainbow+1","Defragment","Chill","Steam+1","Bite","Bite","Bite","Bite","Bite","Rip and Tear"],"relics":["Cracked Core","NeowsBlessing","Golden Idol","Centennial Puzzle","Prayer Wheel","Happy Flower","Blue Candle","Astrolabe","Orichalcum"],"potions_floor_usage":[14,16,19],"damage_taken":[{"damage":0,"enemies":"2 Louse","floor":1,"turns":1},{"damage":0,"enemies":"Small Slimes","floor":3,"turns":1},{"damage":0,"enemies":"Lagavulin","floor":6,"turns":1},{"damage":10,"enemies":"Gremlin Nob","floor":10,"turns":6},{"damage":2,"enemies":"Jaw Worm","floor":11,"turns":4},{"damage":17,"enemies":"3 Sentries","floor":14,"turns":6},{"damage":6,"enemies":"The Guardian","floor":16,"turns":14},{"damage":0,"enemies":"Spheric Guardian","floor":18,"turns":4},{"damage":10,"enemies":"3 Byrds","floor":19,"turns":2},{"damage":0,"enemies":"Centurion and Healer","floor":20,"turns":6},{"damage":33,"enemies":"Slavers","floor":23,"turns":9},{"damage":0,"enemies":"Sentry and Sphere","floor":24,"turns":2}],"seed_played":"6367661306374312707","potions_obtained":[{"floor":3,"key":"PowerPotion"},{"floor":11,"key":"PowerPotion"},{"floor":18,"key":"LiquidBronze"},{"floor":23,"key":"SpeedPotion"}],"is_trial":false,"path_per_floor":["M","?","M","$","?","E","$","R","T","E","M","$","R","E","R","B",null,"M","M","M","?","T","E","M"],"character_chosen":"DEFECT","items_purchased":["Coolheaded","White Noise","Capacitor"],"campfire_rested":0,"item_purchase_floors":[4,7,7],"current_hp_per_floor":[64,64,64,64,53,53,53,53,53,43,41,41,41,24,24,18,53,53,43,43,43,43,36,36],"gold":367,"neow_bonus":"THREE_ENEMY_KILL","is_prod":false,"is_daily":false,"chose_seed":false,"campfire_upgraded":3,"win_rate":0,"timestamp":1550905272,"path_taken":["M","?","M","$","?","E","$","R","T","E","M","?","R","E","R","BOSS","M","?","?","?","?","E","?"],"build_version":"2019-01-23","purchased_purges":1,"victory":false,"max_hp_per_floor":[71,64,64,64,64,64,64,64,64,64,64,64,64,64,64,64,64,64,64,64,44,44,44,44],"card_choices":[{"not_picked":["Leap","Steam"],"picked":"Cold Snap","floor":1},{"not_picked":["Hello World","Stack","Reprogram"],"picked":"SKIP","floor":3},{"not_picked":["Sweeping Beam","BootSequence"],"picked":"Buffer","floor":6},{"not_picked":["Darkness","Gash"],"picked":"Fission","floor":10},{"not_picked":["Reinforced Body","Sweeping Beam","Undo"],"picked":"SKIP","floor":11},{"not_picked":["Compile Driver","Reinforced Body","Stack"],"picked":"SKIP","floor":11},{"not_picked":["Leap","Redo","Conserve Battery"],"picked":"SKIP","floor":14},{"not_picked":["Chill","Force Field+1"],"picked":"Defragment","floor":18},{"not_picked":["Conserve Battery","Steam","Compile Driver"],"picked":"SKIP","floor":18},{"not_picked":["Sweeping Beam","Tempest"],"picked":"Chill","floor":19},{"not_picked":["Ball Lightning+1","Barrage","Redo"],"picked":"SKIP","floor":19},{"not_picked":["Doom and Gloom+1","Hyperbeam"],"picked":"Steam+1","floor":20},{"not_picked":["Scrape","Compile Driver","Heatsinks"],"picked":"SKIP","floor":20},{"not_picked":["Barrage","Storm"],"picked":"Rip and Tear","floor":23}],"player_experience":1777570,"relics_obtained":[{"floor":6,"key":"Centennial Puzzle"},{"floor":9,"key":"Prayer Wheel"},{"floor":10,"key":"Happy Flower"},{"floor":14,"key":"Blue Candle"},{"floor":23,"key":"Orichalcum"}],"event_choices":[{"damage_healed":0,"gold_gain":0,"player_choice":"Lose Max HP","damage_taken":0,"relics_obtained":["Golden Idol"],"max_hp_gain":0,"max_hp_loss":7,"event_name":"Golden Idol","floor":2,"gold_loss":0},{"damage_healed":0,"gold_gain":75,"player_choice":"Gather Gold","damage_taken":11,"max_hp_gain":0,"max_hp_loss":0,"event_name":"World of Goop","floor":5,"gold_loss":0},{"damage_healed":0,"gold_gain":0,"player_choice":"Became a vampire","damage_taken":0,"max_hp_gain":0,"max_hp_loss":20,"event_name":"Vampires","floor":21,"gold_loss":0,"cards_obtained":["Bite","Bite","Bite","Bite","Bite"]}],"is_beta":false,"boss_relics":[{"not_picked":["Eternal Feather","Orrery"],"picked":"Astrolabe"}],"items_purged_floors":[12],"is_endless":false,"potions_floor_spawned":[3,11,18,23],"killed_by":"Sentry and Sphere","ascension_level":20}