{"gold_per_floor":[110,185,185,460,473,473,505,505,505,505,20,34,34,54,54,132,132,150,110,121,21,39,39,39,39,85,101,101,101,101,101,101,180,180,197,210,210,221,221],"floor_reached":39,"playtime":1066,"items_purged":["Regret","Strike_B"],"score":808,"play_id":"32fff51a-a7ac-45e4-bfcc-2120641b6e45","local_time":"20190405141407","is_ascension_mode":true,"campfire_choices":[{"data":"Zap","floor":6.0,"key":"SMITH"},{"data":"Self Repair","floor":8.0,"key":"SMITH"},{"data":"Dualcast","floor":10.0,"key":"SMITH"},{"data":"Consume","floor":15.0,"key":"SMITH"},{"data":"Fission","floor":23,"key":"SMITH"},{"data":"Loop","floor":25,"key":"SMITH"},{"data":"Capacitor","floor":28,"key":"SMITH"},{"floor":32,"key":"REST"}],"neow_cost":"NONE","seed_source_timestamp":615340468475500,"circlet_count":0,"master_deck":["AscendersBane","Strike_B","Strike_B","Strike_B","Defend_B","Defend_B","Defend_B","Zap+1","Dualcast+1","Self Repair+1","Undo","Glacier","Capacitor+1","Consume+1","Master of Strategy","Blizzard+1","Glacier","Amplify","Loop+1","Fission+1","Echo Form","Hologram","Decay"],"special_seed":0,"relics":["Cracked Core","NeowsBlessing","Potion Belt","StoneCalendar","Dodecahedron","Empty Cage","Bronze Scales","Runic Dome"],"potions_floor_usage":[16,20,31,33,39],"damage_taken":[{"damage":0.0,"enemies":"2 Louse","floor":1.0,"turns":1.0},{"damage":0.0,"enemies":"Jaw Worm","floor":5.0,"turns":1.0},{"damage":0.0,"enemies":"Lagavulin","floor":7.0,"turns":1.0},{"damage":4.0,"enemies":"Small Slimes","floor":12.0,"turns":4.0},{"damage":37.0,"enemies":"Gremlin Gang","floor":14.0,"turns":4.0},{"damage":13,"enemies":"Slime Boss","floor":16,"turns":9},{"damage":5,"enemies":"Chosen","floor":18,"turns":7},{"damage":22,"enemies":"3 Byrds","floor":20,"turns":4},{"damage":1,"enemies":"Sentry and Sphere","floor":22,"turns":17},{"damage":19,"enemies":"Cultist and Chosen","floor":27,"turns":7},{"damage":0,"enemies":"3 Cultists","floor":31,"turns":2},{"damage":34,"enemies":"Automaton","floor":33,"turns":15},{"damage":17,"enemies":"Orb Walker","floor":35,"turns":4},{"damage":39,"enemies":"3 Darklings","floor":36,"turns":7},{"damage":37,"enemies":"Spire Growth","floor":38,"turns":8},{"damage":24,"enemies":"Writhing Mass","floor":39,"turns":3}],"seed_played":"6639707072380077469","potions_obtained":[{"floor":1.0,"key":"GamblersBrew"},{"floor":12.0,"key":"LiquidBronze"},{"floor":18,"key":"Strength Potion"},{"floor":19,"key":"PowerPotion"},{"floor":19,"key":"EntropicBrew"},{"floor":19,"key":"SmokeBomb"},{"floor":35,"key":"PowerPotion"}],"is_trial":false,"path_per_floor":["M","?","?","?","M","R","E","R","T","R","$","M","?","M","R","B",null,"M","?","M","$","M","R","$","R","T","M","R","?","?","M","R","B",null,"M","M","?","M","M"],"character_chosen":"DEFECT","items_purchased":["Capacitor","Consume","Master of Strategy","PowerPotion"],"campfire_rested":1,"item_purchase_floors":[11,11,11,11],"current_hp_per_floor":[64,53,53,53,53,53,53,53,53,53,53,59,59,32,32,29,61,66,66,44,44,63,63,63,63,63,54,54,54,54,64,71,47,65,58,39,39,22,0],"gold":221,"neow_bonus":"THREE_ENEMY_KILL","is_prod":false,"is_daily":false,"chose_seed":false,"campfire_upgraded":7,"win_rate":0,"timestamp":1554441247,"path_taken":["M","?","?","?","?","R","E","R","T","R","?","M","?","M","R","BOSS","M","?","M","$","M","R","?","R","T","M","R","?","?","?","R","BOSS","M","M","?","?","M"],"build_version":"2019-01-23","purchased_purges":2,"victory":false,"max_hp_per_floor":[71,71,71,71,71,71,71,71,71,71,71,71,71,71,71,71,71,71,71,71,71,71,71,71,71,71,71,71,71,71,71,71,71,71,71,71,71,71,71],"card_choices":[{"not_picked":["Static Discharge","Gash"],"picked":"Self Repair","floor":1.0},{"not_picked":["Redo","Steam"],"picked":"Undo","floor":5.0},{"not_picked":["Static Discharge","Auto Shields"],"picked":"Glacier","floor":7.0},{"not_picked":["Steam","Sweeping Beam"],"picked":"Blizzard","floor":12.0},{"not_picked":["Stack","BootSequence"],"picked":"Glacier","floor":14.0},{"not_picked":["Fission","Machine Learning"],"picked":"Amplify","floor":16},{"not_picked":["Redo","Genetic Algorithm","Stack"],"picked":"SKIP","floor":18},{"not_picked":["Scrape","Coolheaded"],"picked":"Loop","floor":20},{"not_picked":["Turbo","Beam Cell"],"picked":"Fission","floor":22},{"not_picked":["Storm","Sweeping Beam","Ball Lightning"],"picked":"SKIP","floor":27},{"not_picked":["Biased Cognition","Amplify"],"picked":"Echo Form","floor":33},{"not_picked":["Steam Power","Conserve Battery","Sweeping Beam"],"picked":"SKIP","floor":35},{"not_picked":["Rebound","Gash+1"],"picked":"Hologram","floor":36},{"not_picked":["Conserve Battery","Sunder","Ball Lightning"],"picked":"SKIP","floor":38}],"player_experience":2884756,"relics_obtained":[{"floor":7.0,"key":"StoneCalendar"},{"floor":9.0,"key":"Dodecahedron"},{"floor":26,"key":"Bronze Scales"}],"event_choices":[{"damage_healed":0.0,"max_hp_gain":0.0,"max_hp_loss":0.0,"gold_gain":75.0,"event_name":"World of Goop","player_choice":"Gather Gold","floor":2.0,"gold_loss":0.0,"damage_taken":11.0},{"damage_healed":0.0,"max_hp_gain":0.0,"max_hp_loss":0.0,"gold_gain":0.0,"event_name":"Big Fish","player_choice":"Box","floor":3.0,"gold_loss":0.0,"damage_taken":0.0,"relics_obtained":["Potion Belt"],"cards_obtained":["Regret"]},{"damage_healed":0.0,"max_hp_gain":0.0,"max_hp_loss":0.0,"gold_gain":275.0,"event_name":"Golden Shrine","player_choice":"Desecrate","floor":4.0,"gold_loss":0.0,"damage_taken":0.0,"cards_obtained":["Regret"]},{"damage_healed":0.0,"max_hp_gain":0.0,"max_hp_loss":0.0,"gold_gain":0.0,"event_name":"The Cleric","player_choice":"Leave","floor":13.0,"gold_loss":0.0,"damage_taken":0.0},{"damage_healed":0,"gold_gain":0,"player_choice":"Bought 3 Potions","damage_taken":0,"max_hp_gain":0,"max_hp_loss":0,"event_name":"The Woman in Blue","floor":19,"gold_loss":0},{"damage_healed":0,"gold_gain":0,"player_choice":"Ignored","damage_taken":0,"max_hp_gain":0,"max_hp_loss":0,"event_name":"Vampires","floor":29,"gold_loss":0},{"damage_healed":0,"gold_gain":0,"player_choice":"Upgraded","damage_taken":0,"max_hp_gain":0,"max_hp_loss":0,"event_name":"Upgrade Shrine","floor":30,"gold_loss":0,"cards_upgraded":["Blizzard"]},{"damage_healed":0,"gold_gain":0,"player_choice":"Cursed","damage_taken":0,"max_hp_gain":0,"max_hp_loss":0,"event_name":"Wheel of Change","floor":37,"gold_loss":0,"cards_obtained":["Decay"]}],"is_beta":false,"boss_relics":[{"not_picked":["Philosopher\u0027s Stone","Astrolabe"],"picked":"Empty Cage"},{"not_picked":["Cursed Key","Coffee Dripper"],"picked":"Runic Dome"}],"items_purged_floors":[11,21],"is_endless":false,"potions_floor_spawned":[1,12,18,31,35],"killed_by":"Writhing Mass","ascension_level":20}