{"path_per_floor":["M","?","M","$","M","E","R","?","T","M","$","R","E","M","R","B",null,"M","M","M","$","M","E","R"],"character_chosen":"IRONCLAD","items_purchased":["Uppercut","Headbutt","Regen Potion"],"gold_per_floor":[115,215,231,120,132,164,164,164,188,200,47,47,73,88,88,186,186,203,221,234,58,71,104,104,104],"floor_reached":25,"campfire_rested":1,"playtime":1408,"current_hp_per_floor":[65,65,65,65,67,65,65,65,65,68,68,68,70,76,76,43,71,59,44,26,26,18,16,42,0],"items_purged":["Bash","Defend_R","Strike_R"],"gold":104,"score":326,"play_id":"460c3044-a1cb-441c-bea8-e4e0a812d65a","local_time":"20180402003839","is_prod":false,"is_daily":false,"is_ascension_mode":true,"campfire_upgraded":3,"timestamp":1522600719,"path_taken":["M","?","M","$","?","E","R","?","T","M","?","R","E","M","R","BOSS","M","M","M","$","M","E","R","E"],"build_version":"2018-03-29","purchased_purges":3,"victory":false,"master_deck":["Strike_R","Strike_R","Strike_R","Strike_R","Defend_R","Defend_R","Defend_R","Limit Break+1","Flex+1","Thunderclap","Uppercut+1","Heavy Blade","Rage","Headbutt","Metallicize","Demon Form","Pummel+1","True Grit+1","Bloodletting+1","Shrug It Off+1"],"max_hp_per_floor":[80,80,80,80,80,80,80,80,80,80,80,80,80,80,80,80,80,80,80,80,80,80,87,87,87],"relics":["Burning Blood","Lantern","Art of War","Toxic Egg 2","Runic Cube","Strawberry"],"card_choices":[{"not_picked":["Blood for Blood","Perfected Strike"],"picked":"Flex","floor":1},{"not_picked":["Impervious","Clothesline"],"picked":"Thunderclap","floor":3},{"not_picked":["Ghostly Armor","Armaments"],"picked":"Heavy Blade","floor":6},{"not_picked":["Body Slam","Twin Strike"],"picked":"Rage","floor":10},{"not_picked":["Second Wind","Headbutt"],"picked":"Metallicize","floor":14},{"not_picked":["Bludgeon","Juggernaut"],"picked":"Demon Form","floor":16},{"not_picked":["Heavy Blade","Cleave"],"picked":"Pummel","floor":19},{"not_picked":["Wild Strike","Infernal Blade"],"picked":"True Grit","floor":20},{"not_picked":["Clothesline","Anger"],"picked":"Bloodletting","floor":22},{"not_picked":["Perfected Strike","Pommel Strike"],"picked":"Shrug It Off","floor":23}],"player_experience":219534,"potions_floor_usage":[6,16,20,22,22,23],"damage_taken":[{"damage":13,"enemies":"Jaw Worm","floor":1,"turns":4},{"damage":6,"enemies":"Cultist","floor":3,"turns":3},{"damage":4,"enemies":"Small Slimes","floor":5,"turns":3},{"damage":8,"enemies":"Gremlin Nob","floor":6,"turns":3},{"damage":3,"enemies":"Looter","floor":10,"turns":2},{"damage":4,"enemies":"3 Sentries","floor":13,"turns":4},{"damage":0,"enemies":"2 Fungi Beasts","floor":14,"turns":3},{"damage":39,"enemies":"Hexaghost","floor":16,"turns":6},{"damage":18,"enemies":"Spheric Guardian","floor":18,"turns":4},{"damage":21,"enemies":"Chosen","floor":19,"turns":4},{"damage":24,"enemies":"Snecko","floor":20,"turns":5},{"damage":29,"enemies":"Centurion and Healer","floor":22,"turns":6},{"damage":15,"enemies":"Book of Stabbing","floor":23,"turns":3},{"damage":42,"enemies":"Gremlin Leader","floor":25,"turns":4}],"event_choices":[{"event_name":"Golden Shrine","player_choice":"Pray","floor":2,"damage_taken":0},{"event_name":"Liars Game","player_choice":"disagreed","floor":8,"damage_taken":0}],"boss_relics":[{"not_picked":["Eternal Feather","Ectoplasm"],"picked":"Runic Cube"}],"potions_floor_spawned":[1,6,10,18,22],"seed_played":"-4270638364738597584","killed_by":"Gremlin Leader","ascension_level":8,"is_trial":false}