{"gold_per_floor":[116,116,48,60,70,99,99,114,114,114,39,74,86,119,119,196,196,213,213,229,243,243,273,273,299,299,299,318,318,333,346,346,418,418,436,65,65,81,96,96,131,146,172,172,186,186,186,34,34,34],"floor_reached":51,"playtime":1506,"items_purged":["Pain","Strike_R"],"score":1296,"play_id":"2865d50c-a125-4eeb-b4d1-2878fcf36ede","local_time":"20190203212957","is_ascension_mode":true,"campfire_choices":[{"data":"Immolate","floor":10,"key":"SMITH"},{"data":"Fiend Fire","floor":15,"key":"SMITH"},{"floor":24,"key":"REST"},{"data":"Rampage","floor":27,"key":"SMITH"},{"data":"Feel No Pain","floor":29,"key":"SMITH"},{"floor":32,"key":"REST"},{"data":"Barricade","floor":40,"key":"SMITH"},{"data":"Disarm","floor":44,"key":"SMITH"},{"data":"Disarm","floor":46,"key":"SMITH"},{"floor":49,"key":"REST"}],"neow_cost":"NONE","seed_source_timestamp":131113434818200,"circlet_count":0,"master_deck":["AscendersBane","Strike_R","Strike_R","Strike_R","Defend_R","Defend_R","Defend_R","Defend_R","Bash","Feel No Pain+1","Immolate+1","Disarm+1","Shrug It Off","Rampage+1","Fiend Fire+1","Offering+1","Offering+1","Barricade+1","Shockwave","Whirlwind","Disarm+1","Entrench","Shrug It Off","Second Wind","Shrug It Off+1","Apotheosis","Secret Technique","Chrysalis"],"relics":["Burning Blood","NeowsBlessing","Red Skull","WarpedTongs","Blue Candle","Torii","Ancient Tea Set","Velvet Choker","Bronze Scales","Happy Flower","Mummified Hand","Orrery","Lee\u0027s Waffle","Sundial","War Paint","Oddly Smooth Stone"],"potions_floor_usage":[33,50,50],"damage_taken":[{"damage":0,"enemies":"Jaw Worm","floor":1,"turns":1},{"damage":0,"enemies":"Cultist","floor":4,"turns":1},{"damage":0,"enemies":"2 Louse","floor":5,"turns":1},{"damage":38,"enemies":"Lagavulin","floor":6,"turns":6},{"damage":1,"enemies":"Lots of Slimes","floor":8,"turns":2},{"damage":21,"enemies":"3 Sentries","floor":12,"turns":5},{"damage":7,"enemies":"3 Louse","floor":13,"turns":2},{"damage":22,"enemies":"Lagavulin","floor":14,"turns":6},{"damage":1,"enemies":"Slime Boss","floor":16,"turns":6},{"damage":17,"enemies":"2 Thieves","floor":18,"turns":3},{"damage":6,"enemies":"Chosen","floor":20,"turns":3},{"damage":16,"enemies":"Snake Plant","floor":21,"turns":2},{"damage":27,"enemies":"Gremlin Leader","floor":23,"turns":5},{"damage":12,"enemies":"Book of Stabbing","floor":25,"turns":4},{"damage":6,"enemies":"3 Cultists","floor":28,"turns":4},{"damage":7,"enemies":"Cultist and Chosen","floor":30,"turns":3},{"damage":14,"enemies":"Shelled Parasite and Fungi","floor":31,"turns":5},{"damage":39,"enemies":"Automaton","floor":33,"turns":10},{"damage":32,"enemies":"3 Darklings","floor":35,"turns":3},{"damage":10,"enemies":"3 Shapes","floor":38,"turns":6},{"damage":21,"enemies":"Spire Growth","floor":39,"turns":4},{"damage":18,"enemies":"Reptomancer","floor":41,"turns":7},{"damage":16,"enemies":"3 Darklings","floor":42,"turns":2},{"damage":0,"enemies":"Jaw Worm Horde","floor":45,"turns":1},{"damage":29,"enemies":"Awakened One","floor":50,"turns":16}],"seed_played":"-7191325840341478349","potions_obtained":[{"floor":1,"key":"Poison Potion"},{"floor":5,"key":"Energy Potion"},{"floor":14,"key":"FearPotion"},{"floor":28,"key":"Block Potion"},{"floor":33,"key":"Poison Potion"},{"floor":35,"key":"Block Potion"}],"is_trial":false,"path_per_floor":["M","?","$","M","M","E","?","M","T","R","$","E","M","E","R","B",null,"M","?","M","M","?","E","R","E","T","R","M","R","M","M","R","B",null,"M","$","?","M","M","R","E","M","T","R","M","R","?","$","R","B",null],"character_chosen":"IRONCLAD","items_purchased":["Disarm","Lee\u0027s Waffle","Entrench","Oddly Smooth Stone"],"campfire_rested":3,"item_purchase_floors":[3,36,36,48],"current_hp_per_floor":[74,74,74,75,75,43,43,48,48,48,48,33,32,16,16,21,62,51,51,51,41,41,20,42,36,36,36,36,36,35,27,49,16,60,34,82,82,78,63,63,51,41,41,41,47,47,37,37,61,38],"gold":34,"neow_bonus":"THREE_ENEMY_KILL","is_prod":false,"is_daily":false,"chose_seed":false,"campfire_upgraded":7,"win_rate":0,"timestamp":1549196997,"path_taken":["M","?","$","?","M","E","?","M","T","R","$","E","?","E","R","BOSS","M","?","M","M","?","E","R","E","T","R","M","R","M","?","R","BOSS","M","$","?","M","M","R","E","M","T","R","M","R","?","?","R","BOSS"],"build_version":"2019-01-23","purchased_purges":2,"victory":true,"max_hp_per_floor":[75,75,75,75,75,75,75,75,75,75,75,75,75,75,75,75,75,75,75,75,75,75,75,75,75,75,75,75,75,75,75,75,75,75,75,82,82,82,82,82,82,82,82,82,82,82,82,82,82,82],"card_choices":[{"not_picked":["Twin Strike","Blood for Blood"],"picked":"Feel No Pain","floor":1},{"not_picked":["Corruption","Thunderclap","Flex"],"picked":"SKIP","floor":4},{"not_picked":["Havoc","Warcry","Perfected Strike"],"picked":"SKIP","floor":5},{"not_picked":["Berserk","Fire Breathing"],"picked":"Shrug It Off","floor":6},{"not_picked":["Ghostly Armor","Flex","True Grit"],"picked":"SKIP","floor":8},{"not_picked":["Combust","Intimidate"],"picked":"Rampage","floor":12},{"not_picked":["Reckless Charge","Headbutt","Blood for Blood"],"picked":"SKIP","floor":13},{"not_picked":["Warcry","Spot Weakness"],"picked":"Fiend Fire","floor":14},{"not_picked":["Juggernaut","Fiend Fire"],"picked":"Offering","floor":16},{"not_picked":["Flex","Havoc","Cleave"],"picked":"SKIP","floor":18},{"not_picked":["Headbutt","Sever Soul","Cleave"],"picked":"SKIP","floor":20},{"not_picked":["Havoc","Fire Breathing","Iron Wave+1"],"picked":"SKIP","floor":21},{"not_picked":["Thunderclap","Flex","Anger"],"picked":"SKIP","floor":23},{"not_picked":["Sever Soul","Rage","Heavy Blade"],"picked":"SKIP","floor":25},{"not_picked":["Clothesline","Wild Strike","Burning Pact"],"picked":"SKIP","floor":28},{"not_picked":["Shockwave+1","Pommel Strike"],"picked":"Barricade","floor":30},{"not_picked":["Perfected Strike","Iron Wave","Cleave"],"picked":"SKIP","floor":31},{"not_picked":["Exhume","Shrug It Off"],"picked":"Shockwave","floor":34},{"not_picked":["Clash","Havoc"],"picked":"Whirlwind","floor":34},{"not_picked":["Dual Wield","Body Slam+1"],"picked":"Disarm","floor":35},{"not_picked":["Spot Weakness","Heavy Blade"],"picked":"Shrug It Off","floor":38},{"not_picked":["Fire Breathing","True Grit"],"picked":"Second Wind","floor":39},{"not_picked":["Havoc","Twin Strike","Armaments"],"picked":"SKIP","floor":41},{"not_picked":["Bloodletting","Pommel Strike+1","Carnage+1"],"picked":"SKIP","floor":42},{"not_picked":["Flex+1","Corruption"],"picked":"Shrug It Off+1","floor":45},{"not_picked":["Blind","Enlightenment"],"picked":"Apotheosis","floor":47},{"not_picked":["Blind","Bandage Up"],"picked":"Secret Technique","floor":47},{"not_picked":["Magnetism","PanicButton"],"picked":"Chrysalis","floor":47}],"player_experience":42654,"relics_obtained":[{"floor":6,"key":"Red Skull"},{"floor":9,"key":"Blue Candle"},{"floor":12,"key":"Torii"},{"floor":14,"key":"Ancient Tea Set"},{"floor":23,"key":"Bronze Scales"},{"floor":25,"key":"Happy Flower"},{"floor":26,"key":"Mummified Hand"},{"floor":41,"key":"Sundial"},{"floor":43,"key":"War Paint"}],"event_choices":[{"damage_healed":0,"gold_gain":0,"player_choice":"1 cards matched","damage_taken":0,"max_hp_gain":0,"max_hp_loss":0,"event_name":"Match and Keep!","floor":2,"gold_loss":0,"cards_obtained":["Immolate"]},{"damage_healed":0,"gold_gain":0,"player_choice":"Rummage","damage_taken":0,"relics_obtained":["WarpedTongs"],"max_hp_gain":0,"max_hp_loss":0,"event_name":"Accursed Blacksmith","floor":7,"gold_loss":0,"cards_obtained":["Pain"]},{"damage_healed":0,"gold_gain":0,"player_choice":"Ignored","damage_taken":0,"max_hp_gain":0,"max_hp_loss":0,"event_name":"The Mausoleum","floor":19,"gold_loss":0},{"damage_healed":0,"gold_gain":0,"player_choice":"Copied","damage_taken":0,"max_hp_gain":0,"max_hp_loss":0,"event_name":"Duplicator","floor":22,"gold_loss":0,"cards_obtained":["Offering"]},{"cards_removed":["Strike_R"],"damage_healed":0,"gold_gain":0,"player_choice":"Removed Attack","damage_taken":0,"max_hp_gain":0,"max_hp_loss":0,"event_name":"Falling","floor":37,"gold_loss":0},{"damage_healed":0,"gold_gain":0,"player_choice":"Memory 3","damage_taken":10,"max_hp_gain":0,"max_hp_loss":0,"event_name":"SensoryStone","floor":47,"gold_loss":0}],"is_beta":false,"boss_relics":[{"not_picked":["White Beast Statue","Runic Pyramid"],"picked":"Velvet Choker"},{"not_picked":["Calling Bell","Sozu"],"picked":"Orrery"}],"items_purged_floors":[11,36],"is_endless":false,"potions_floor_spawned":[1,5,6,12,14,20,21,23,28,33,35,39,42],"ascension_level":15}