{"gold_per_floor":[114,114,128,128,128,156,156,190,214,234,234,159,434,465,465,541,541,552,563,563,563],"floor_reached":21,"playtime":495,"items_purged":["Strike_R"],"score":440,"play_id":"b0c78d9a-00d7-47a0-9556-90942e1e2140","local_time":"20190421123826","is_ascension_mode":true,"campfire_choices":[{"data":"Bash","floor":7,"key":"SMITH"},{"data":"Inflame","floor":11,"key":"SMITH"},{"floor":15,"key":"REST"}],"neow_cost":"NONE","seed_source_timestamp":463233276401400,"circlet_count":0,"master_deck":["AscendersBane","Strike_R","Strike_R","Strike_R+1","Defend_R","Defend_R","Defend_R","Bash+1","Shrug It Off+1","Inflame+1","Ghostly Armor","Offering","Inflame"],"relics":["Burning Blood","NeowsBlessing","Omamori","Sundial","Ornamental Fan","Anchor","Smiling Mask","Empty Cage","Peace Pipe"],"potions_floor_usage":[8,14,16],"damage_taken":[{"damage":0,"enemies":"2 Louse","floor":1,"turns":1},{"damage":0,"enemies":"Small Slimes","floor":3,"turns":1},{"damage":0,"enemies":"Gremlin Nob","floor":6,"turns":1},{"damage":35,"enemies":"Lagavulin","floor":8,"turns":7},{"damage":0,"enemies":"Jaw Worm","floor":10,"turns":3},{"damage":28,"enemies":"Gremlin Nob","floor":14,"turns":4},{"damage":29,"enemies":"The Guardian","floor":16,"turns":16},{"damage":13,"enemies":"Chosen","floor":18,"turns":5},{"damage":31,"enemies":"Shell Parasite","floor":19,"turns":4},{"damage":25,"enemies":"Snecko","floor":21,"turns":5}],"seed_played":"-3669060960845042064","potions_obtained":[{"floor":1,"key":"EssenceOfSteel"},{"floor":3,"key":"BloodPotion"},{"floor":14,"key":"Weak Potion"}],"is_trial":false,"path_per_floor":["M","$","M","?","?","E","R","E","T","M","R","$","?","E","R","B",null,"M","M","T","M"],"character_chosen":"IRONCLAD","items_purchased":[],"campfire_rested":1,"item_purchase_floors":[],"current_hp_per_floor":[74,74,75,64,41,47,47,25,25,31,31,31,31,9,31,8,58,51,26,26,1],"gold":563,"neow_bonus":"THREE_ENEMY_KILL","is_prod":false,"is_daily":false,"chose_seed":false,"campfire_upgraded":2,"win_rate":0,"timestamp":1555817906,"path_taken":["M","$","M","?","?","E","R","E","T","M","R","$","?","E","R","BOSS","M","?","?","?"],"build_version":"2019-01-23","purchased_purges":1,"victory":false,"max_hp_per_floor":[75,75,75,75,75,75,75,75,75,75,75,75,75,75,75,75,75,75,75,75,75],"card_choices":[{"not_picked":["Metallicize","Ghostly Armor"],"picked":"Shrug It Off","floor":1},{"not_picked":["Battle Trance","Perfected Strike"],"picked":"Inflame","floor":3},{"not_picked":["Rage","Headbutt","Thunderclap"],"picked":"SKIP","floor":6},{"not_picked":["Inflame","Corruption"],"picked":"Ghostly Armor","floor":8},{"not_picked":["Twin Strike","Metallicize","Blood for Blood"],"picked":"SKIP","floor":10},{"not_picked":["Twin Strike","Metallicize","Blood for Blood"],"picked":"SKIP","floor":10},{"not_picked":["Spot Weakness","Clothesline","Havoc"],"picked":"SKIP","floor":14},{"not_picked":["Brutality","Juggernaut"],"picked":"Offering","floor":16},{"not_picked":["Rupture","Fire Breathing"],"picked":"Inflame","floor":18},{"not_picked":["Havoc","Uppercut","Clash"],"picked":"SKIP","floor":19}],"player_experience":3267427,"relics_obtained":[{"floor":6,"key":"Sundial"},{"floor":8,"key":"Ornamental Fan"},{"floor":9,"key":"Anchor"},{"floor":14,"key":"Smiling Mask"},{"floor":20,"key":"Peace Pipe"}],"event_choices":[{"damage_healed":0,"gold_gain":0,"player_choice":"Success","damage_taken":11,"relics_obtained":["Omamori"],"max_hp_gain":0,"max_hp_loss":0,"event_name":"Scrap Ooze","floor":4,"gold_loss":0},{"damage_healed":0,"gold_gain":0,"player_choice":"Entered Light","damage_taken":23,"max_hp_gain":0,"max_hp_loss":0,"event_name":"Shining Light","floor":5,"gold_loss":0,"cards_upgraded":["Shrug It Off","Strike_R"]},{"damage_healed":0,"gold_gain":275,"player_choice":"Desecrate","damage_taken":0,"max_hp_gain":0,"max_hp_loss":0,"event_name":"Golden Shrine","floor":13,"gold_loss":0,"cards_obtained":["Regret"]}],"is_beta":false,"boss_relics":[{"not_picked":["White Beast Statue","Ectoplasm"],"picked":"Empty Cage"}],"items_purged_floors":[12],"is_endless":false,"potions_floor_spawned":[1,3,14],"killed_by":"Snecko","ascension_level":20}