{"gold_per_floor":[115,34,34,48,66,66,82,82,82,93,93,110,138,63,63,138,138,155,205,205,14,14,42,42,16,43,43,68,68,86,86,86,86],"floor_reached":33,"playtime":970,"items_purged":["Writhe"],"score":662,"play_id":"f2b345c8-8e8f-4cd7-a636-009b8c727f96","local_time":"20190326184551","is_ascension_mode":true,"campfire_choices":[{"data":"Limit Break","floor":6.0,"key":"SMITH"},{"data":"Bash","floor":8.0,"key":"SMITH"},{"data":"Whirlwind","floor":11.0,"key":"SMITH"},{"data":"Armaments","floor":15.0,"key":"SMITH"},{"data":"Barricade","floor":27.0,"key":"SMITH"},{"data":"Entrench","floor":29.0,"key":"SMITH"},{"data":"True Grit","floor":32.0,"key":"SMITH"}],"neow_cost":"PERCENT_DAMAGE","seed_source_timestamp":171407707990700,"circlet_count":0,"master_deck":["AscendersBane","Strike_R","Strike_R","Defend_R","Defend_R","Defend_R","Defend_R","Bash+1","Limit Break+1","Pommel Strike","Spot Weakness","Armaments+1","Whirlwind+1","Shrug It Off","Entrench+1","Barricade+1","True Grit+1","Headbutt","Ghostly","Ghostly","Ghostly","Shrug It Off"],"special_seed":0,"relics":["Burning Blood","FaceOfCleric","Gremlin Horn","Calipers","Busted Crown","Dream Catcher","Lantern","Bag of Marbles"],"potions_floor_usage":[33],"damage_taken":[{"damage":14.0,"enemies":"Jaw Worm","floor":1.0,"turns":4.0},{"damage":2.0,"enemies":"Cultist","floor":4.0,"turns":4.0},{"damage":4.0,"enemies":"Small Slimes","floor":5.0,"turns":4.0},{"damage":15.0,"enemies":"3 Louse","floor":7.0,"turns":7.0},{"damage":18.0,"enemies":"Large Slime","floor":10.0,"turns":5.0},{"damage":1.0,"enemies":"Looter","floor":12.0,"turns":4.0},{"damage":0.0,"enemies":"3 Sentries","floor":13.0,"turns":2.0},{"damage":36.0,"enemies":"Slime Boss","floor":16.0,"turns":8.0},{"damage":22.0,"enemies":"Chosen","floor":18.0,"turns":9.0},{"damage":4.0,"enemies":"Slavers","floor":23.0,"turns":4.0},{"damage":0.0,"enemies":"Gremlin Leader","floor":28.0,"turns":10.0},{"damage":0.0,"enemies":"Shell Parasite","floor":30.0,"turns":6.0},{"damage":27,"enemies":"Collector","floor":33,"turns":6}],"seed_played":"-711507564894453441","potions_obtained":[{"floor":4.0,"key":"Energy Potion"},{"floor":5.0,"key":"Swift Potion"},{"floor":13.0,"key":"Swift Potion"},{"floor":18.0,"key":"Energy Potion"},{"floor":30.0,"key":"Weak Potion"}],"is_trial":false,"path_per_floor":["M","$","?","M","M","R","M","R","T","M","R","M","E","?","R","B",null,"M","?","?","$","?","E","?","$","T","R","E","R","M","?","R","B"],"character_chosen":"IRONCLAD","items_purchased":["Spot Weakness","True Grit","Headbutt","Shrug It Off"],"campfire_rested":0,"item_purchase_floors":[2,21,21,25],"current_hp_per_floor":[42,42,42,47,50,50,42,42,42,31,31,37,44,44,44,15,65,50,50,50,50,41,42,42,42,42,42,43,43,44,38,38,11],"gold":86,"neow_bonus":"TRANSFORM_TWO_CARDS","is_prod":false,"is_daily":false,"chose_seed":false,"campfire_upgraded":7,"win_rate":0,"timestamp":1553593551,"path_taken":["M","$","?","?","M","R","M","R","T","M","R","M","E","?","R","BOSS","M","?","?","$","?","E","?","?","T","R","E","R","?","?","R","BOSS"],"build_version":"2019-01-23","purchased_purges":1,"victory":false,"max_hp_per_floor":[75,75,75,76,77,77,78,78,78,79,79,80,81,81,81,82,82,83,83,83,83,41,42,42,42,42,42,43,43,44,44,44,44],"card_choices":[{"not_picked":["Warcry","Cleave","Sentinel"],"picked":"SKIP","floor":1.0},{"not_picked":["Armaments","Anger","Spot Weakness"],"picked":"SKIP","floor":4.0},{"not_picked":["Carnage","Wild Strike"],"picked":"Armaments","floor":5.0},{"not_picked":["Sword Boomerang","Perfected Strike","Flex"],"picked":"SKIP","floor":7.0},{"not_picked":["True Grit","Body Slam"],"picked":"Whirlwind","floor":10.0},{"not_picked":["Heavy Blade","Rage"],"picked":"Shrug It Off","floor":12.0},{"not_picked":["Heavy Blade","Clash"],"picked":"Entrench","floor":13.0},{"not_picked":["Dark Embrace","Exhume"],"picked":"Barricade","floor":16.0},{"not_picked":["Havoc"],"picked":"SKIP","floor":18.0},{"not_picked":["Sword Boomerang"],"picked":"SKIP","floor":23.0},{"not_picked":["Infernal Blade"],"picked":"SKIP","floor":28.0},{"not_picked":["Headbutt"],"picked":"SKIP","floor":30.0}],"player_experience":2606759,"relics_obtained":[{"floor":9.0,"key":"Gremlin Horn"},{"floor":13.0,"key":"Calipers"},{"floor":23.0,"key":"Lantern"},{"floor":28.0,"key":"Bag of Marbles"}],"event_choices":[{"damage_healed":0.0,"max_hp_gain":0.0,"max_hp_loss":0.0,"gold_gain":0.0,"event_name":"FaceTrader","player_choice":"Trade","floor":3.0,"gold_loss":0.0,"damage_taken":0.0,"relics_obtained":["FaceOfCleric"]},{"cards_removed":["Strike_R"],"damage_healed":0.0,"max_hp_gain":0.0,"max_hp_loss":0.0,"gold_gain":0.0,"event_name":"The Cleric","player_choice":"Card Removal","floor":14.0,"gold_loss":75.0,"damage_taken":0.0},{"damage_healed":0.0,"max_hp_gain":0.0,"max_hp_loss":0.0,"gold_gain":50.0,"event_name":"Nest","player_choice":"Stole From Cult","floor":19.0,"gold_loss":0.0,"damage_taken":0.0},{"damage_healed":0.0,"max_hp_gain":0.0,"max_hp_loss":0.0,"gold_gain":0.0,"event_name":"The Mausoleum","player_choice":"Opened","floor":20.0,"gold_loss":0.0,"damage_taken":0.0,"relics_obtained":["Dream Catcher"],"cards_obtained":["Writhe"]},{"damage_healed":0.0,"max_hp_gain":0.0,"max_hp_loss":42.0,"gold_gain":0.0,"event_name":"Ghosts","player_choice":"Became a Ghost","floor":22.0,"gold_loss":0.0,"damage_taken":0.0,"cards_obtained":["Ghostly","Ghostly","Ghostly"]},{"damage_healed":0.0,"max_hp_gain":0.0,"max_hp_loss":0.0,"gold_gain":0.0,"event_name":"Beggar","player_choice":"Ignored","floor":24.0,"gold_loss":0.0,"damage_taken":0.0},{"damage_healed":0.0,"max_hp_gain":0.0,"max_hp_loss":0.0,"gold_gain":0.0,"event_name":"Wheel of Change","player_choice":"Damaged","floor":31.0,"gold_loss":0.0,"damage_taken":6.0}],"is_beta":false,"boss_relics":[{"not_picked":["Black Blood","Tiny House"],"picked":"Busted Crown"}],"items_purged_floors":[21],"is_endless":false,"potions_floor_spawned":[4,5,13,18,30],"killed_by":"Collector","ascension_level":20}