{"gold_per_floor":[118,118,118,134,134,162,162,192,219,231,318,330,356,386,398,508,520,548,560,572,600,29,54,71,71,153,153,103,119,129,155,155,260,260,275,275,295,295,60,95,112,112,135,135,169,46,46,60,60,60],"floor_reached":51,"playtime":1631,"items_purged":["Defend_B","Defend_B"],"score":826,"play_id":"7ecdceb9-b012-4908-a512-f955d571c9e7","local_time":"20190216111558","is_ascension_mode":false,"campfire_choices":[{"data":"Melter","floor":7.0,"key":"SMITH"},{"data":"Zap","floor":10,"key":"SMITH"},{"data":"Dualcast","floor":12,"key":"SMITH"},{"data":"Blizzard","floor":15,"key":"SMITH"},{"data":"Creative AI","floor":25,"key":"SMITH"},{"data":"Capacitor","floor":27,"key":"SMITH"},{"data":"Leap","floor":32,"key":"SMITH"},{"data":"Amplify","floor":42,"key":"SMITH"},{"floor":49,"key":"REST"}],"neow_cost":"NONE","seed_source_timestamp":176557739644100,"circlet_count":0,"master_deck":["Strike_B","Strike_B","Defend_B+1","Zap+1","Dualcast+1","Cold Snap","Blizzard+1","All For One","Melter+1","Leap+1","Capacitor+1","Cold Snap","Creative AI+1","Genetic Algorithm+1","Conserve Battery+1","Cold Snap","Chill+1","Streamline+1","Hologram+1","Gash+1","Amplify+1","Creative AI","Heatsinks+1","All For One","Biased Cognition+1","Coolheaded"],"special_seed":0,"relics":["Cracked Core","NeowsBlessing","Regal Pillow","Ancient Tea Set","Matryoshka","Pen Nib","MawBank","Runic Dome","Sundial","Lee\u0027s Waffle","Bag of Preparation","War Paint","Vajra","Happy Flower","Snecko Eye","Thread and Needle","Bronze Scales","Frozen Egg 2","Potion Belt"],"potions_floor_usage":[8,21,22,48,50,50,50,50],"damage_taken":[{"damage":0.0,"enemies":"Jaw Worm","floor":1.0,"turns":1.0},{"damage":0.0,"enemies":"Small Slimes","floor":4.0,"turns":1.0},{"damage":0.0,"enemies":"Lagavulin","floor":6.0,"turns":1.0},{"damage":16,"enemies":"Gremlin Nob","floor":8,"turns":4},{"damage":0,"enemies":"2 Louse","floor":13,"turns":2},{"damage":0,"enemies":"Exordium Wildlife","floor":14,"turns":3},{"damage":21,"enemies":"The Guardian","floor":16,"turns":11},{"damage":0,"enemies":"Chosen","floor":18,"turns":4},{"damage":37,"enemies":"Colosseum Slavers","floor":19,"turns":5},{"damage":3,"enemies":"3 Byrds","floor":21,"turns":4},{"damage":31,"enemies":"Slavers","floor":23,"turns":6},{"damage":4,"enemies":"Snake Plant","floor":24,"turns":4},{"damage":6,"enemies":"Cultist and Chosen","floor":29,"turns":6},{"damage":5,"enemies":"Snecko","floor":30,"turns":5},{"damage":0,"enemies":"Gremlin Leader","floor":31,"turns":5},{"damage":4,"enemies":"Champ","floor":33,"turns":10},{"damage":0,"enemies":"3 Darklings","floor":35,"turns":5},{"damage":1,"enemies":"3 Shapes","floor":37,"turns":6},{"damage":1,"enemies":"Giant Head","floor":40,"turns":12},{"damage":7,"enemies":"Spire Growth","floor":41,"turns":5},{"damage":15,"enemies":"Reptomancer","floor":45,"turns":5},{"damage":3,"enemies":"Jaw Worm Horde","floor":48,"turns":5},{"damage":24,"enemies":"Awakened One","floor":50,"turns":15}],"seed_played":"4849705677591389642","potions_obtained":[{"floor":4.0,"key":"FearPotion"},{"floor":6.0,"key":"Dexterity Potion"},{"floor":16,"key":"FocusPotion"},{"floor":18,"key":"SkillPotion"},{"floor":23,"key":"AttackPotion"},{"floor":31,"key":"SkillPotion"},{"floor":33,"key":"PowerPotion"},{"floor":37,"key":"Fire Potion"},{"floor":40,"key":"Regen Potion"},{"floor":45,"key":"Dexterity Potion"},{"floor":48,"key":"Weak Potion"}],"is_trial":false,"path_per_floor":["M","?","?","M","?","E","R","E","T","R","?","R","M","M","R","B",null,"M","?","?","M","$","E","M","R","T","R","?","M","M","E","R","B",null,"M","?","M","?","$","E","M","R","T","T","E","$","?","M","R","B",null],"character_chosen":"DEFECT","items_purchased":["Lee\u0027s Waffle","Bag of Preparation","Cold Snap","Chill","Fruit Juice","All For One","Coolheaded"],"campfire_rested":1,"item_purchase_floors":[22,22,22,22,22,39,46],"current_hp_per_floor":[75,75,68,68,68,68,68,52,52,52,41,41,41,41,41,20,75,75,38,38,35,87,56,52,52,52,52,52,46,41,41,41,37,87,87,87,86,86,86,85,78,78,78,78,63,63,63,72,83,59],"gold":60,"neow_bonus":"THREE_ENEMY_KILL","is_prod":false,"is_daily":false,"chose_seed":false,"campfire_upgraded":8,"win_rate":0.0,"timestamp":1550283358,"path_taken":["M","?","?","?","?","E","R","E","T","R","?","R","M","M","R","BOSS","M","?","?","M","?","E","?","R","T","R","?","M","M","E","R","BOSS","M","?","?","?","$","E","M","R","T","?","E","?","?","M","R","BOSS"],"build_version":"2019-01-23","purchased_purges":2,"victory":true,"max_hp_per_floor":[75,75,75,75,75,75,75,75,75,75,75,75,75,75,75,75,75,75,75,75,75,87,87,87,87,87,87,87,87,87,87,87,87,87,87,87,87,87,87,87,87,87,87,87,87,87,83,83,83,83],"card_choices":[{"not_picked":["Streamline","Heatsinks"],"picked":"Cold Snap","floor":1.0},{"not_picked":["Steam","Hologram"],"picked":"Blizzard","floor":4.0},{"not_picked":["Force Field","Rip and Tear"],"picked":"Melter","floor":6.0},{"not_picked":["Machine Learning","Reprogram"],"picked":"Leap","floor":8},{"not_picked":["Beam Cell","Conserve Battery"],"picked":"Capacitor","floor":13},{"not_picked":["Reprogram","Heatsinks"],"picked":"Cold Snap","floor":14},{"not_picked":["Electrodynamics","Buffer"],"picked":"Creative AI","floor":16},{"not_picked":["Compile Driver+1","Ball Lightning"],"picked":"Genetic Algorithm+1","floor":18},{"not_picked":["Lockon","Stack+1"],"picked":"Conserve Battery+1","floor":21},{"not_picked":["Skim","Doom and Gloom+1"],"picked":"Streamline+1","floor":23},{"not_picked":["Reinforced Body","Compile Driver"],"picked":"Hologram+1","floor":24},{"not_picked":["Compile Driver","Tempest","Steam Power"],"picked":"SKIP","floor":29},{"not_picked":["Conserve Battery+1","Go for the Eyes+1"],"picked":"Gash+1","floor":30},{"not_picked":["Redo","Stack"],"picked":"Amplify","floor":31},{"not_picked":["Fission","All For One"],"picked":"Creative AI","floor":33},{"not_picked":["Steam","Genetic Algorithm"],"picked":"Heatsinks+1","floor":35},{"not_picked":["Doom and Gloom","Steam","Auto Shields"],"picked":"SKIP","floor":37},{"not_picked":["Rip and Tear","Auto Shields+1","Conserve Battery"],"picked":"SKIP","floor":40},{"not_picked":["Steam+1","Leap","Stack"],"picked":"SKIP","floor":41},{"not_picked":["Chill","Redo+1"],"picked":"Biased Cognition+1","floor":45},{"not_picked":["Conserve Battery","Compile Driver","Sweeping Beam+1"],"picked":"SKIP","floor":48},{"not_picked":["Conserve Battery","Compile Driver","Sweeping Beam+1"],"picked":"SKIP","floor":48},{"not_picked":["Conserve Battery","Compile Driver","Sweeping Beam+1"],"picked":"SKIP","floor":48}],"player_experience":63667,"relics_obtained":[{"floor":6.0,"key":"Ancient Tea Set"},{"floor":8,"key":"Matryoshka"},{"floor":9,"key":"Pen Nib"},{"floor":9,"key":"MawBank"},{"floor":23,"key":"War Paint"},{"floor":26,"key":"Vajra"},{"floor":31,"key":"Happy Flower"},{"floor":40,"key":"Thread and Needle"},{"floor":43,"key":"Bronze Scales"},{"floor":44,"key":"Frozen Egg 2"},{"floor":45,"key":"Potion Belt"}],"event_choices":[{"damage_healed":0.0,"max_hp_gain":0.0,"max_hp_loss":0.0,"gold_gain":0.0,"event_name":"Big Fish","player_choice":"Box","floor":2.0,"gold_loss":0.0,"damage_taken":0.0,"relics_obtained":["Regal Pillow"],"cards_obtained":["Regret"]},{"cards_removed":["Regret"],"damage_healed":0.0,"max_hp_gain":0.0,"max_hp_loss":0.0,"gold_gain":0.0,"event_name":"Golden Wing","player_choice":"Card Removal","floor":3.0,"gold_loss":0.0,"damage_taken":7.0},{"damage_healed":0.0,"max_hp_gain":0.0,"max_hp_loss":0.0,"gold_gain":0.0,"cards_transformed":["Strike_B"],"event_name":"Living Wall","player_choice":"Change","floor":5.0,"gold_loss":0.0,"damage_taken":0.0,"cards_obtained":["All For One"]},{"damage_healed":0,"gold_gain":75,"player_choice":"Gather Gold","damage_taken":11,"max_hp_gain":0,"max_hp_loss":0,"event_name":"World of Goop","floor":11,"gold_loss":0},{"damage_healed":0,"gold_gain":0,"player_choice":"Fight","damage_taken":0,"max_hp_gain":0,"max_hp_loss":0,"event_name":"Colosseum","floor":19,"gold_loss":0},{"damage_healed":0,"gold_gain":0,"player_choice":"Fled From Nobs","damage_taken":0,"max_hp_gain":0,"max_hp_loss":0,"event_name":"Colosseum","floor":19,"gold_loss":0},{"damage_healed":0,"gold_gain":0,"player_choice":"Opened","damage_taken":0,"relics_obtained":["Sundial"],"max_hp_gain":0,"max_hp_loss":0,"event_name":"The Mausoleum","floor":20,"gold_loss":0},{"damage_healed":0,"gold_gain":0,"player_choice":"Bet on Murderer","damage_taken":0,"max_hp_gain":0,"max_hp_loss":0,"event_name":"The Joust","floor":28,"gold_loss":50},{"cards_removed":["Strike_B"],"damage_healed":0,"gold_gain":0,"player_choice":"Purged","damage_taken":0,"max_hp_gain":0,"max_hp_loss":0,"event_name":"Purifier","floor":36,"gold_loss":0},{"cards_removed":["Defend_B"],"damage_healed":0,"gold_gain":0,"player_choice":"Removed Skill","damage_taken":0,"max_hp_gain":0,"max_hp_loss":0,"event_name":"Falling","floor":38,"gold_loss":0},{"damage_healed":0,"gold_gain":0,"player_choice":"Max HP","damage_taken":0,"max_hp_gain":0,"max_hp_loss":4,"event_name":"Winding Halls","floor":47,"gold_loss":0}],"is_beta":false,"boss_relics":[{"not_picked":["Empty Cage","White Beast Statue"],"picked":"Runic Dome"},{"not_picked":["Orrery","Astrolabe"],"picked":"Snecko Eye"}],"items_purged_floors":[39,46],"is_endless":false,"potions_floor_spawned":[4,6,16,18,23,31,33,37,40,45,48],"ascension_level":0}