{"path_per_floor":["M","?","?","M","M","R","M","$","T","R","M","R","E","$","R","B",null,"M","?","M","M","M"],"character_chosen":"IRONCLAD","items_purchased":["Bludgeon","Clash"],"gold_per_floor":[111,111,111,123,141,141,157,30,30,30,45,45,70,70,70,169,169,186,186,204,224,235,235],"floor_reached":23,"campfire_rested":3,"playtime":1283,"current_hp_per_floor":[77,44,44,37,41,65,51,51,51,75,72,72,69,69,80,40,70,45,29,35,44,13,0],"items_purged":[],"gold":235,"score":261,"play_id":"e7fe3276-a9fe-46f9-a3bc-5bc92ee93cae","local_time":"20180408213415","is_prod":false,"is_daily":false,"is_ascension_mode":true,"campfire_upgraded":1,"timestamp":1523212455,"path_taken":["M","?","?","M","M","R","M","$","T","R","?","R","E","?","R","BOSS","M","?","?","M","M","E"],"build_version":"2018-04-05v2","purchased_purges":0,"victory":false,"master_deck":["Strike_R","Strike_R","Strike_R","Strike_R","Strike_R","Defend_R","Defend_R","Defend_R","Defend_R","Bash","Iron Wave+1","Pommel Strike","Iron Wave","Intimidate","Bludgeon+1","Clash","Anger","Sever Soul","Feed","Warcry","Sever Soul","Intimidate","Disarm"],"max_hp_per_floor":[80,80,80,80,80,80,80,80,80,80,80,80,80,80,80,80,80,80,80,80,83,83,83],"relics":["Burning Blood","Mummified Hand","Charon\u0027s Ashes","Art of War","White Beast Statue","Enchiridion"],"card_choices":[{"not_picked":["Pommel Strike","Body Slam"],"picked":"Iron Wave","floor":1},{"not_picked":["Pummel","Body Slam"],"picked":"Pommel Strike","floor":4},{"not_picked":["Spot Weakness","Heavy Blade"],"picked":"Iron Wave","floor":5},{"not_picked":["True Grit","Thunderclap"],"picked":"Intimidate","floor":7},{"not_picked":["Power Through","Whirlwind"],"picked":"Anger","floor":11},{"not_picked":["Anger","Heavy Blade"],"picked":"Sever Soul","floor":13},{"not_picked":["Dark Embrace","Impervious"],"picked":"Feed","floor":16},{"not_picked":["Dual Wield","Clash"],"picked":"Warcry","floor":18},{"not_picked":["Clothesline","Blood for Blood"],"picked":"Sever Soul","floor":20},{"not_picked":["Shrug It Off","Thunderclap"],"picked":"Intimidate","floor":21},{"not_picked":["Shrug It Off","Battle Trance"],"picked":"Disarm","floor":22}],"player_experience":364451,"potions_floor_usage":[11,16,21,21,22,23],"damage_taken":[{"damage":1,"enemies":"Cultist","floor":1,"turns":3},{"damage":13,"enemies":"Small Slimes","floor":4,"turns":3},{"damage":2,"enemies":"Jaw Worm","floor":5,"turns":3},{"damage":20,"enemies":"Large Slime","floor":7,"turns":8},{"damage":9,"enemies":"Exordium Wildlife","floor":11,"turns":5},{"damage":9,"enemies":"3 Sentries","floor":13,"turns":5},{"damage":46,"enemies":"The Guardian","floor":16,"turns":9},{"damage":31,"enemies":"Shell Parasite","floor":18,"turns":5},{"damage":0,"enemies":"Spheric Guardian","floor":20,"turns":3},{"damage":0,"enemies":"3 Cultists","floor":21,"turns":5},{"damage":37,"enemies":"Centurion and Healer","floor":22,"turns":5},{"damage":35,"enemies":"Book of Stabbing","floor":23,"turns":3}],"event_choices":[{"event_name":"Scrap Ooze","player_choice":"success","floor":2,"damage_taken":33},{"event_name":"Living Wall","player_choice":"Grow","floor":3,"damage_taken":0},{"event_name":"Cursed Tome","player_choice":"Obtained Book","floor":19,"damage_taken":0}],"boss_relics":[{"not_picked":["Ectoplasm","Sozu"],"picked":"White Beast Statue"}],"potions_floor_spawned":[7,13,18,20,21,22],"seed_played":"-4009721736449104740","killed_by":"Book of Stabbing","ascension_level":7,"is_trial":false}