{"path_per_floor":["M","M","M","?","?","E","M","R","T","M","?","M","T","M","R","B",null,"M","M","?","$","?","E","R","M","T","E","M","M","E","T","R","B",null,"M","?","$","M","?","R","?","E","T","M","M","T","?","M","R","B"],"character_chosen":"THE_SILENT","items_purchased":["Snake Skull","Thread and Needle"],"gold_per_floor":[19,36,55,55,35,65,84,84,137,151,151,164,164,182,182,284,284,299,314,314,82,82,110,110,123,123,151,168,184,218,264,264,366,396,413,413,9,19,19,19,0,33,33,52,63,63,63,78,78,78],"floor_reached":51,"campfire_rested":2,"playtime":3803,"current_hp_per_floor":[69,63,62,62,62,40,40,40,40,28,14,14,14,14,35,30,70,70,68,52,52,62,19,19,19,33,31,29,29,26,26,26,26,99,98,86,86,86,86,86,86,85,85,85,79,79,79,79,99,74],"items_purged":["Poisoned Stab","Sucker Punch"],"gold":78,"score":639,"play_id":"28b60d43-00ed-4943-b929-17ef2bdfc1e1","is_prod":false,"is_daily":false,"is_ascension_mode":false,"campfire_upgraded":4,"path_taken":["M","M","M","?","?","E","M","R","T","M","?","M","?","?","R","BOSS","M","M","?","$","?","E","R","M","T","E","M","M","E","?","R","BOSS","M","?","$","?","?","R","?","E","T","M","M","?","?","M","R","BOSS"],"build_version":"2018-02-16-BETA2","purchased_purges":2,"victory":true,"master_deck":["Survivor","Neutralize+1","Die Die Die","Tools of the Trade+1","Acrobatics+1","Blur","Flying Knee","Reflex","Infinite Blades","Underhanded Strike","Envenom+1","Adrenaline+1","Outmaneuver","Malaise","Leg Sweep","Blur+1","PiercingWail","Skewer","Bane","Predator","Dash+1","Blade Dance+1","Backstab","Predator+1","Tactician","Adrenaline","Escape Plan+1","Well Laid Plans+1","Madness","Madness","Dagger Throw+1","Necronomicurse","Heel Hook","Catalyst","Cloak And Dagger+1","Dash+1","Infinite Blades","Footwork"],"max_hp_per_floor":[70,70,70,70,70,70,70,70,70,70,70,70,70,70,70,70,70,70,70,70,70,80,80,80,80,94,94,94,94,94,94,94,94,99,99,99,99,99,99,99,99,99,99,99,99,99,99,99,99,99],"relics":["Ring of the Snake","Torii","Tiny Chest","Dodecahedron","Pandora\u0027s Box","Necronomicon","Snake Skull","Pear","Vajra","Mango","Prayer Wheel","Ninja Scroll","Omamori","Tiny House","Thread and Needle","Red Mask","Bronze Scales","Ancient Tea Set","Dream Catcher"],"card_choices":[{"not_picked":["Phantasmal Killer","Corpse Explosion"],"picked":"Die Die Die"},{"not_picked":["Caltrops","Dodge and Roll"],"picked":"Tools of the Trade"},{"not_picked":["Skewer","Endless Agony"],"picked":"Acrobatics"},{"not_picked":["Sucker Punch","Bane"],"picked":"Blur"},{"not_picked":["PiercingWail","Riddle With Holes"],"picked":"Flying Knee"},{"not_picked":["Dodge and Roll","Poisoned Stab"],"picked":"Reflex"},{"not_picked":["Distraction","Acrobatics"],"picked":"Infinite Blades"},{"not_picked":["Backflip","Malaise"],"picked":"Underhanded Strike"},{"not_picked":["Flying Knee","Distraction"],"picked":"Envenom"},{"not_picked":["Tools of the Trade","Unload"],"picked":"Adrenaline"},{"not_picked":["Eviscerate","Underhanded Strike"],"picked":"Predator"},{"not_picked":["Bane","Dodge and Roll"],"picked":"Dash"},{"not_picked":["Slice","Quick Slash"],"picked":"Blade Dance"},{"not_picked":["Acrobatics","Crippling Poison"],"picked":"Backstab"},{"not_picked":["Prepared","Eviscerate"],"picked":"Predator"},{"not_picked":["Sucker Punch","Bouncing Flask"],"picked":"Tactician"},{"not_picked":["Wraith Form","A Thousand Cuts"],"picked":"Adrenaline"},{"not_picked":["Deadly Poison","PiercingWail"],"picked":"Escape Plan"},{"not_picked":["Poisoned Stab","Cloak And Dagger"],"picked":"Well Laid Plans"},{"not_picked":["Quick Slash","Dagger Spray"],"picked":"Dagger Throw"},{"not_picked":["Dagger Throw","Poisoned Stab"],"picked":"Heel Hook"},{"not_picked":["Burst","Bane"],"picked":"Catalyst"},{"not_picked":["Malaise","Caltrops"],"picked":"Cloak And Dagger"},{"not_picked":["Riddle With Holes","Flying Knee"],"picked":"Dash"},{"not_picked":["Endless Agony","Cloak And Dagger"],"picked":"Footwork"}],"player_experience":60031,"potions_floor_usage":[6,16,16,18,19,23,30,38,38,50,50],"damage_taken":[{"damage":1,"enemies":"Jaw Worm","floor":1,"turns":3},{"damage":6,"enemies":"Small Slimes","floor":2,"turns":3},{"damage":1,"enemies":"Cultist","floor":3,"turns":4},{"damage":22,"enemies":"Gremlin Nob","floor":6,"turns":6},{"damage":0,"enemies":"Exordium Wildlife","floor":7,"turns":3},{"damage":12,"enemies":"Large Slime","floor":10,"turns":7},{"damage":0,"enemies":"2 Fungi Beasts","floor":12,"turns":2},{"damage":0,"enemies":"Exordium Wildlife","floor":14,"turns":4},{"damage":5,"enemies":"Hexaghost","floor":16,"turns":12},{"damage":0,"enemies":"Shell Parasite","floor":18,"turns":6},{"damage":2,"enemies":"2 Thieves","floor":19,"turns":3},{"damage":55,"enemies":"Slavers","floor":23,"turns":6},{"damage":0,"enemies":"Cultist and Chosen","floor":25,"turns":4},{"damage":2,"enemies":"Book of Stabbing","floor":27,"turns":4},{"damage":2,"enemies":"Slaver and Parasite","floor":28,"turns":5},{"damage":0,"enemies":"Snake Plant","floor":29,"turns":3},{"damage":3,"enemies":"Gremlin Leader","floor":30,"turns":4},{"damage":0,"enemies":"Automaton","floor":33,"turns":7},{"damage":1,"enemies":"Orb Walker","floor":35,"turns":4},{"damage":0,"enemies":"3 Darklings","floor":38,"turns":5},{"damage":1,"enemies":"2 Orb Walkers","floor":42,"turns":4},{"damage":0,"enemies":"Flame Bruiser 2 Orb","floor":44,"turns":3},{"damage":6,"enemies":"Sphere and 2 Shapes","floor":45,"turns":3},{"damage":0,"enemies":"Maw","floor":48,"turns":5},{"damage":25,"enemies":"Donu and Deca","floor":50,"turns":8}],"event_choices":[{"event_name":"Liars Game","player_choice":"disagreed","floor":4,"damage_taken":0},{"event_name":"The Woman in Blue","player_choice":"Bought 1 Potion","floor":5,"damage_taken":0},{"event_name":"Shining Light","player_choice":"Entered Light","floor":11,"damage_taken":0},{"event_name":"Cursed Tome","player_choice":"Obtained Book","floor":20,"damage_taken":0},{"event_name":"The Mausoleum","player_choice":"Yes","floor":22,"damage_taken":0},{"event_name":"Winding Halls","player_choice":"Embrace Madness","floor":36,"damage_taken":0},{"event_name":"Fountain of Cleansing","player_choice":"Removed Curse","floor":39,"damage_taken":0},{"event_name":"Tomb of Lord Red Mask","player_choice":"Paid","floor":41,"damage_taken":0},{"event_name":"Transmorgrifier","player_choice":"Transform","floor":47,"damage_taken":0}],"boss_relics":[{"not_picked":["Snecko Eye","Astrolabe"],"picked":"Pandora\u0027s Box"},{"not_picked":["Runic Pyramid","Eternal Feather"],"picked":"Tiny House"}],"potions_floor_spawned":[1,10,14,16,19,28,33,38,42,45],"seed_played":"3184333377297757241","ascension_level":0,"is_trial":false}