{"path_per_floor":["M","?","?","M","$","R","M","R","T","R","M","R","?","$","R","B",null,"M","M","?","$","?","R"],"character_chosen":"DEFECT","items_purchased":["Thunder Strike","War Paint"],"gold_per_floor":[19,19,19,39,39,39,52,52,105,105,118,118,293,140,140,240,240,253,268,268,17,17,17,17],"floor_reached":24,"campfire_rested":0,"playtime":797,"item_purchase_floors":[14,21],"current_hp_per_floor":[65,65,65,65,65,65,65,72,72,72,70,70,70,70,70,9,65,60,58,58,58,86,86,0],"items_purged":["Doubt","Strike_B"],"gold":17,"score":246,"play_id":"f793209d-6d56-436e-90b5-a7a4400fec3e","local_time":"20180521192728","is_prod":false,"is_daily":false,"chose_seed":false,"is_ascension_mode":true,"campfire_upgraded":0,"timestamp":1526902048,"campfire_choices":[{"floor":6,"key":"DIG"},{"floor":8,"key":"DIG"},{"floor":10,"key":"DIG"},{"floor":12,"key":"DIG"},{"floor":15,"key":"DIG"},{"floor":23,"key":"DIG"}],"path_taken":["M","?","?","M","?","R","M","R","T","R","M","R","?","$","R","BOSS","M","M","?","$","?","R","E"],"build_version":"2018-05-18","seed_source_timestamp":875215638112361,"purchased_purges":2,"victory":false,"master_deck":["Strike_B","Strike_B+1","Strike_B+1","Defend_B","Defend_B+1","Defend_B","Zap+1","Dualcast","Leap+1","Leap","Rip and Tear","Hologram","Tempest","Thunder Strike","Ball Lightning+1","Reinforced Body"],"max_hp_per_floor":[75,75,75,75,75,75,75,82,82,82,82,82,82,82,82,84,84,86,86,86,86,86,86,86],"relics":["Cracked Core","Shovel","Bronze Scales","Strawberry","Bag of Marbles","Prayer Wheel","Whetstone","Singing Bowl","Inserter","War Paint","Potion Belt"],"card_choices":[{"not_picked":["Double Energy","Force Field"],"picked":"Leap","floor":1},{"not_picked":["Consume","Leap"],"picked":"Rip and Tear","floor":4},{"not_picked":["Genetic Algorithm","Leap"],"picked":"Hologram","floor":7},{"not_picked":["Skim","Hologram"],"picked":"Tempest","floor":11},{"not_picked":["Fusion","Sweeping Beam","Static Discharge"],"picked":"SKIP","floor":11},{"not_picked":["Machine Learning","Biased Cognition","Nova"],"picked":"Singing Bowl","floor":16},{"not_picked":["Gash+1","Axe Kick","Recycle"],"picked":"Singing Bowl","floor":18},{"not_picked":["Reinforced Body+1","Cold Snap"],"picked":"Ball Lightning+1","floor":18},{"not_picked":["Streamline+1","Sweeping Beam"],"picked":"Reinforced Body","floor":19},{"not_picked":["BootSequence","Hologram","Capacitor+1"],"picked":"SKIP","floor":19}],"player_experience":398872,"potions_floor_usage":[24,24],"damage_taken":[{"damage":3,"enemies":"Jaw Worm","floor":1,"turns":4},{"damage":0,"enemies":"Small Slimes","floor":4,"turns":3},{"damage":0,"enemies":"Cultist","floor":7,"turns":3},{"damage":2,"enemies":"3 Louse","floor":11,"turns":2},{"damage":63,"enemies":"Hexaghost","floor":16,"turns":9},{"damage":7,"enemies":"3 Byrds","floor":18,"turns":3},{"damage":2,"enemies":"Spheric Guardian","floor":19,"turns":3},{"damage":101,"enemies":"Gremlin Leader","floor":24,"turns":9}],"relics_obtained":[{"floor":6,"key":"Bronze Scales"},{"floor":8,"key":"Strawberry"},{"floor":9,"key":"Bag of Marbles"},{"floor":10,"key":"Prayer Wheel"},{"floor":12,"key":"Whetstone"},{"floor":15,"key":"Singing Bowl"},{"floor":23,"key":"Potion Belt"}],"event_choices":[{"event_name":"Living Wall","player_choice":"Grow","floor":2,"damage_taken":0},{"event_name":"Transmorgrifier","player_choice":"Transform","floor":3,"damage_taken":0},{"event_name":"Liars Game","player_choice":"agreed","floor":13,"damage_taken":0},{"event_name":"Drug Dealer","player_choice":"Ignored","floor":20,"damage_taken":0},{"event_name":"The Library","player_choice":"Heal","floor":22,"damage_taken":0}],"boss_relics":[{"not_picked":["Nuclear Battery","Eternal Feather"],"picked":"Inserter"}],"items_purged_floors":[14,21],"potions_floor_spawned":[1,18],"seed_played":"-4753104170410746248","killed_by":"Gremlin Leader","ascension_level":7,"potions_obtained":[{"floor":1,"key":"Explosive Potion"},{"floor":18,"key":"Block Potion"}],"is_trial":false}