{"path_per_floor":["M","M","M","$","?","E","R","E","T","R","E","M","M","E","R","B",null,"M","?","?","$","T","E","R","?","T","R","M","$","E","M","R","B",null,"M","M","?","$","$","E","M","E","T","$","M","E","R","?","R","B"],"character_chosen":"DEFECT","items_purchased":["Self Repair+1","Meat on the Bone","Bottled Tornado","Hello World+1","Block Potion","Loop+1","Ancient Tea Set","Block Potion"],"gold_per_floor":[111,126,141,66,66,105,105,141,141,141,185,205,229,260,260,390,390,404,404,404,21,321,351,351,351,422,422,439,118,153,165,165,266,266,282,301,301,164,21,48,61,86,86,37,47,82,82,182,182,182],"floor_reached":51,"campfire_rested":1,"playtime":3077,"item_purchase_floors":[21,21,29,29,38,38,39,44],"current_hp_per_floor":[75,75,75,75,75,62,62,39,39,61,53,62,75,73,73,53,75,73,73,73,73,75,69,69,69,74,74,82,82,48,82,82,82,82,78,68,58,58,58,82,68,79,79,79,82,82,82,82,82,64],"items_purged":["Strike_B","Defend_B","Writhe"],"gold":182,"score":923,"play_id":"ad2e33f4-bb25-49a3-ac77-0d94563e558e","local_time":"20180602121401","is_prod":false,"is_daily":false,"chose_seed":false,"is_ascension_mode":true,"campfire_upgraded":1,"win_rate":0,"timestamp":1527930841,"campfire_choices":[{"data":"Tempest","floor":7,"key":"SMITH"},{"floor":10,"key":"REST"},{"floor":15,"key":"DIG"},{"floor":24,"key":"DIG"},{"floor":27,"key":"DIG"},{"floor":32,"key":"DIG"},{"floor":47,"key":"DIG"},{"floor":49,"key":"DIG"}],"path_taken":["M","M","M","$","?","E","R","E","T","R","E","M","M","E","R","BOSS","M","?","?","$","?","E","R","?","T","R","M","$","E","M","R","BOSS","M","M","?","?","$","E","M","E","T","$","M","E","R","?","R","BOSS"],"build_version":"2018-05-31","seed_source_timestamp":998411795744778,"purchased_purges":3,"victory":true,"master_deck":["Strike_B","Strike_B","Strike_B+1","Defend_B","Defend_B","Defend_B","Zap","Dualcast","Tempest+1","Ball Lightning+1","Self Repair","Chill","Biased Cognition","Loop","Capacitor","Defragment","Capacitor+1","Creative AI+1","Self Repair+1","Machine Learning+1","Self Repair+1","Hello World+1","Defragment+1","Biased Cognition+1","Storm+1","Heatsinks+1","Madness","Madness","Loop+1","Static Discharge+1","Storm+1","Heatsinks+1"],"max_hp_per_floor":[75,75,75,75,75,75,75,75,75,75,75,75,75,75,75,75,75,75,75,75,75,75,82,82,82,82,82,82,82,82,82,82,82,82,82,82,82,82,82,82,82,82,82,82,82,82,82,82,82,82],"relics":["Cracked Core","NeowsBlessing","Bloody Idol","Sundial","Shovel","Bird Faced Urn","Ornamental Fan","Frozen Egg 2","Vajra","Lizard Tail","Spirit Poop","Meat on the Bone","Old Coin","Strawberry","Mercury Hourglass","Torii","Gremlin Horn","Smiling Mask","Bottled Tornado","Bottled Flame","Ginger","Inserter","Ancient Tea Set","Bag of Preparation","Dodecahedron","Pen Nib","Whetstone","Blue Candle","Matryoshka"],"card_choices":[{"not_picked":["Beam Cell","Conserve Battery"],"picked":"Tempest","floor":1},{"not_picked":["Stack","Turbo"],"picked":"Ball Lightning","floor":2},{"not_picked":["Rebound","Conserve Battery"],"picked":"Self Repair","floor":3},{"not_picked":["Compile Driver","Barrage"],"picked":"Chill","floor":6},{"not_picked":["Heatsinks","White Noise"],"picked":"Biased Cognition","floor":8},{"not_picked":["Leap","FTL"],"picked":"Loop","floor":11},{"not_picked":["Rebound","Glacier"],"picked":"Capacitor","floor":12},{"not_picked":["Ball Lightning","Coolheaded"],"picked":"Defragment","floor":13},{"not_picked":["FTL","Ball Lightning"],"picked":"Capacitor","floor":14},{"not_picked":["Seek","Reboot"],"picked":"Creative AI+1","floor":16},{"not_picked":["Sweeping Beam","Doom and Gloom","Leap"],"picked":"SKIP","floor":18},{"not_picked":["Reprogram","Leap"],"picked":"Machine Learning+1","floor":23},{"not_picked":["Go for the Eyes","Reinforced Body"],"picked":"Self Repair+1","floor":28},{"not_picked":["Cold Snap","Chaos"],"picked":"Defragment+1","floor":30},{"not_picked":["Blizzard+1","Fusion","Go for the Eyes"],"picked":"SKIP","floor":31},{"not_picked":["All For One","Machine Learning+1"],"picked":"Biased Cognition+1","floor":33},{"not_picked":["Static Discharge+1","Steam"],"picked":"Storm+1","floor":35},{"not_picked":["Gash+1","Go for the Eyes"],"picked":"Heatsinks+1","floor":36},{"not_picked":["Steam+1","Seek"],"picked":"Static Discharge+1","floor":40},{"not_picked":["Consume","Beam Cell","Steam"],"picked":"SKIP","floor":41},{"not_picked":["Lockon","Hello World+1","Rebound"],"picked":"SKIP","floor":42},{"not_picked":["Loop+1","Barrage+1"],"picked":"Storm+1","floor":45},{"not_picked":["Leap","All For One"],"picked":"Heatsinks+1","floor":46}],"player_experience":457304,"potions_floor_usage":[14,14,18,23,23,28,31,36,40,50,50,50],"damage_taken":[{"damage":0,"enemies":"2 Louse","floor":1,"turns":1},{"damage":0,"enemies":"Jaw Worm","floor":2,"turns":1},{"damage":0,"enemies":"Cultist","floor":3,"turns":1},{"damage":20,"enemies":"3 Sentries","floor":6,"turns":6},{"damage":30,"enemies":"Gremlin Nob","floor":8,"turns":4},{"damage":19,"enemies":"3 Sentries","floor":11,"turns":4},{"damage":2,"enemies":"Looter","floor":12,"turns":3},{"damage":0,"enemies":"2 Fungi Beasts","floor":13,"turns":3},{"damage":4,"enemies":"Gremlin Nob","floor":14,"turns":3},{"damage":35,"enemies":"Slime Boss","floor":16,"turns":7},{"damage":15,"enemies":"Chosen","floor":18,"turns":5},{"damage":71,"enemies":"Gremlin Leader","floor":23,"turns":7},{"damage":7,"enemies":"3 Byrds","floor":28,"turns":3},{"damage":106,"enemies":"Book of Stabbing","floor":30,"turns":8},{"damage":2,"enemies":"Snecko","floor":31,"turns":4},{"damage":50,"enemies":"Champ","floor":33,"turns":6},{"damage":44,"enemies":"Orb Walker","floor":35,"turns":5},{"damage":62,"enemies":"3 Darklings","floor":36,"turns":4},{"damage":23,"enemies":"Giant Head","floor":40,"turns":6},{"damage":53,"enemies":"4 Shapes","floor":41,"turns":3},{"damage":84,"enemies":"2 Orb Walkers","floor":42,"turns":4},{"damage":35,"enemies":"Maw","floor":45,"turns":6},{"damage":26,"enemies":"Giant Head","floor":46,"turns":5},{"damage":50,"enemies":"Time Eater","floor":50,"turns":4}],"relics_obtained":[{"floor":6,"key":"Sundial"},{"floor":8,"key":"Shovel"},{"floor":9,"key":"Bird Faced Urn"},{"floor":11,"key":"Ornamental Fan"},{"floor":14,"key":"Frozen Egg 2"},{"floor":15,"key":"Vajra"},{"floor":22,"key":"Old Coin"},{"floor":23,"key":"Strawberry"},{"floor":24,"key":"Mercury Hourglass"},{"floor":26,"key":"Gremlin Horn"},{"floor":27,"key":"Smiling Mask"},{"floor":30,"key":"Bottled Flame"},{"floor":32,"key":"Ginger"},{"floor":40,"key":"Bag of Preparation"},{"floor":42,"key":"Dodecahedron"},{"floor":43,"key":"Pen Nib"},{"floor":46,"key":"Whetstone"},{"floor":47,"key":"Blue Candle"},{"floor":49,"key":"Matryoshka"}],"event_choices":[{"event_name":"Golden Idol","player_choice":"Take Wound","floor":5,"damage_taken":0},{"event_name":"Forgotten Altar","player_choice":"Gave Idol","floor":19,"damage_taken":0},{"event_name":"Bonfire Elementals","player_choice":"CURSE","floor":20,"damage_taken":0},{"event_name":"The Mausoleum","player_choice":"Yes","floor":25,"damage_taken":0},{"event_name":"Winding Halls","player_choice":"Embrace Madness","floor":37,"damage_taken":0},{"event_name":"Golden Shrine","player_choice":"Pray","floor":48,"damage_taken":0}],"boss_relics":[{"not_picked":["White Beast Statue","Snecko Eye"],"picked":"Lizard Tail"},{"not_picked":["Sozu","Astrolabe"],"picked":"Inserter"}],"items_purged_floors":[4,21,38],"potions_floor_spawned":[1,11,13,14,16,18,23,30,33,35,40,46],"seed_played":"1621387365377208112","ascension_level":2,"potions_obtained":[{"floor":1,"key":"FairyPotion"},{"floor":11,"key":"Dexterity Potion"},{"floor":13,"key":"PowerPotion"},{"floor":14,"key":"Weak Potion"},{"floor":16,"key":"Weak Potion"},{"floor":18,"key":"Poison Potion"},{"floor":23,"key":"AttackPotion"},{"floor":30,"key":"Energy Potion"},{"floor":33,"key":"Regen Potion"},{"floor":35,"key":"SteroidPotion"},{"floor":40,"key":"Dexterity Potion"},{"floor":46,"key":"SkillPotion"}],"is_trial":false}