{"gold_per_floor":[16,16,35,45,62,94,94,122,122,122,133,168,188,217,217,289,289,299,33,43,43],"floor_reached":21,"playtime":528,"items_purged":[],"score":472,"play_id":"eefe7176-d127-464c-83c9-9ce6da3a5ae8","local_time":"20190412134307","is_ascension_mode":true,"campfire_choices":[{"data":"Defragment","floor":7,"key":"SMITH"},{"floor":10,"key":"REST"},{"data":"Recycle","floor":15,"key":"SMITH"}],"neow_cost":"NO_GOLD","seed_source_timestamp":7547932540700,"circlet_count":0,"master_deck":["AscendersBane","Strike_B","Strike_B","Strike_B","Defend_B","Defend_B","Defend_B","Zap","Dualcast","Electrodynamics","Sunder","Defragment+1","Ball Lightning","Coolheaded","Ball Lightning","Recycle+1","Static Discharge+1","Coolheaded","Creative AI+1","Loop+1"],"relics":["Cracked Core","Frozen Egg 2","PreservedInsect","Potion Belt","Dodecahedron","Blue Candle","Snecko Eye","Bottled Tornado"],"potions_floor_usage":[8,12,21,21,21],"damage_taken":[{"damage":2,"enemies":"Jaw Worm","floor":1,"turns":3},{"damage":1,"enemies":"Cultist","floor":3,"turns":3},{"damage":0,"enemies":"2 Louse","floor":4,"turns":2},{"damage":7,"enemies":"Red Slaver","floor":5,"turns":3},{"damage":21,"enemies":"Lagavulin","floor":6,"turns":7},{"damage":10,"enemies":"3 Sentries","floor":8,"turns":2},{"damage":1,"enemies":"Exordium Wildlife","floor":11,"turns":2},{"damage":0,"enemies":"Gremlin Nob","floor":12,"turns":1},{"damage":6,"enemies":"2 Fungi Beasts","floor":13,"turns":2},{"damage":1,"enemies":"Lagavulin","floor":14,"turns":4},{"damage":33,"enemies":"Slime Boss","floor":16,"turns":5},{"damage":8,"enemies":"3 Byrds","floor":18,"turns":3},{"damage":30,"enemies":"Shell Parasite","floor":20,"turns":2},{"damage":16,"enemies":"Shelled Parasite and Fungi","floor":21,"turns":2}],"seed_played":"7082073500039155253","potions_obtained":[{"floor":3,"key":"SneckoOil"},{"floor":4,"key":"EssenceOfSteel"},{"floor":8,"key":"Dexterity Potion"},{"floor":11,"key":"AttackPotion"},{"floor":18,"key":"Poison Potion"}],"is_trial":false,"path_per_floor":["M","?","M","M","M","E","R","E","T","R","M","E","M","E","R","B",null,"M","$","M","M"],"character_chosen":"DEFECT","items_purchased":["Bottled Tornado"],"campfire_rested":1,"item_purchase_floors":[19],"current_hp_per_floor":[62,62,61,61,54,33,33,23,23,44,43,43,37,36,36,3,54,46,46,16,0],"gold":43,"neow_bonus":"TRANSFORM_TWO_CARDS","is_prod":false,"is_daily":false,"chose_seed":false,"campfire_upgraded":2,"win_rate":0,"timestamp":1555044187,"path_taken":["M","?","M","M","M","E","R","E","T","R","M","E","M","E","R","BOSS","M","$","M","?"],"build_version":"2019-01-23","purchased_purges":0,"victory":false,"max_hp_per_floor":[71,71,71,71,71,71,71,71,71,71,71,71,71,71,71,71,71,71,71,71,71],"card_choices":[{"not_picked":["Conserve Battery","Compile Driver"],"picked":"Defragment","floor":1},{"not_picked":["Fusion","Conserve Battery"],"picked":"Ball Lightning","floor":3},{"not_picked":["Redo","Storm"],"picked":"Coolheaded","floor":4},{"not_picked":["Conserve Battery","Doom and Gloom"],"picked":"Ball Lightning","floor":5},{"not_picked":["Go for the Eyes","Turbo"],"picked":"Recycle","floor":6},{"not_picked":["Undo","Conserve Battery","Hologram"],"picked":"SKIP","floor":8},{"not_picked":["Coolheaded","Amplify"],"picked":"Static Discharge+1","floor":11},{"not_picked":["Redo","Rip and Tear","Ball Lightning"],"picked":"SKIP","floor":12},{"not_picked":["Darkness","Streamline","Beam Cell"],"picked":"SKIP","floor":13},{"not_picked":["Compile Driver","Melter"],"picked":"Coolheaded","floor":14},{"not_picked":["All For One","Electrodynamics+1"],"picked":"Creative AI+1","floor":16},{"not_picked":["White Noise","Lockon"],"picked":"Loop+1","floor":18},{"not_picked":["Rebound","Streamline+1","Stack"],"picked":"SKIP","floor":20}],"player_experience":3075183,"relics_obtained":[{"floor":6,"key":"Frozen Egg 2"},{"floor":8,"key":"PreservedInsect"},{"floor":9,"key":"Potion Belt"},{"floor":12,"key":"Dodecahedron"},{"floor":14,"key":"Blue Candle"}],"event_choices":[{"damage_healed":0,"gold_gain":0,"player_choice":"0 cards matched","damage_taken":0,"max_hp_gain":0,"max_hp_loss":0,"event_name":"Match and Keep!","floor":2,"gold_loss":0,"cards_obtained":[]}],"is_beta":false,"boss_relics":[{"not_picked":["Black Star","Velvet Choker"],"picked":"Snecko Eye"}],"items_purged_floors":[],"is_endless":false,"potions_floor_spawned":[3,4,8,11,18],"killed_by":"Shelled Parasite and Fungi","ascension_level":20}