{"path_per_floor":["M","?","?","$","?","E","R","M","T","?","R","E","T","E","R","B",null,"M","M","M","$","M","R"],"character_chosen":"IRONCLAD","items_purchased":["Immolate","Whetstone","Strange Spoon"],"gold_per_floor":[119,119,119,51,51,85,85,95,179,179,179,220,245,285,285,408,408,427,446,471,56,74,74],"floor_reached":24,"campfire_rested":1,"playtime":1210,"current_hp_per_floor":[69,69,74,74,71,41,41,47,47,47,47,43,43,13,49,34,71,58,56,49,49,25,25],"items_purged":["Perfected Strike"],"gold":74,"score":223,"play_id":"eb8ea213-5a7c-45b7-8774-751fbede0a84","is_prod":false,"is_daily":false,"is_ascension_mode":true,"campfire_upgraded":3,"path_taken":["M","?","?","?","?","E","R","M","T","?","R","E","?","E","R","BOSS","M","M","M","$","M","R","E"],"build_version":"2018-02-16-BETA2","purchased_purges":1,"victory":false,"master_deck":["Bash","Blood for Blood+1","Evolve+1","Rampage+1","Immolate","Fiend Fire+1","Rampage+1","Offering","True Grit","Flex","Clothesline","Inflame","Armaments+1","Feel No Pain","Entrench+1","Feel No Pain","Clash","Dropkick+1"],"max_hp_per_floor":[72,72,77,77,77,77,77,77,77,71,71,71,71,71,71,71,71,71,71,71,71,71,71],"relics":["Burning Blood","Omamori","Juzu Bracelet","Tiny Chest","Golden Idol","Paper Frog","Regal Pillow","Orichalcum","Pandora\u0027s Box","Whetstone","Strange Spoon"],"card_choices":[{"not_picked":["Heavy Blade","Flex"],"picked":"Rampage"},{"not_picked":["Sword Boomerang","Infernal Blade"],"picked":"Fiend Fire"},{"not_picked":["Perfected Strike","Combust"],"picked":"Rampage"},{"not_picked":["Dark Embrace","Brutality"],"picked":"Offering"},{"not_picked":["Twin Strike","Hemokinesis"],"picked":"Entrench"},{"not_picked":["Sword Boomerang","Clothesline"],"picked":"Feel No Pain"},{"not_picked":["Flex","Armaments"],"picked":"Clash"},{"not_picked":["Evolve","Cleave"],"picked":"Dropkick"}],"player_experience":63834,"potions_floor_usage":[12,16,18,20,22],"damage_taken":[{"damage":9,"enemies":"2 Louse","floor":1,"turns":3},{"damage":36,"enemies":"Lagavulin","floor":6,"turns":7},{"damage":0,"enemies":"Cultist","floor":8,"turns":2},{"damage":10,"enemies":"Gremlin Nob","floor":12,"turns":3},{"damage":36,"enemies":"Lagavulin","floor":14,"turns":6},{"damage":21,"enemies":"Hexaghost","floor":16,"turns":7},{"damage":19,"enemies":"2 Thieves","floor":18,"turns":4},{"damage":8,"enemies":"Spheric Guardian","floor":19,"turns":3},{"damage":13,"enemies":"Snake Plant","floor":20,"turns":3},{"damage":42,"enemies":"3 Cultists","floor":22,"turns":6},{"damage":34,"enemies":"Gremlin Leader","floor":24,"turns":4}],"event_choices":[{"event_name":"Accursed Blacksmith","player_choice":"Forge","floor":2,"damage_taken":0},{"event_name":"Big Fish","player_choice":"Donut","floor":3,"damage_taken":0},{"event_name":"Scrap Ooze","player_choice":"success","floor":5,"damage_taken":3},{"event_name":"Golden Idol","player_choice":"Lose Max HP","floor":10,"damage_taken":0}],"boss_relics":[{"not_picked":["Question Card","White Beast Statue"],"picked":"Pandora\u0027s Box"}],"potions_floor_spawned":[8,14,16,18,19],"seed_played":"-1006751734776053512","killed_by":"Gremlin Leader","ascension_level":1,"is_trial":false}