{"gold_per_floor":[114,5,5,24,44,44,58,58,133,152,152,176,37,50,50,169,169,183,10,35,35,60,80,80],"floor_reached":24,"playtime":3119,"items_purged":["Strike_G","Strike_G","Strike_G"],"score":211,"play_id":"32f61c65-4ef6-4029-b2eb-64d6f97fa5be","local_time":"20190312221529","is_ascension_mode":true,"campfire_choices":[{"data":"Neutralize","floor":15.0,"key":"SMITH"}],"neow_cost":"NONE","seed_source_timestamp":4601505225300,"circlet_count":0,"master_deck":["Defend_G","Defend_G","Defend_G","Defend_G","Defend_G","Survivor","Neutralize+1","Dagger Throw","Backflip","Cloak And Dagger","Neutralize","Impatience","Noxious Fumes","Blur","Bane","Acrobatics","Escape Plan","Finisher","Envenom","Deflect","Blade Dance","After Image","Accuracy","Cloak And Dagger","Footwork+1","Deadly Poison","Prepared+1","Blade Dance"],"special_seed":0,"relics":["Ring of the Snake","Blood Vial","Art of War","Bottled Flame","Golden Idol","Orrery"],"potions_floor_usage":[],"damage_taken":[{"damage":5.0,"enemies":"Cultist","floor":1.0,"turns":5.0},{"damage":0.0,"enemies":"Small Slimes","floor":4.0,"turns":3.0},{"damage":0.0,"enemies":"Jaw Worm","floor":5.0,"turns":5.0},{"damage":3.0,"enemies":"Looter","floor":7.0,"turns":4.0},{"damage":0.0,"enemies":"Blue Slaver","floor":10.0,"turns":5.0},{"damage":0.0,"enemies":"2 Fungi Beasts","floor":12.0,"turns":4.0},{"damage":0.0,"enemies":"Looter","floor":14.0,"turns":4.0},{"damage":12.0,"enemies":"Hexaghost","floor":16.0,"turns":10.0},{"damage":9.0,"enemies":"Shell Parasite","floor":18.0,"turns":8.0},{"damage":3.0,"enemies":"3 Byrds","floor":20.0,"turns":5.0},{"damage":24.0,"enemies":"Snake Plant","floor":22.0,"turns":6.0},{"damage":25,"enemies":"Sentry and Sphere","floor":23,"turns":8},{"damage":21,"enemies":"Slavers","floor":24,"turns":1}],"seed_played":"-2984111745360536908","potions_obtained":[{"floor":4.0,"key":"AttackPotion"},{"floor":14.0,"key":"Explosive Potion"},{"floor":16.0,"key":"SteroidPotion"},{"floor":20.0,"key":"Poison Potion"},{"floor":23,"key":"Dexterity Potion"}],"is_trial":false,"path_per_floor":["M","$","?","M","M","?","M","?","T","M","?","M","$","M","R","B",null,"M","$","M","?","M","M","E"],"character_chosen":"THE_SILENT","items_purchased":["Escape Plan","Escape Plan","Deadly Poison"],"campfire_rested":0,"item_purchase_floors":[2,13,19],"current_hp_per_floor":[65,65,65,67,69,69,67,67,67,69,52,54,54,56,56,46,70,61,61,60,60,38,15,0],"gold":80,"neow_bonus":"RANDOM_COMMON_RELIC","is_prod":false,"is_daily":false,"chose_seed":false,"campfire_upgraded":1,"win_rate":0,"timestamp":1552396529,"path_taken":["M","$","?","M","?","?","?","?","T","M","?","M","$","M","R","BOSS","M","$","M","?","M","M","E"],"build_version":"2019-01-23","purchased_purges":3,"victory":false,"max_hp_per_floor":[70,70,70,70,70,70,70,70,70,70,70,70,70,70,70,70,70,70,70,70,70,70,70,70],"card_choices":[{"not_picked":["Reflex","Bane"],"picked":"Dagger Throw","floor":1.0},{"not_picked":["Dash","Choke"],"picked":"Backflip","floor":4.0},{"not_picked":["Outmaneuver","Blade Dance"],"picked":"Cloak And Dagger","floor":5.0},{"not_picked":["Dagger Spray","Caltrops"],"picked":"Blur","floor":7.0},{"not_picked":["Poisoned Stab","Quick Slash"],"picked":"Bane","floor":10.0},{"not_picked":["Dash","Quick Slash"],"picked":"Acrobatics","floor":12.0},{"not_picked":["Eviscerate","Choke"],"picked":"Finisher","floor":14.0},{"not_picked":["Doppelganger","Malaise"],"picked":"Envenom","floor":16.0},{"not_picked":["Prepared","Outmaneuver"],"picked":"Deflect","floor":17.0},{"not_picked":["Expertise","Poisoned Stab"],"picked":"Blade Dance","floor":17.0},{"not_picked":["Dagger Spray","Escape Plan"],"picked":"After Image","floor":17.0},{"not_picked":["Noxious Fumes","Poisoned Stab"],"picked":"Accuracy","floor":17.0},{"not_picked":["Underhanded Strike","Backflip"],"picked":"Cloak And Dagger","floor":17.0},{"not_picked":["Heel Hook","Underhanded Strike+1"],"picked":"Footwork+1","floor":18.0},{"not_picked":["Distraction","Deflect"],"picked":"Prepared+1","floor":20.0},{"not_picked":["Eviscerate","Dagger Throw","Dodge and Roll"],"picked":"SKIP","floor":22.0},{"not_picked":["Tactician","Dodge and Roll"],"picked":"Blade Dance","floor":23}],"player_experience":143728,"relics_obtained":[{"floor":9.0,"key":"Bottled Flame"}],"event_choices":[{"cards_removed":["Escape Plan"],"damage_healed":0.0,"max_hp_gain":0.0,"max_hp_loss":0.0,"gold_gain":0.0,"event_name":"WeMeetAgain","player_choice":"Gave Card","floor":3.0,"gold_loss":0.0,"damage_taken":0.0,"relics_obtained":["Art of War"]},{"damage_healed":0.0,"max_hp_gain":0.0,"max_hp_loss":0.0,"gold_gain":0.0,"event_name":"Match and Keep!","player_choice":"3 cards matched","floor":6.0,"gold_loss":0.0,"damage_taken":0.0,"cards_obtained":["Neutralize","Impatience","Noxious Fumes"]},{"damage_healed":0.0,"max_hp_gain":0.0,"max_hp_loss":0.0,"gold_gain":0.0,"event_name":"Match and Keep!","player_choice":"3 cards matched","floor":6.0,"gold_loss":0.0,"damage_taken":0.0,"cards_obtained":["Neutralize","Impatience","Noxious Fumes"]},{"cards_removed":["Strike_G"],"damage_healed":0.0,"max_hp_gain":0.0,"max_hp_loss":0.0,"gold_gain":0.0,"event_name":"Living Wall","player_choice":"Forget","floor":8.0,"gold_loss":0.0,"damage_taken":0.0},{"damage_healed":0.0,"max_hp_gain":0.0,"max_hp_loss":0.0,"gold_gain":0.0,"event_name":"Golden Idol","player_choice":"Take Damage","floor":11.0,"gold_loss":0.0,"damage_taken":17.0,"relics_obtained":["Golden Idol"]},{"cards_removed":["Strike_G"],"damage_healed":0.0,"max_hp_gain":0.0,"max_hp_loss":0.0,"gold_gain":0.0,"event_name":"Back to Basics","player_choice":"Elegance","floor":21.0,"gold_loss":0.0,"damage_taken":0.0}],"is_beta":false,"boss_relics":[{"not_picked":["Runic Pyramid","Ring of the Serpent"],"picked":"Orrery"}],"items_purged_floors":[2,13,19],"is_endless":false,"potions_floor_spawned":[4,14,16,20,23],"killed_by":"Slavers","ascension_level":2}