{"gold_per_floor":[113,113,60,70,83,108,108,143,143,157,157,65,90,90,90,195,195,215,73,88,100,45,45],"floor_reached":23,"playtime":914,"items_purged":["Defend_R"],"score":199,"play_id":"cf02351d-380c-40c1-ada0-0143e640a24d","local_time":"20180827201716","is_ascension_mode":false,"campfire_choices":[{"floor":7,"key":"REST"},{"data":"Anger","floor":11,"key":"SMITH"},{"floor":15,"key":"REST"}],"neow_cost":"NONE","seed_source_timestamp":1043913920477023,"circlet_count":0,"master_deck":["Strike_R","Strike_R","Strike_R","Strike_R","Defend_R","Bash","Rage+1","Anger+1","Clash+1","Finesse","Clash+1"],"relics":["Burning Blood","NeowsBlessing","Molten Egg 2","The Courier","Frozen Egg 2","Juzu Bracelet","Odd Mushroom","Empty Cage","Tiny Chest"],"potions_floor_usage":[6,8,18],"damage_taken":[{"damage":0,"enemies":"2 Louse","floor":1,"turns":1},{"damage":0,"enemies":"Small Slimes","floor":4,"turns":1},{"damage":0,"enemies":"Cultist","floor":5,"turns":1},{"damage":20,"enemies":"Gremlin Nob","floor":6,"turns":5},{"damage":26,"enemies":"Lagavulin","floor":8,"turns":6},{"damage":2,"enemies":"2 Fungi Beasts","floor":10,"turns":3},{"damage":17,"enemies":"The Mushroom Lair","floor":13,"turns":5},{"damage":54,"enemies":"The Guardian","floor":16,"turns":10},{"damage":7,"enemies":"Shell Parasite","floor":18,"turns":4},{"damage":5,"enemies":"Chosen","floor":20,"turns":3},{"damage":1,"enemies":"Snake Plant","floor":21,"turns":3},{"damage":81,"enemies":"Book of Stabbing","floor":23,"turns":5}],"seed_played":"1616429316885485097","potions_obtained":[{"floor":1,"key":"Fire Potion"},{"floor":5,"key":"Weak Potion"},{"floor":13,"key":"SpeedPotion"}],"is_trial":false,"path_per_floor":["M","?","$","M","M","E","R","E","T","M","R","?","?","?","R","B",null,"M","$","M","M","?"],"character_chosen":"IRONCLAD","items_purchased":["Anger","Finesse"],"campfire_rested":2,"item_purchase_floors":[3,19],"current_hp_per_floor":[80,80,80,80,80,66,80,60,60,64,64,64,53,53,77,29,80,79,79,80,80,80,0],"gold":45,"neow_bonus":"THREE_ENEMY_KILL","is_prod":false,"is_daily":false,"chose_seed":false,"campfire_upgraded":1,"win_rate":0,"timestamp":1535390236,"path_taken":["M","?","$","M","M","E","R","E","T","M","R","?","?","?","R","BOSS","M","$","M","M","?","E"],"build_version":"2018-08-23v2","purchased_purges":1,"victory":false,"max_hp_per_floor":[80,80,80,80,80,80,80,80,80,80,80,80,80,80,80,80,80,80,80,80,80,80,80],"card_choices":[{"not_picked":["Inflame","Reckless Charge"],"picked":"Rage","floor":1},{"not_picked":["Clothesline","Combust","Body Slam"],"picked":"SKIP","floor":4},{"not_picked":["Armaments","Pommel Strike","Impervious"],"picked":"SKIP","floor":5},{"not_picked":["Combust","Flex","Bludgeon"],"picked":"SKIP","floor":6},{"not_picked":["Ghostly Armor","Perfected Strike+1","Thunderclap+1"],"picked":"SKIP","floor":8},{"not_picked":["Battle Trance","Shrug It Off","Clothesline+1"],"picked":"SKIP","floor":10},{"not_picked":["Fire Breathing+1","Ghostly Armor"],"picked":"Clash+1","floor":13},{"not_picked":["Cleave+1","Inflame+1","Rupture+1"],"picked":"SKIP","floor":18},{"not_picked":["Warcry","Second Wind"],"picked":"Clash+1","floor":20},{"not_picked":["Flex","Armaments","Pommel Strike+1"],"picked":"SKIP","floor":21}],"player_experience":663144,"relics_obtained":[{"floor":6,"key":"Molten Egg 2"},{"floor":8,"key":"The Courier"},{"floor":9,"key":"Frozen Egg 2"},{"floor":13,"key":"Odd Mushroom"}],"event_choices":[{"event_name":"Living Wall","player_choice":"Forget","floor":2,"damage_taken":0},{"event_name":"WeMeetAgain","player_choice":"Gold","floor":12,"damage_taken":0},{"event_name":"Mushrooms","player_choice":"Fought Mushrooms","floor":13,"damage_taken":0},{"event_name":"Upgrade Shrine","player_choice":"Upgraded","floor":14,"damage_taken":0},{"event_name":"Addict","player_choice":"Obtained Relic","floor":22,"damage_taken":0}],"is_beta":false,"boss_relics":[{"not_picked":["Busted Crown","Black Blood"],"picked":"Empty Cage"}],"items_purged_floors":[19],"is_endless":false,"potions_floor_spawned":[1,5,13],"killed_by":"Book of Stabbing","ascension_level":0}