{"gold_per_floor":[110,121,31,31,51,80,90,90,145,162,162,196,196,231,231,302,302,318,27,46,46,60,60,93,103,103,103,138,154,154,181,181,181,181,191,244,244],"floor_reached":37,"playtime":1654,"items_purged":[],"score":854,"play_id":"afbaa912-4f62-4a18-9ff0-1d2a3914bc91","local_time":"20190224130043","is_ascension_mode":true,"campfire_choices":[{"data":"Loop","floor":13,"key":"SMITH"},{"floor":15,"key":"REST"},{"data":"Consume","floor":23,"key":"SMITH"},{"floor":30,"key":"REST"},{"data":"Capacitor","floor":32,"key":"SMITH"}],"neow_cost":"NONE","seed_source_timestamp":348584808554200,"circlet_count":0,"master_deck":["AscendersBane","Strike_B","Strike_B","Strike_B","Strike_B","Defend_B","Defend_B","Zap","Dualcast","Ball Lightning","Coolheaded","Self Repair","Gash","Biased Cognition","Coolheaded","Loop+1","Echo Form","Seek","Cold Snap","Blizzard","Consume+1","Cold Snap","Glacier","Capacitor+1","Reinforced Body+1"],"relics":["FrozenCore","NeowsBlessing","Sundial","Bag of Preparation","Bag of Marbles","Orichalcum","Cables","Philosopher\u0027s Stone","Membership Card","Tiny Chest","Potion Belt","Bottled Tornado","Red Mask","Du-Vu Doll","Dead Branch"],"potions_floor_usage":[16,24,31,33,36],"damage_taken":[{"damage":0,"enemies":"Jaw Worm","floor":1,"turns":1},{"damage":0,"enemies":"Cultist","floor":2,"turns":1},{"damage":0,"enemies":"2 Louse","floor":5,"turns":1},{"damage":28,"enemies":"Gremlin Nob","floor":6,"turns":4},{"damage":5,"enemies":"Looter","floor":7,"turns":4},{"damage":0,"enemies":"2 Fungi Beasts","floor":10,"turns":4},{"damage":29,"enemies":"3 Sentries","floor":12,"turns":7},{"damage":10,"enemies":"Lagavulin","floor":14,"turns":6},{"damage":34,"enemies":"The Guardian","floor":16,"turns":8},{"damage":12,"enemies":"Spheric Guardian","floor":18,"turns":4},{"damage":0,"enemies":"Chosen","floor":20,"turns":3},{"damage":7,"enemies":"3 Cultists","floor":22,"turns":6},{"damage":15,"enemies":"Gremlin Leader","floor":24,"turns":10},{"damage":2,"enemies":"Sentry and Sphere","floor":25,"turns":6},{"damage":29,"enemies":"Masked Bandits","floor":28,"turns":3},{"damage":11,"enemies":"Snake Plant","floor":29,"turns":3},{"damage":1,"enemies":"Book of Stabbing","floor":31,"turns":4},{"damage":28,"enemies":"Collector","floor":33,"turns":13},{"damage":0,"enemies":"Orb Walker","floor":35,"turns":7},{"damage":60,"enemies":"2 Orb Walkers","floor":36,"turns":9},{"damage":0,"enemies":"3 Darklings","floor":37,"turns":3}],"seed_played":"-2227707470938877053","potions_obtained":[{"floor":1,"key":"Ancient Potion"},{"floor":7,"key":"Weak Potion"},{"floor":14,"key":"SteroidPotion"},{"floor":16,"key":"Dexterity Potion"},{"floor":24,"key":"FearPotion"},{"floor":28,"key":"Energy Potion"},{"floor":29,"key":"AttackPotion"},{"floor":36,"key":"Ancient Potion"}],"is_trial":false,"path_per_floor":["M","M","$","?","M","E","M","?","T","M","?","E","R","E","R","B",null,"M","$","M","?","M","R","E","M","T","?","?","M","R","E","R","B",null,"M","?","M"],"character_chosen":"DEFECT","items_purchased":["Self Repair","Membership Card","Tiny Chest","PowerPotion"],"campfire_rested":2,"item_purchase_floors":[3,19,19,19],"current_hp_per_floor":[64,64,64,64,64,43,45,50,50,57,57,28,28,25,47,27,64,59,59,59,59,66,66,65,63,63,63,34,30,52,58,58,44,68,75,22,22],"gold":244,"neow_bonus":"THREE_ENEMY_KILL","is_prod":false,"is_daily":false,"chose_seed":false,"campfire_upgraded":3,"win_rate":0,"timestamp":1550980843,"path_taken":["M","M","$","?","?","E","M","?","T","M","?","E","R","E","R","BOSS","M","$","M","?","M","R","E","M","T","?","?","M","R","E","R","BOSS","M","?","M"],"build_version":"2019-01-23","purchased_purges":0,"victory":false,"max_hp_per_floor":[71,71,71,71,71,71,71,76,76,76,76,76,76,76,76,76,76,76,76,76,76,76,76,76,76,76,76,76,76,76,76,76,76,76,76,76,76],"card_choices":[{"not_picked":["Redo","Conserve Battery"],"picked":"Ball Lightning","floor":1},{"not_picked":["Turbo","Compile Driver"],"picked":"Coolheaded","floor":2},{"not_picked":["Storm","Sweeping Beam"],"picked":"Gash","floor":5},{"not_picked":["Conserve Battery","Barrage"],"picked":"Biased Cognition","floor":6},{"not_picked":["Ball Lightning","Barrage","Static Discharge"],"picked":"SKIP","floor":7},{"not_picked":["Leap","Doom and Gloom"],"picked":"Coolheaded","floor":10},{"not_picked":["Conserve Battery","Hello World"],"picked":"Loop","floor":12},{"not_picked":["Stack","Redo"],"picked":"Echo Form","floor":14},{"not_picked":["Machine Learning","Biased Cognition"],"picked":"Seek","floor":16},{"not_picked":["Lockon","Compile Driver"],"picked":"Cold Snap","floor":18},{"not_picked":["Rebound","Rip and Tear"],"picked":"Blizzard","floor":20},{"not_picked":["Beam Cell","Leap"],"picked":"Cold Snap","floor":22},{"not_picked":["Redo","Compile Driver+1","Hyperbeam"],"picked":"SKIP","floor":24},{"not_picked":["Darkness","Barrage","Ball Lightning"],"picked":"SKIP","floor":25},{"not_picked":["Hologram","Barrage+1"],"picked":"Glacier","floor":28},{"not_picked":["Steam","Coolheaded","FTL"],"picked":"SKIP","floor":29},{"not_picked":["Barrage","Reinforced Body"],"picked":"Capacitor","floor":31},{"not_picked":["Undo","Darkness"],"picked":"Reinforced Body+1","floor":35}],"player_experience":1789475,"relics_obtained":[{"floor":6,"key":"Bag of Preparation"},{"floor":9,"key":"Bag of Marbles"},{"floor":12,"key":"Orichalcum"},{"floor":14,"key":"Cables"},{"floor":24,"key":"Potion Belt"},{"floor":26,"key":"Bottled Tornado"},{"floor":28,"key":"Red Mask"},{"floor":31,"key":"Du-Vu Doll"},{"floor":36,"key":"Dead Branch"}],"event_choices":[{"damage_healed":0,"gold_gain":0,"player_choice":"Gave Potion","damage_taken":0,"relics_obtained":["Sundial"],"max_hp_gain":0,"max_hp_loss":0,"event_name":"WeMeetAgain","floor":4,"gold_loss":0},{"damage_healed":0,"gold_gain":0,"player_choice":"Donut","damage_taken":0,"max_hp_gain":5,"max_hp_loss":0,"event_name":"Big Fish","floor":8,"gold_loss":0},{"cards_removed":["Defend_B"],"damage_healed":0,"gold_gain":0,"player_choice":"Forget","damage_taken":0,"max_hp_gain":0,"max_hp_loss":0,"event_name":"Living Wall","floor":11,"gold_loss":0},{"damage_healed":0,"gold_gain":0,"player_choice":"Read","damage_taken":0,"max_hp_gain":0,"max_hp_loss":0,"event_name":"The Library","floor":21,"gold_loss":0,"cards_obtained":["Consume"]},{"cards_removed":["Defend_B"],"damage_healed":0,"gold_gain":0,"player_choice":"Elegance","damage_taken":0,"max_hp_gain":0,"max_hp_loss":0,"event_name":"Back to Basics","floor":27,"gold_loss":0},{"damage_healed":0,"gold_gain":0,"player_choice":"Fought Bandits","damage_taken":0,"max_hp_gain":0,"max_hp_loss":0,"event_name":"Masked Bandits","floor":28,"gold_loss":0},{"damage_healed":0,"gold_gain":0,"player_choice":"Fight","damage_taken":0,"max_hp_gain":0,"max_hp_loss":0,"event_name":"Mysterious Sphere","floor":36,"gold_loss":0}],"is_beta":false,"boss_relics":[{"not_picked":["White Beast Statue","Calling Bell"],"picked":"Philosopher\u0027s Stone"},{"not_picked":["Busted Crown","Eternal Feather"],"picked":"FrozenCore"}],"items_purged_floors":[],"is_endless":false,"potions_floor_spawned":[1,7,14,16,24,28,29,36],"killed_by":"3 Darklings","ascension_level":20}