{"gold_per_floor":[111,111,34,34,44,77,77,104,104,137,137,172,188,247,247,321,321,339,227,142,89,102,102,136,136,160,160,186,204,237,249,249,249],"floor_reached":33,"playtime":1125,"items_purged":["Strike_B"],"score":828,"play_id":"9aacc60c-60de-4e28-ab6f-b78828072000","local_time":"20190307122351","is_ascension_mode":true,"campfire_choices":[{"data":"Sunder","floor":7,"key":"SMITH"},{"data":"Zap","floor":11,"key":"SMITH"},{"data":"Loop","floor":15,"key":"SMITH"},{"data":"White Noise","floor":23,"key":"SMITH"},{"floor":25,"key":"REST"},{"data":"Electrodynamics","floor":27,"key":"SMITH"},{"floor":32,"key":"REST"}],"neow_cost":"NONE","seed_source_timestamp":211041408305800,"circlet_count":0,"master_deck":["AscendersBane","Strike_B","Strike_B","Strike_B","Defend_B","Defend_B","Defend_B","Defend_B","Zap+1","Dualcast","Cold Snap","Sunder+1","Gash","Gash+1","BootSequence","Cold Snap","Cold Snap+1","Loop+1","Electrodynamics+1","White Noise+1","Capacitor","Turbo","Gash"],"relics":["Cracked Core","NeowsBlessing","Question Card","Symbiotic Virus","Orichalcum","Potion Belt","Gremlin Horn","Incense Burner","Tiny Chest","Runic Pyramid","Ice Cream","Whetstone","Juzu Bracelet","Omamori","Oddly Smooth Stone"],"potions_floor_usage":[5,10,16,24,24,29,31],"damage_taken":[{"damage":0,"enemies":"Cultist","floor":1,"turns":1},{"damage":0,"enemies":"Small Slimes","floor":5,"turns":1},{"damage":0,"enemies":"Gremlin Nob","floor":6,"turns":1},{"damage":18,"enemies":"Lagavulin","floor":8,"turns":5},{"damage":0,"enemies":"Gremlin Nob","floor":10,"turns":3},{"damage":0,"enemies":"3 Sentries","floor":12,"turns":4},{"damage":0,"enemies":"Jaw Worm","floor":13,"turns":2},{"damage":12,"enemies":"Lagavulin","floor":14,"turns":7},{"damage":4,"enemies":"Hexaghost","floor":16,"turns":10},{"damage":8,"enemies":"2 Thieves","floor":18,"turns":4},{"damage":0,"enemies":"Chosen","floor":22,"turns":3},{"damage":31,"enemies":"Slavers","floor":24,"turns":4},{"damage":16,"enemies":"Gremlin Leader","floor":28,"turns":6},{"damage":7,"enemies":"Centurion and Healer","floor":29,"turns":3},{"damage":24,"enemies":"Slavers","floor":30,"turns":2},{"damage":0,"enemies":"Sentry and Sphere","floor":31,"turns":7},{"damage":37,"enemies":"Champ","floor":33,"turns":9}],"seed_played":"-2874868631499230182","potions_obtained":[{"floor":2,"key":"Regen Potion"},{"floor":2,"key":"GamblersBrew"},{"floor":5,"key":"PowerPotion"},{"floor":16,"key":"SkillPotion"},{"floor":24,"key":"Block Potion"},{"floor":29,"key":"FairyPotion"},{"floor":30,"key":"Regen Potion"}],"is_trial":false,"path_per_floor":["M","?","$","?","M","E","R","E","T","E","R","E","M","E","R","B",null,"M","$","?","$","M","R","E","R","T","R","E","M","E","M","R","B"],"character_chosen":"DEFECT","items_purchased":["Sunder","Capacitor","PowerPotion"],"campfire_rested":2,"item_purchase_floors":[3,19,21],"current_hp_per_floor":[64,64,64,53,53,53,53,35,35,35,35,35,35,23,23,19,58,50,50,50,50,50,50,19,40,40,40,24,17,7,22,43,6],"gold":249,"neow_bonus":"THREE_ENEMY_KILL","is_prod":false,"is_daily":false,"chose_seed":false,"campfire_upgraded":5,"win_rate":0,"timestamp":1551929031,"path_taken":["M","?","$","?","M","E","R","E","T","E","R","E","M","E","R","BOSS","M","$","?","$","M","R","E","R","T","R","E","M","E","M","R","BOSS"],"build_version":"2019-01-23","purchased_purges":1,"victory":false,"max_hp_per_floor":[71,71,71,71,71,71,71,71,71,71,71,71,71,71,71,71,71,71,71,71,71,71,71,71,71,71,71,71,71,71,71,71,71],"card_choices":[{"not_picked":["Go for the Eyes","Coolheaded"],"picked":"Cold Snap","floor":1},{"not_picked":["Ball Lightning","Steam","Stack"],"picked":"Gash","floor":5},{"not_picked":["Loop","Rebound","Barrage"],"picked":"Gash","floor":6},{"not_picked":["Hyperbeam","Ball Lightning","Hologram"],"picked":"BootSequence","floor":8},{"not_picked":["Rip and Tear","Steam","Leap"],"picked":"Cold Snap","floor":10},{"not_picked":["Double Energy","Rip and Tear","Storm","Steam Power"],"picked":"SKIP","floor":12},{"not_picked":["Compile Driver","Scrape","Rebound"],"picked":"Cold Snap","floor":13},{"not_picked":["Genetic Algorithm","Cold Snap","Beam Cell"],"picked":"Loop","floor":14},{"not_picked":["Buffer","Machine Learning","Rainbow"],"picked":"Electrodynamics","floor":16},{"not_picked":["Steam","Hologram","Heatsinks"],"picked":"White Noise","floor":18},{"not_picked":["Lockon","Scrape","Conserve Battery","Compile Driver"],"picked":"SKIP","floor":22},{"not_picked":["Fusion","Static Discharge","Force Field","Genetic Algorithm"],"picked":"SKIP","floor":24},{"not_picked":["Aggregate","Compile Driver","Blizzard"],"picked":"Turbo","floor":28},{"not_picked":["Scrape+1","Lockon","Double Energy"],"picked":"Gash","floor":29},{"not_picked":["Multi-Cast","Streamline","Scrape","Thunder Strike"],"picked":"SKIP","floor":30},{"not_picked":["Beam Cell","Static Discharge","Compile Driver","Barrage"],"picked":"SKIP","floor":31}],"player_experience":2041538,"relics_obtained":[{"floor":6,"key":"Symbiotic Virus"},{"floor":8,"key":"Orichalcum"},{"floor":9,"key":"Potion Belt"},{"floor":10,"key":"Gremlin Horn"},{"floor":12,"key":"Incense Burner"},{"floor":14,"key":"Tiny Chest"},{"floor":24,"key":"Whetstone"},{"floor":26,"key":"Juzu Bracelet"},{"floor":28,"key":"Omamori"},{"floor":30,"key":"Oddly Smooth Stone"}],"event_choices":[{"damage_healed":0,"gold_gain":0,"player_choice":"Got Potions","damage_taken":0,"max_hp_gain":0,"max_hp_loss":0,"event_name":"Lab","floor":2,"gold_loss":0},{"damage_healed":0,"gold_gain":0,"player_choice":"Success","damage_taken":11,"relics_obtained":["Question Card"],"max_hp_gain":0,"max_hp_loss":0,"event_name":"Scrap Ooze","floor":4,"gold_loss":0},{"damage_healed":0,"gold_gain":0,"player_choice":"Obtained Relic","damage_taken":0,"relics_obtained":["Ice Cream"],"max_hp_gain":0,"max_hp_loss":0,"event_name":"Addict","floor":20,"gold_loss":85}],"is_beta":false,"boss_relics":[{"not_picked":["FrozenCore","Orrery"],"picked":"Runic Pyramid"}],"items_purged_floors":[19],"is_endless":false,"potions_floor_spawned":[5,6,16,24,29,30],"killed_by":"Champ","ascension_level":20}