{"path_per_floor":["M","?","M","?","M","E","R","M","T","R","M","M","?","T","R","B",null,"M","?","?","M","$","R","M","T","T","$","M","E","R","M","R","B",null,"M","M","?","?","M","E","R","$","T","R","$","?","R","?","R"],"character_chosen":"THE_SILENT","items_purchased":["Flash of Steel","Happy Flower","Paper Crane","Flash of Steel"],"gold_per_floor":[114,114,127,77,87,119,119,130,185,185,203,215,215,286,286,386,386,397,397,397,417,87,87,98,125,177,77,95,128,128,146,146,246,246,257,273,273,324,339,372,372,26,26,26,26,26,26,26,26],"floor_reached":50,"campfire_rested":2,"playtime":2600,"current_hp_per_floor":[35,35,35,35,31,4,25,25,25,25,25,25,11,11,11,8,55,41,41,41,37,37,37,24,24,24,24,24,24,24,24,24,5,54,54,54,54,53,49,8,44,44,44,44,44,35,35,61,61],"items_purged":["Injury","Strike_G"],"gold":26,"score":666,"play_id":"ddf801f4-5c99-44b2-ab4a-0c85df1c2dc6","local_time":"20180303190630","is_prod":false,"is_daily":false,"is_ascension_mode":true,"campfire_upgraded":8,"timestamp":1520075190,"path_taken":["M","?","M","?","M","E","R","M","T","R","?","M","?","?","R","BOSS","M","?","?","?","$","R","M","?","T","?","?","E","R","M","R","BOSS","M","M","?","?","?","E","R","$","T","R","?","?","R","?","R","BOSS"],"build_version":"2018-03-02-BETA2","purchased_purges":2,"victory":false,"master_deck":["Defend_G+1","Defend_G","Defend_G","Defend_G","Strike_G","Survivor+1","Neutralize+1","Dagger Throw","Flying Knee","Backflip","Predator","Cloak And Dagger+1","Noxious Fumes+1","Envenom+1","Die Die Die","Backstab+1","Choke","Finisher+1","Blur","Poisoned Stab+1","Bouncing Flask+1","Adrenaline","Cloak And Dagger+1","Footwork+1","Blade Dance+1","Calculated Gamble+1","Flash of Steel","Madness","Madness"],"max_hp_per_floor":[70,70,70,70,70,70,70,70,70,70,70,70,70,70,70,70,70,70,70,70,70,70,70,70,70,70,70,70,70,70,70,70,70,70,70,70,70,70,70,70,70,70,70,70,70,70,70,61,61],"relics":["Ring of the Snake","Bag of Marbles","Tiny Chest","Dodecahedron","Sozu","Happy Flower","Snake Skull","Pen Nib","Tough Bandages","Lizard Tail","Ginger","Regal Pillow","Paper Crane","Sundial"],"card_choices":[{"not_picked":["Accuracy","Underhanded Strike"],"picked":"Dagger Throw"},{"not_picked":["Deadly Poison","Masterful Stab"],"picked":"Flying Knee"},{"not_picked":["Slice","Dagger Throw"],"picked":"Backflip"},{"not_picked":["Slice","Acrobatics"],"picked":"Predator"},{"not_picked":["Underhanded Strike","Poisoned Stab"],"picked":"Cloak And Dagger"},{"not_picked":["Backflip","Flying Knee"],"picked":"Noxious Fumes"},{"not_picked":["Backflip","Endless Agony"],"picked":"Envenom"},{"not_picked":["Wraith Form","Grand Finale"],"picked":"Die Die Die"},{"not_picked":["Infinite Blades","Predator"],"picked":"Backstab"},{"not_picked":["Bane","Backflip"],"picked":"Finisher"},{"not_picked":["Slice","Prepared"],"picked":"Blur"},{"not_picked":["Flying Knee","Distraction"],"picked":"Poisoned Stab"},{"not_picked":["Dodge and Roll","Noxious Fumes"],"picked":"Bouncing Flask"},{"not_picked":["Storm of Steel","Venomology"],"picked":"Adrenaline"},{"not_picked":["Dagger Throw","Flechettes"],"picked":"Cloak And Dagger"},{"not_picked":["Escape Plan","PiercingWail"],"picked":"Footwork"},{"not_picked":["Reflex","Deflect"],"picked":"Blade Dance"},{"not_picked":["Terror","Backflip"],"picked":"Calculated Gamble"}],"player_experience":142085,"potions_floor_usage":[6,12,16],"damage_taken":[{"damage":0,"enemies":"Jaw Worm","floor":1,"turns":4},{"damage":0,"enemies":"Cultist","floor":3,"turns":3},{"damage":4,"enemies":"Small Slimes","floor":5,"turns":3},{"damage":27,"enemies":"Lagavulin","floor":6,"turns":9},{"damage":0,"enemies":"2 Fungi Beasts","floor":8,"turns":3},{"damage":0,"enemies":"Gremlin Gang","floor":11,"turns":3},{"damage":0,"enemies":"Looter","floor":12,"turns":4},{"damage":3,"enemies":"The Guardian","floor":16,"turns":10},{"damage":14,"enemies":"Chosen","floor":18,"turns":5},{"damage":4,"enemies":"Shell Parasite","floor":21,"turns":3},{"damage":13,"enemies":"Snecko","floor":24,"turns":4},{"damage":0,"enemies":"3 Cultists","floor":28,"turns":2},{"damage":0,"enemies":"Slavers","floor":29,"turns":1},{"damage":0,"enemies":"Centurion and Healer","floor":31,"turns":4},{"damage":19,"enemies":"Automaton","floor":33,"turns":8},{"damage":0,"enemies":"3 Shapes","floor":35,"turns":3},{"damage":0,"enemies":"Flame Bruiser 1 Orb","floor":36,"turns":4},{"damage":1,"enemies":"Mysterious Sphere","floor":38,"turns":3},{"damage":4,"enemies":"4 Shapes","floor":39,"turns":4},{"damage":41,"enemies":"Nemesis","floor":40,"turns":5},{"damage":135,"enemies":"Time Eater","floor":50,"turns":9}],"event_choices":[{"event_name":"The Woman in Blue","player_choice":"Bought 0 Potions","floor":2,"damage_taken":0},{"event_name":"The Cleric","player_choice":"Card Removal","floor":4,"damage_taken":0},{"event_name":"Shining Light","player_choice":"Entered Light","floor":13,"damage_taken":0},{"event_name":"Accursed Blacksmith","player_choice":"Forge","floor":19,"damage_taken":0},{"event_name":"Transmorgrifier","player_choice":"Transform","floor":20,"damage_taken":0},{"event_name":"Mysterious Sphere","player_choice":"Fight","floor":38,"damage_taken":0},{"event_name":"Winding Halls","player_choice":"Embrace Madness","floor":46,"damage_taken":0},{"event_name":"The Moai Head","player_choice":"Heal","floor":48,"damage_taken":0}],"boss_relics":[{"not_picked":["Orrery","Eternal Feather"],"picked":"Sozu"},{"not_picked":["Velvet Choker","Runic Dome"],"picked":"Lizard Tail"}],"potions_floor_spawned":[1,6,11,24,31,33,36,38,40],"seed_played":"3975177349794874325","killed_by":"Time Eater","ascension_level":5,"is_trial":false}