{"gold_per_floor":[116,41,41,57,57,57,98,98,122,156,11,26,59,59,59,155,155,171,171,171,171,96,96,111,111,111,13,47,65,65,65,65,139,139,154,154,0,20,20,20],"floor_reached":40,"playtime":1476,"items_purged":[],"score":1161,"play_id":"740b0b13-bb7b-4565-9614-48a39f36f0b2","local_time":"20190309170411","is_ascension_mode":true,"campfire_choices":[{"data":"Sunder","floor":6,"key":"SMITH"},{"data":"Buffer","floor":8,"key":"SMITH"},{"data":"Loop","floor":15,"key":"SMITH"},{"floor":23,"key":"REST"},{"data":"Blizzard","floor":25,"key":"SMITH"},{"data":"Loop","floor":30,"key":"SMITH"},{"data":"Biased Cognition","floor":32,"key":"SMITH"}],"neow_cost":"NONE","seed_source_timestamp":23526384311700,"circlet_count":0,"master_deck":["AscendersBane","Strike_B","Strike_B","Defend_B","Defend_B","Defend_B+1","Zap+1","Dualcast+1","Loop+1","Sunder+1","Buffer+1","Leap","Panacea+1","Cold Snap","Gash","Biased Cognition+1","White Noise","Blizzard+1","Loop+1","Hologram","Glacier","Echo Form","Hologram","Gash+1"],"relics":["Cracked Core","NeowsBlessing","Bloody Idol","Dodecahedron","War Paint","Question Card","Blood Vial","Nuclear Battery","Mercury Hourglass","Meat on the Bone","Anchor","Runic Pyramid","Red Mask"],"potions_floor_usage":[10,18,19,28,28,33,35,40],"damage_taken":[{"damage":0,"enemies":"Cultist","floor":1,"turns":1},{"damage":0,"enemies":"Jaw Worm","floor":4,"turns":1},{"damage":0,"enemies":"Gremlin Nob","floor":7,"turns":1},{"damage":5,"enemies":"3 Sentries","floor":10,"turns":6},{"damage":0,"enemies":"2 Louse","floor":12,"turns":3},{"damage":0,"enemies":"Lagavulin","floor":13,"turns":7},{"damage":0,"enemies":"The Guardian","floor":16,"turns":13},{"damage":0,"enemies":"Spheric Guardian","floor":18,"turns":4},{"damage":0,"enemies":"Shell Parasite","floor":19,"turns":1},{"damage":23,"enemies":"Colosseum Slavers","floor":21,"turns":5},{"damage":6,"enemies":"Centurion and Healer","floor":24,"turns":7},{"damage":16,"enemies":"Slavers","floor":28,"turns":3},{"damage":21,"enemies":"3 Cultists","floor":29,"turns":4},{"damage":0,"enemies":"Automaton","floor":33,"turns":14},{"damage":0,"enemies":"3 Darklings","floor":35,"turns":6},{"damage":0,"enemies":"Orb Walker","floor":38,"turns":4},{"damage":9,"enemies":"Reptomancer","floor":40,"turns":3}],"seed_played":"82210297151037085","potions_obtained":[{"floor":1,"key":"SmokeBomb"},{"floor":4,"key":"Fire Potion"},{"floor":12,"key":"Swift Potion"},{"floor":18,"key":"FocusPotion"},{"floor":29,"key":"Block Potion"},{"floor":33,"key":"GamblersBrew"},{"floor":38,"key":"Fire Potion"}],"is_trial":false,"path_per_floor":["M","?","?","M","?","R","E","R","T","E","$","M","E","?","R","B",null,"M","M","?","?","?","R","M","R","T","$","E","M","R","?","R","B",null,"M","?","?","M","?","E"],"character_chosen":"DEFECT","items_purchased":["Panacea","Cold Snap","Loop","AttackPotion"],"campfire_rested":1,"item_purchase_floors":[11,11,27,27],"current_hp_per_floor":[64,64,64,64,64,64,64,64,64,59,59,59,59,40,40,42,59,61,63,63,41,41,60,56,56,56,56,42,35,35,35,35,42,59,64,64,64,64,64,55],"gold":20,"neow_bonus":"THREE_ENEMY_KILL","is_prod":false,"is_daily":false,"chose_seed":false,"campfire_upgraded":6,"win_rate":0,"timestamp":1552118651,"path_taken":["M","?","?","?","?","R","E","R","T","E","?","?","E","?","R","BOSS","M","M","?","?","?","R","M","R","T","?","E","M","R","?","R","BOSS","M","?","?","M","?","E"],"build_version":"2019-01-23","purchased_purges":0,"victory":false,"max_hp_per_floor":[71,71,71,71,64,64,64,64,64,64,64,64,64,64,64,64,64,64,64,64,64,64,64,64,64,64,64,64,64,64,64,64,64,64,64,64,64,64,64,64],"card_choices":[{"not_picked":["Tempest","Sweeping Beam"],"picked":"Loop","floor":1},{"not_picked":["Reprogram","Leap"],"picked":"Sunder","floor":4},{"not_picked":["Gash","Beam Cell"],"picked":"Buffer","floor":7},{"not_picked":["Turbo","Ball Lightning"],"picked":"Leap","floor":10},{"not_picked":["Auto Shields","Streamline","Go for the Eyes"],"picked":"Gash","floor":12},{"not_picked":["Ball Lightning","Go for the Eyes","Leap","Redo"],"picked":"SKIP","floor":13},{"not_picked":["Fission","Hyperbeam","Reboot"],"picked":"Biased Cognition","floor":16},{"not_picked":["Cold Snap","Chaos","FTL+1"],"picked":"White Noise","floor":18},{"not_picked":["Double Energy","Go for the Eyes","Aggregate"],"picked":"Blizzard","floor":24},{"not_picked":["Melter","Sunder","Ball Lightning"],"picked":"Hologram","floor":28},{"not_picked":["Stack","Compile Driver","Leap"],"picked":"Glacier","floor":29},{"not_picked":["Rainbow","Seek","Biased Cognition"],"picked":"Echo Form","floor":33},{"not_picked":["Melter","Compile Driver","BootSequence"],"picked":"Hologram","floor":35},{"not_picked":["Sweeping Beam","Go for the Eyes","Doom and Gloom"],"picked":"Gash+1","floor":38}],"player_experience":2096940,"relics_obtained":[{"floor":7,"key":"Dodecahedron"},{"floor":9,"key":"War Paint"},{"floor":10,"key":"Question Card"},{"floor":13,"key":"Blood Vial"},{"floor":26,"key":"Meat on the Bone"},{"floor":28,"key":"Anchor"}],"event_choices":[{"cards_removed":["Defend_B"],"damage_healed":0,"gold_gain":0,"player_choice":"Card Removal","damage_taken":0,"max_hp_gain":0,"max_hp_loss":0,"event_name":"The Cleric","floor":2,"gold_loss":75},{"cards_removed":["Strike_B"],"damage_healed":0,"gold_gain":0,"player_choice":"Purged","damage_taken":0,"max_hp_gain":0,"max_hp_loss":0,"event_name":"Purifier","floor":3,"gold_loss":0},{"damage_healed":0,"gold_gain":0,"player_choice":"Lose Max HP","damage_taken":0,"relics_obtained":["Golden Idol"],"max_hp_gain":0,"max_hp_loss":7,"event_name":"Golden Idol","floor":5,"gold_loss":0},{"damage_healed":0,"gold_gain":0,"player_choice":"Entered Light","damage_taken":19,"max_hp_gain":0,"max_hp_loss":0,"event_name":"Shining Light","floor":14,"gold_loss":0,"cards_upgraded":["Defend_B","Panacea"]},{"damage_healed":0,"gold_gain":0,"player_choice":"Opened","damage_taken":0,"relics_obtained":["Mercury Hourglass"],"max_hp_gain":0,"max_hp_loss":0,"event_name":"The Mausoleum","floor":20,"gold_loss":0,"cards_obtained":["Writhe"]},{"damage_healed":0,"gold_gain":0,"player_choice":"Fight","damage_taken":0,"max_hp_gain":0,"max_hp_loss":0,"event_name":"Colosseum","floor":21,"gold_loss":0},{"damage_healed":0,"gold_gain":0,"player_choice":"Fled From Nobs","damage_taken":0,"max_hp_gain":0,"max_hp_loss":0,"event_name":"Colosseum","floor":21,"gold_loss":0},{"cards_removed":["Writhe"],"damage_healed":0,"gold_gain":0,"player_choice":"Gave Gold","damage_taken":0,"max_hp_gain":0,"max_hp_loss":0,"event_name":"Beggar","floor":22,"gold_loss":75},{"damage_healed":0,"gold_gain":0,"player_choice":"Gave Idol","damage_taken":0,"relics_obtained":["Bloody Idol"],"max_hp_gain":0,"max_hp_loss":0,"event_name":"Forgotten Altar","floor":31,"relics_lost":["Golden Idol"],"gold_loss":0},{"damage_healed":0,"gold_gain":0,"player_choice":"Ignored","damage_taken":0,"max_hp_gain":0,"max_hp_loss":0,"event_name":"Mysterious Sphere","floor":36,"gold_loss":0},{"damage_healed":0,"gold_gain":0,"player_choice":"Paid","damage_taken":0,"relics_obtained":["Red Mask"],"max_hp_gain":0,"max_hp_loss":0,"event_name":"Tomb of Lord Red Mask","floor":37,"gold_loss":154},{"cards_removed":["Strike_B"],"damage_healed":0,"gold_gain":0,"player_choice":"Card Removal","damage_taken":0,"max_hp_gain":0,"max_hp_loss":0,"event_name":"Wheel of Change","floor":39,"gold_loss":0}],"is_beta":false,"boss_relics":[{"not_picked":["Sozu","Cursed Key"],"picked":"Nuclear Battery"},{"not_picked":["Orrery","Runic Dome"],"picked":"Runic Pyramid"}],"items_purged_floors":[],"is_endless":false,"potions_floor_spawned":[1,4,12,18,29,33,38],"killed_by":"Reptomancer","ascension_level":20}