{"path_per_floor":["M","?","M","?","M","R","T","$","T","$","M","M","R","M","R","B",null,"M","M"],"character_chosen":"IRONCLAD","items_purchased":["Medical Kit"],"gold_per_floor":[117,117,134,200,210,210,210,9,61,61,77,87,117,136,136,239,239,252,268,268],"floor_reached":20,"campfire_rested":1,"playtime":924,"current_hp_per_floor":[77,77,77,77,84,84,84,84,84,84,78,72,72,52,81,32,81,37,18,0],"items_purged":[],"gold":268,"score":249,"play_id":"e75b4a2c-70aa-41c6-b9f1-78355795bfcf","local_time":"20180331123901","is_prod":false,"is_daily":false,"is_ascension_mode":true,"campfire_upgraded":1,"timestamp":1522489141,"path_taken":["M","?","M","?","M","R","?","$","T","?","M","M","R","M","R","BOSS","M","?","M"],"build_version":"2018-03-29v2","purchased_purges":0,"victory":false,"master_deck":["Strike_R","Strike_R","Strike_R","Strike_R","Strike_R","Defend_R","Defend_R","Defend_R","Defend_R","Bash","Feed+1","Inflame","Flex","Seeing Red","Rampage","Reaper","Warcry"],"max_hp_per_floor":[83,83,86,86,89,89,89,89,89,89,93,93,93,97,97,97,97,101,101,101],"relics":["Burning Blood","Shovel","Medical Kit","Ancient Tea Set","Tiny Chest","Sozu"],"card_choices":[{"not_picked":["Anger","Pummel"],"picked":"Inflame","floor":3},{"not_picked":["Havoc","Warcry"],"picked":"Flex","floor":5},{"not_picked":["Second Wind","Heavy Blade"],"picked":"Seeing Red","floor":11},{"not_picked":["Bludgeon","Bloodletting"],"picked":"Rampage","floor":14},{"not_picked":["Bludgeon","Juggernaut"],"picked":"Reaper","floor":16},{"not_picked":["Perfected Strike","Feel No Pain"],"picked":"Warcry","floor":18}],"player_experience":330410,"potions_floor_usage":[12,16,18],"damage_taken":[{"damage":4,"enemies":"Small Slimes","floor":1,"turns":4},{"damage":9,"enemies":"2 Louse","floor":3,"turns":2},{"damage":2,"enemies":"Jaw Worm","floor":5,"turns":3},{"damage":16,"enemies":"Blue Slaver","floor":11,"turns":3},{"damage":12,"enemies":"Looter","floor":12,"turns":3},{"damage":30,"enemies":"Gremlin Gang","floor":14,"turns":7},{"damage":55,"enemies":"The Guardian","floor":16,"turns":11},{"damage":54,"enemies":"Shell Parasite","floor":18,"turns":6},{"damage":25,"enemies":"Spheric Guardian","floor":19,"turns":4},{"damage":36,"enemies":"Chosen and Byrds","floor":20,"turns":5}],"event_choices":[{"event_name":"Golden Idol","player_choice":"Ignored","floor":2,"damage_taken":0},{"event_name":"Golden Wing","player_choice":"Gained Gold","floor":4,"damage_taken":0}],"boss_relics":[{"not_picked":["Runic Cube","White Beast Statue"],"picked":"Sozu"}],"potions_floor_spawned":[11,14,16,18],"seed_played":"-7992899019420059420","killed_by":"Chosen and Byrds","ascension_level":7,"is_trial":false}