{"gold_per_floor":[118,118,136,150,150,150,74,74,74,103,53,5,37,49,49,120,120,138,151,151,131,144,170,170,196,196,222,222,239,250,264,264,338,338,353,401,275,375,69,69,0,0,0,26,26,41,41,41,41,41],"floor_reached":51,"playtime":3343,"items_purged":["Storm"],"score":1366,"play_id":"05110783-5bee-47e4-bd2e-bf9b1f751fa2","local_time":"20181205234300","is_ascension_mode":true,"campfire_choices":[{"data":"Conserve Battery","floor":6.0,"key":"SMITH"},{"data":"Hyperbeam","floor":8.0,"key":"SMITH"},{"data":"Go for the Eyes","floor":15.0,"key":"SMITH"},{"floor":24.0,"key":"REST"},{"floor":28.0,"key":"REST"},{"data":"Reinforced Body","floor":32.0,"key":"SMITH"},{"data":"Hologram","floor":40,"key":"SMITH"},{"data":"Reinforced Body","floor":42,"key":"SMITH"},{"data":"Skim","floor":45,"key":"SMITH"},{"floor":49,"key":"REST"}],"neow_cost":"NONE","seed_source_timestamp":0,"circlet_count":0,"master_deck":["AscendersBane","Dualcast","Conserve Battery+1","Fusion+1","Hyperbeam+1","Go for the Eyes+1","Reboot","Reinforced Body+1","Echo Form","Reinforced Body+1","Barrage+1","White Noise","All For One","Leap+1","Skim+1","Streamline","Barrage","Hologram+1","Steam"],"special_seed":0,"relics":["Snecko Eye","Bottled Flame","Ancient Tea Set","Juzu Bracelet","Lizard Tail","Mercury Hourglass","Gremlin Horn","Mummified Hand","Ginger","Pandora\u0027s Box","StoneCalendar","Gambling Chip","Pen Nib","War Paint","Red Mask","Bag of Marbles","Bottled Lightning"],"potions_floor_usage":[44,44,50],"damage_taken":[{"damage":7.0,"enemies":"Jaw Worm","floor":1.0,"turns":3.0},{"damage":0.0,"enemies":"2 Louse","floor":3.0,"turns":2.0},{"damage":17.0,"enemies":"Small Slimes","floor":4.0,"turns":5.0},{"damage":30.0,"enemies":"Lagavulin","floor":10.0,"turns":5.0},{"damage":0.0,"enemies":"3 Sentries","floor":13.0,"turns":2.0},{"damage":0.0,"enemies":"Exordium Wildlife","floor":14.0,"turns":1.0},{"damage":0.0,"enemies":"Slime Boss","floor":16.0,"turns":6.0},{"damage":12.0,"enemies":"Spheric Guardian","floor":18.0,"turns":5.0},{"damage":0.0,"enemies":"Chosen","floor":19.0,"turns":3.0},{"damage":7.0,"enemies":"Snecko","floor":22.0,"turns":7.0},{"damage":30.0,"enemies":"Gremlin Leader","floor":23.0,"turns":6.0},{"damage":0.0,"enemies":"Slavers","floor":25.0,"turns":4.0},{"damage":16.0,"enemies":"Book of Stabbing","floor":27.0,"turns":5.0},{"damage":0.0,"enemies":"Chosen and Byrds","floor":29.0,"turns":5.0},{"damage":9.0,"enemies":"Centurion and Healer","floor":30.0,"turns":4.0},{"damage":0.0,"enemies":"3 Cultists","floor":31.0,"turns":3.0},{"damage":10.0,"enemies":"Champ","floor":33.0,"turns":12.0},{"damage":2,"enemies":"3 Darklings","floor":35,"turns":3},{"damage":26,"enemies":"2 Orb Walkers","floor":36,"turns":3},{"damage":0,"enemies":"Mind Bloom Boss Battle","floor":38,"turns":3},{"damage":6,"enemies":"Nemesis","floor":44,"turns":5},{"damage":0,"enemies":"Orb Walker","floor":46,"turns":1},{"damage":9,"enemies":"Awakened One","floor":50,"turns":10}],"seed_played":"4506029883975303269","potions_obtained":[{"floor":3.0,"key":"SteroidPotion"},{"floor":13.0,"key":"SmokeBomb"},{"floor":14.0,"key":"Block Potion"},{"floor":18.0,"key":"EssenceOfSteel"},{"floor":21.0,"key":"Fire Potion"},{"floor":22.0,"key":"EssenceOfSteel"},{"floor":25.0,"key":"Weak Potion"},{"floor":30.0,"key":"FocusPotion"},{"floor":36,"key":"Weak Potion"},{"floor":44,"key":"SpeedPotion"},{"floor":46,"key":"Regen Potion"}],"is_trial":false,"path_per_floor":["M","?","M","M","?","R","$","R","T","E","?","$","E","M","R","B",null,"M","M","?","?","M","E","R","E","T","E","R","M","M","M","R","B",null,"M","?","$","?","$","R","?","R","T","E","R","M","?","$","R","B",null],"character_chosen":"DEFECT","items_purchased":["Hyperbeam","PowerPotion","PowerPotion","Pen Nib","War Paint"],"campfire_rested":3,"item_purchase_floors":[7,12,37,39,39],"current_hp_per_floor":[57,57,57,40,45,45,45,45,45,15,15,15,15,15,15,15,61,49,49,49,49,42,12,34,34,34,18,40,40,31,31,31,21,62,60,34,34,34,34,34,34,34,34,28,28,28,28,28,50,56],"gold":41,"neow_bonus":"BOSS_RELIC","is_prod":false,"is_daily":false,"chose_seed":false,"campfire_upgraded":7,"win_rate":0,"timestamp":1544024580,"path_taken":["M","?","M","M","?","R","$","R","T","E","?","$","E","M","R","BOSS","M","M","?","?","M","E","R","E","T","E","R","M","M","M","R","BOSS","M","?","$","?","$","R","?","R","T","E","R","M","?","?","R","BOSS"],"build_version":"2018-11-15","purchased_purges":1,"victory":true,"max_hp_per_floor":[71,71,71,71,76,76,76,76,76,76,76,76,76,76,76,76,76,76,76,76,76,76,76,76,76,76,76,76,76,76,76,76,76,76,76,76,76,76,76,76,76,76,76,76,76,76,76,76,76,76],"card_choices":[{"not_picked":["Leap","Compile Driver"],"picked":"Conserve Battery","floor":1.0},{"not_picked":["Streamline","Steam"],"picked":"Fusion","floor":3.0},{"not_picked":["Leap","Capacitor","Barrage"],"picked":"SKIP","floor":4.0},{"not_picked":["Lockon","Tempest","Barrage"],"picked":"SKIP","floor":10.0},{"not_picked":["Stack","Coolheaded"],"picked":"Go for the Eyes","floor":13.0},{"not_picked":["Defragment","Compile Driver","Stack"],"picked":"SKIP","floor":14.0},{"not_picked":["Amplify","Fission"],"picked":"Reboot","floor":16.0},{"not_picked":["Barrage","Blizzard"],"picked":"Reinforced Body","floor":18.0},{"not_picked":["Turbo","Storm+1","Rebound"],"picked":"SKIP","floor":19.0},{"not_picked":["Streamline","Barrage","Rebound"],"picked":"SKIP","floor":22.0},{"not_picked":["Stack","Coolheaded","Redo"],"picked":"SKIP","floor":23.0},{"not_picked":["Self Repair","Gash"],"picked":"Echo Form","floor":25.0},{"not_picked":["Hologram","Turbo"],"picked":"Reinforced Body","floor":27.0},{"not_picked":["Leap","Streamline"],"picked":"Barrage+1","floor":29.0},{"not_picked":["Stack","Ball Lightning+1","Double Energy+1"],"picked":"SKIP","floor":30.0},{"not_picked":["Defragment","Conserve Battery"],"picked":"White Noise","floor":31.0},{"not_picked":["Multi-Cast","Rainbow"],"picked":"All For One","floor":33.0},{"not_picked":["Ball Lightning","Recycle","Genetic Algorithm"],"picked":"SKIP","floor":35},{"not_picked":["Coolheaded+1","Redo","Melter"],"picked":"SKIP","floor":44},{"not_picked":["Coolheaded+1","Redo","Melter"],"picked":"SKIP","floor":44},{"not_picked":["Coolheaded","Undo"],"picked":"Beam Cell+1","floor":46}],"player_experience":592045,"relics_obtained":[{"floor":9.0,"key":"Bottled Flame"},{"floor":10.0,"key":"Ancient Tea Set"},{"floor":13.0,"key":"Juzu Bracelet"},{"floor":23.0,"key":"Mercury Hourglass"},{"floor":25.0,"key":"Gremlin Horn"},{"floor":26.0,"key":"Mummified Hand"},{"floor":27.0,"key":"Ginger"},{"floor":36,"key":"StoneCalendar"},{"floor":38,"key":"Gambling Chip"},{"floor":43,"key":"Bag of Marbles"},{"floor":44,"key":"Bottled Lightning"}],"event_choices":[{"damage_healed":0.0,"max_hp_gain":0.0,"max_hp_loss":0.0,"gold_gain":0.0,"event_name":"Liars Game","player_choice":"Ignored","floor":2.0,"gold_loss":0.0,"damage_taken":0.0},{"damage_healed":0.0,"max_hp_gain":5.0,"max_hp_loss":0.0,"gold_gain":0.0,"event_name":"Big Fish","player_choice":"Donut","floor":5.0,"gold_loss":0.0,"damage_taken":0.0},{"cards_removed":["Zap"],"damage_healed":0.0,"max_hp_gain":0.0,"max_hp_loss":0.0,"gold_gain":0.0,"event_name":"The Cleric","player_choice":"Card Removal","floor":11.0,"gold_loss":50.0,"damage_taken":0.0},{"cards_removed":["Defend_B"],"damage_healed":0.0,"max_hp_gain":0.0,"max_hp_loss":0.0,"gold_gain":0.0,"event_name":"Wheel of Change","player_choice":"Card Removal","floor":20.0,"gold_loss":0.0,"damage_taken":0.0},{"damage_healed":0.0,"max_hp_gain":0.0,"max_hp_loss":0.0,"gold_gain":0.0,"event_name":"The Woman in Blue","player_choice":"Bought 1 Potion","floor":21.0,"gold_loss":0.0,"damage_taken":0.0},{"damage_healed":0,"gold_gain":0,"player_choice":"Fight","damage_taken":0,"max_hp_gain":0,"max_hp_loss":0,"event_name":"Mysterious Sphere","floor":36,"gold_loss":0},{"damage_healed":0,"gold_gain":0,"player_choice":"Fight","damage_taken":0,"max_hp_gain":0,"max_hp_loss":0,"event_name":"MindBloom","floor":38,"gold_loss":0},{"damage_healed":0,"gold_gain":0,"player_choice":"Paid","damage_taken":0,"relics_obtained":["Red Mask"],"max_hp_gain":0,"max_hp_loss":0,"event_name":"Tomb of Lord Red Mask","floor":41,"gold_loss":69},{"cards_removed":["Beam Cell"],"damage_healed":0,"gold_gain":0,"player_choice":"Removed Attack","damage_taken":0,"max_hp_gain":0,"max_hp_loss":0,"event_name":"Falling","floor":47,"gold_loss":0}],"is_beta":true,"boss_relics":[{"not_picked":["Calling Bell","Runic Pyramid"],"picked":"Lizard Tail"},{"not_picked":["Velvet Choker","Fusion Hammer"],"picked":"Pandora\u0027s Box"}],"items_purged_floors":[37],"is_endless":false,"potions_floor_spawned":[3,13,14,18,22,23,25,30,36,44,46],"ascension_level":14}