{"gold_per_floor":[115,133,145,165,48,48,73,73,118,176,193,193,193,293,293,398,398,409,422,432,150,164,164,64,99,99,99,14,49,49,78,78,78],"floor_reached":33,"playtime":1508,"items_purged":["Strike_B"],"score":520,"play_id":"b30e481b-6bef-43fa-94a8-f19bf55f5dc5","local_time":"20180731142054","is_ascension_mode":true,"campfire_choices":[{"data":"Defragment","floor":6,"key":"SMITH"},{"data":"Zap","floor":8,"key":"SMITH"},{"data":"Defragment","floor":15,"key":"SMITH"},{"data":"Dualcast","floor":23,"key":"SMITH"},{"floor":27,"key":"REST"},{"data":"Gash","floor":30,"key":"SMITH"},{"floor":32,"key":"REST"}],"neow_cost":"NONE","seed_source_timestamp":1370112999096100,"circlet_count":0,"master_deck":["Strike_B","Strike_B","Strike_B","Defend_B","Defend_B","Defend_B","Defend_B","Zap+1","Dualcast+1","AscendersBane","Ball Lightning","Glacier","Cold Snap","Buffer","Defragment+1","Genetic Algorithm","Compile Driver","Defragment+1","All For One","Sweeping Beam+1","Beam Cell","Gash+1","Hologram","BootSequence+1","Creative AI"],"relics":["Cracked Core","Symbiotic Virus","Strawberry","Tiny Chest","NlothsMask","Pear","Philosopher\u0027s Stone","Lee\u0027s Waffle","Regal Pillow","Meat on the Bone","Letter Opener","Omamori"],"potions_floor_usage":[10,19,22,31],"damage_taken":[{"damage":4,"enemies":"2 Louse","floor":1,"turns":2},{"damage":1,"enemies":"Cultist","floor":2,"turns":3},{"damage":0,"enemies":"Small Slimes","floor":3,"turns":3},{"damage":20,"enemies":"Exordium Thugs","floor":4,"turns":6},{"damage":12,"enemies":"Gremlin Nob","floor":7,"turns":5},{"damage":6,"enemies":"Lagavulin","floor":10,"turns":5},{"damage":6,"enemies":"Looter","floor":11,"turns":3},{"damage":8,"enemies":"Hexaghost","floor":16,"turns":9},{"damage":13,"enemies":"Spheric Guardian","floor":18,"turns":4},{"damage":3,"enemies":"Chosen","floor":19,"turns":4},{"damage":15,"enemies":"Snecko","floor":20,"turns":5},{"damage":20,"enemies":"Snake Plant","floor":22,"turns":2},{"damage":47,"enemies":"Slavers","floor":25,"turns":5},{"damage":47,"enemies":"Book of Stabbing","floor":29,"turns":6},{"damage":43,"enemies":"Slavers","floor":31,"turns":6},{"damage":74,"enemies":"Collector","floor":33,"turns":5}],"seed_played":"1387970610363806672","potions_obtained":[{"floor":7,"key":"AttackPotion"},{"floor":10,"key":"Strength Potion"},{"floor":11,"key":"EssenceOfSteel"},{"floor":18,"key":"Fire Potion"},{"floor":20,"key":"FearPotion"},{"floor":31,"key":"FearPotion"}],"is_trial":false,"path_per_floor":["M","M","M","M","$","R","E","R","T","E","M","?","?","?","R","B",null,"M","M","M","$","M","R","$","E","T","R","?","E","R","E","R"],"character_chosen":"DEFECT","items_purchased":["Defragment","Genetic Algorithm","Lee\u0027s Waffle","Gash","Hologram"],"campfire_rested":2,"item_purchase_floors":[5,5,21,24,24],"current_hp_per_floor":[71,70,70,50,50,50,38,38,45,39,33,33,31,31,31,23,80,67,64,49,106,86,86,86,39,39,85,85,50,50,19,65,0],"gold":78,"neow_bonus":"TEN_PERCENT_HP_BONUS","is_prod":false,"is_daily":false,"chose_seed":false,"campfire_upgraded":5,"win_rate":0,"timestamp":1533018054,"path_taken":["M","M","M","M","$","R","E","R","T","E","M","?","?","?","R","BOSS","M","M","M","$","M","R","$","E","T","R","?","E","R","E","R","BOSS"],"build_version":"2018-07-30","purchased_purges":1,"victory":false,"max_hp_per_floor":[82,82,82,82,82,82,82,82,89,89,89,89,99,99,99,99,99,99,99,99,106,106,106,106,106,106,106,106,106,106,106,106,106],"card_choices":[{"not_picked":["Coolheaded","Turbo"],"picked":"Ball Lightning","floor":1},{"not_picked":["Rebound","Storm"],"picked":"Glacier","floor":2},{"not_picked":["Stack","Gash"],"picked":"Cold Snap","floor":3},{"not_picked":["Melter","Turbo"],"picked":"Buffer","floor":4},{"not_picked":["Double Energy","Melter"],"picked":"Compile Driver","floor":7},{"not_picked":["Lockon","Streamline","Aggregate"],"picked":"SKIP","floor":10},{"not_picked":["Steam","Doom and Gloom"],"picked":"Defragment","floor":11},{"not_picked":["Amplify","Hyperbeam"],"picked":"All For One","floor":16},{"not_picked":["Tempest+1","Darkness","Chaos"],"picked":"SKIP","floor":18},{"not_picked":["Steam","Undo"],"picked":"Sweeping Beam+1","floor":19},{"not_picked":["Chill","Cold Snap"],"picked":"Beam Cell","floor":20},{"not_picked":["Lockon+1","Coolheaded","Steam Power"],"picked":"SKIP","floor":22},{"not_picked":["Rip and Tear","Beam Cell","Barrage"],"picked":"SKIP","floor":25},{"not_picked":["Sweeping Beam","Blizzard"],"picked":"BootSequence+1","floor":29},{"not_picked":["Compile Driver+1","Doom and Gloom+1"],"picked":"Creative AI","floor":31}],"player_experience":457909,"relics_obtained":[{"floor":7,"key":"Symbiotic Virus"},{"floor":9,"key":"Strawberry"},{"floor":10,"key":"Tiny Chest"},{"floor":25,"key":"Regal Pillow"},{"floor":29,"key":"Letter Opener"},{"floor":31,"key":"Omamori"}],"event_choices":[{"event_name":"FaceTrader","player_choice":"Trade","floor":12,"damage_taken":0},{"event_name":"Scrap Ooze","player_choice":"success","floor":13,"damage_taken":12},{"event_name":"Golden Shrine","player_choice":"Pray","floor":14,"damage_taken":0},{"event_name":"Addict","player_choice":"Obtained Relic","floor":28,"damage_taken":0}],"is_beta":true,"boss_relics":[{"not_picked":["White Beast Statue","Velvet Choker"],"picked":"Philosopher\u0027s Stone"}],"items_purged_floors":[21],"is_endless":false,"potions_floor_spawned":[7,10,11,18,20,31],"killed_by":"Collector","ascension_level":10}