{"gold_per_floor":[111,129,129,129,142,142,142,162,162,162,177,240,240,240],"floor_reached":14,"playtime":229,"items_purged":[],"score":160,"play_id":"25b6adb3-4abb-4b51-a7da-7b1786697aed","local_time":"20190216220836","is_ascension_mode":true,"campfire_choices":[{"floor":6,"key":"REST"},{"floor":10,"key":"REST"}],"neow_cost":"NONE","seed_source_timestamp":217160995109100,"circlet_count":0,"master_deck":["AscendersBane","Strike_B","Strike_B","Strike_B","Strike_B","Defend_B","Defend_B","Defend_B","Defend_B","Zap+1","Dualcast","Conserve Battery","BootSequence","Regret","Coolheaded+1","Streamline","Gash"],"relics":["Cracked Core","NeowsBlessing","Unceasing Top","Toxic Egg 2","Sundial","Omamori"],"potions_floor_usage":[12,12],"damage_taken":[{"damage":0,"enemies":"2 Louse","floor":1,"turns":1},{"damage":0,"enemies":"Small Slimes","floor":2,"turns":1},{"damage":0,"enemies":"Cultist","floor":5,"turns":1},{"damage":21,"enemies":"Large Slime","floor":8,"turns":7},{"damage":3,"enemies":"2 Fungi Beasts","floor":11,"turns":3},{"damage":40,"enemies":"Lagavulin Event","floor":12,"turns":7}],"seed_played":"-5319090877415330616","potions_obtained":[{"floor":2,"key":"Ancient Potion"},{"floor":8,"key":"Dexterity Potion"},{"floor":11,"key":"SpeedPotion"}],"is_trial":false,"path_per_floor":["M","M","?","?","M","R","?","M","T","R","M","?","?","?"],"character_chosen":"DEFECT","items_purchased":[],"campfire_rested":2,"item_purchase_floors":[],"current_hp_per_floor":[64,64,64,29,29,50,50,29,29,50,47,7,7,0],"gold":240,"neow_bonus":"THREE_ENEMY_KILL","is_prod":false,"is_daily":false,"chose_seed":false,"campfire_upgraded":0,"win_rate":0,"timestamp":1550322516,"path_taken":["M","M","?","?","M","R","?","?","T","R","M","?","?","?"],"build_version":"2019-01-23","purchased_purges":0,"victory":false,"max_hp_per_floor":[71,71,71,71,71,71,71,71,71,71,71,71,71,71],"card_choices":[{"not_picked":["Go for the Eyes","Turbo"],"picked":"Conserve Battery","floor":1},{"not_picked":["Go for the Eyes","Fusion"],"picked":"BootSequence","floor":2},{"not_picked":["Barrage","Hologram+1"],"picked":"Coolheaded+1","floor":5},{"not_picked":["Compile Driver","Cold Snap"],"picked":"Streamline","floor":8},{"not_picked":["Beam Cell","Barrage","Darkness+1"],"picked":"SKIP","floor":11},{"not_picked":["Undo+1","Leap+1"],"picked":"Gash","floor":12}],"player_experience":103615,"relics_obtained":[{"floor":9,"key":"Sundial"},{"floor":12,"key":"Omamori"}],"event_choices":[{"damage_healed":0,"gold_gain":0,"player_choice":"Box","damage_taken":0,"relics_obtained":["Unceasing Top"],"max_hp_gain":0,"max_hp_loss":0,"event_name":"Big Fish","floor":3,"gold_loss":0,"cards_obtained":["Regret"]},{"damage_healed":0,"gold_gain":0,"player_choice":"Success","damage_taken":35,"relics_obtained":["Toxic Egg 2"],"max_hp_gain":0,"max_hp_loss":0,"event_name":"Scrap Ooze","floor":4,"gold_loss":0},{"damage_healed":0,"gold_gain":0,"player_choice":"Forge","damage_taken":0,"max_hp_gain":0,"max_hp_loss":0,"event_name":"Accursed Blacksmith","floor":7,"gold_loss":0,"cards_upgraded":["Zap"]},{"damage_healed":0,"gold_gain":0,"player_choice":"Searched \u00271\u0027 times","damage_taken":0,"max_hp_gain":0,"max_hp_loss":0,"event_name":"Dead Adventurer","floor":12,"gold_loss":0},{"damage_healed":0,"gold_gain":0,"player_choice":"Ignored","damage_taken":0,"max_hp_gain":0,"max_hp_loss":0,"event_name":"Liars Game","floor":13,"gold_loss":0}],"is_beta":false,"boss_relics":[],"items_purged_floors":[],"is_endless":false,"potions_floor_spawned":[2,8,11],"ascension_level":20}