{"gold_per_floor":[118,135,135,285,302,302,335,347,426,426,441,457,471,430,430,507,507,526,537,552,552,552],"floor_reached":22,"playtime":1921,"items_purged":[],"score":442,"play_id":"65ff4898-a0ae-4a4a-b6da-73559269f54b","local_time":"20190309200429","is_ascension_mode":true,"campfire_choices":[{"floor":6.0,"key":"REST"},{"floor":10.0,"key":"REST"},{"floor":15,"key":"REST"}],"neow_cost":"NONE","seed_source_timestamp":354901970690293,"circlet_count":0,"master_deck":["AscendersBane","Strike_B","Strike_B","Strike_B","Strike_B","Defend_B","Defend_B","Defend_B","Defend_B","Zap","Dualcast","White Noise","Static Discharge","Doubt","Core Surge","Sunder","Storm","Cold Snap","Ball Lightning","BootSequence+1","Buffer","Regret","Pain","Decay","Chaos+1","Ball Lightning"],"special_seed":0,"relics":["Cracked Core","Strawberry","Unceasing Top","Toxic Egg 2","Calling Bell","Art of War","Pantograph","Pocketwatch"],"potions_floor_usage":[12,13,16,16,18,19,19,22],"damage_taken":[{"damage":1.0,"enemies":"Cultist","floor":1.0,"turns":3.0},{"damage":0.0,"enemies":"Small Slimes","floor":2.0,"turns":4.0},{"damage":12.0,"enemies":"Jaw Worm","floor":5.0,"turns":4.0},{"damage":40.0,"enemies":"3 Sentries","floor":7.0,"turns":7.0},{"damage":0.0,"enemies":"3 Louse","floor":8.0,"turns":1.0},{"damage":21.0,"enemies":"Blue Slaver","floor":11.0,"turns":3.0},{"damage":1,"enemies":"Exordium Wildlife","floor":12,"turns":3},{"damage":0,"enemies":"Red Slaver","floor":13,"turns":4},{"damage":11,"enemies":"The Guardian","floor":16,"turns":9},{"damage":23,"enemies":"Spheric Guardian","floor":18,"turns":4},{"damage":3,"enemies":"Chosen","floor":19,"turns":4},{"damage":35,"enemies":"Snake Plant","floor":20,"turns":3},{"damage":17,"enemies":"3 Cultists","floor":22,"turns":3}],"seed_played":"5221426470509090803","potions_obtained":[{"floor":5.0,"key":"Explosive Potion"},{"floor":7.0,"key":"FearPotion"},{"floor":8.0,"key":"EntropicBrew"},{"floor":12,"key":"Weak Potion"},{"floor":16,"key":"GamblersBrew"},{"floor":18,"key":"SteroidPotion"},{"floor":20,"key":"SkillPotion"}],"is_trial":false,"path_per_floor":["M","M","?","?","M","R","E","M","T","R","M","M","M","?","R","B",null,"M","M","M","?","M"],"character_chosen":"DEFECT","items_purchased":[],"campfire_rested":3,"item_purchase_floors":[],"current_hp_per_floor":[70,70,70,70,58,78,38,38,38,61,40,39,39,39,62,51,71,48,45,10,10,0],"gold":552,"neow_bonus":"RANDOM_COMMON_RELIC","is_prod":false,"is_daily":false,"chose_seed":false,"campfire_upgraded":0,"win_rate":0,"timestamp":1552154669,"path_taken":["M","?","?","?","M","R","E","M","T","R","M","M","M","?","R","BOSS","M","M","M","?","M"],"build_version":"2019-01-23","purchased_purges":0,"victory":false,"max_hp_per_floor":[78,78,78,78,78,78,78,78,78,78,78,78,78,78,78,78,78,78,78,78,78,78],"card_choices":[{"not_picked":["Sweeping Beam","Steam"],"picked":"White Noise","floor":1.0},{"not_picked":["Stack","Ball Lightning"],"picked":"Static Discharge","floor":2.0},{"not_picked":["Hologram","Barrage"],"picked":"Core Surge","floor":5.0},{"not_picked":["Coolheaded","Redo"],"picked":"Sunder","floor":7.0},{"not_picked":["Sweeping Beam","Lockon"],"picked":"Storm","floor":8.0},{"not_picked":["Sweeping Beam","Undo+1"],"picked":"Cold Snap","floor":11.0},{"not_picked":["Hologram+1","Aggregate+1"],"picked":"Ball Lightning","floor":12},{"not_picked":["Streamline","FTL"],"picked":"BootSequence+1","floor":13},{"not_picked":["Machine Learning","Meteor Strike"],"picked":"Buffer","floor":16},{"not_picked":["Cold Snap","Streamline"],"picked":"Chaos+1","floor":18},{"not_picked":["Compile Driver","Lockon","Reinforced Body+1"],"picked":"SKIP","floor":19},{"not_picked":["Redo+1","Gash"],"picked":"Ball Lightning","floor":20}],"player_experience":1063054,"relics_obtained":[{"floor":7.0,"key":"Unceasing Top"},{"floor":9.0,"key":"Toxic Egg 2"},{"floor":17,"key":"Art of War"},{"floor":17,"key":"Pantograph"},{"floor":17,"key":"Pocketwatch"}],"event_choices":[{"damage_healed":0.0,"max_hp_gain":0.0,"max_hp_loss":0.0,"gold_gain":0.0,"event_name":"Shining Light","player_choice":"Ignored","floor":3.0,"gold_loss":0.0,"damage_taken":0.0},{"damage_healed":0.0,"max_hp_gain":0.0,"max_hp_loss":0.0,"gold_gain":150.0,"event_name":"Liars Game","player_choice":"AGREE","floor":4.0,"gold_loss":0.0,"damage_taken":0.0,"cards_obtained":["Doubt"]},{"damage_healed":0,"gold_gain":0,"player_choice":"Left Gold","damage_taken":0,"max_hp_gain":0,"max_hp_loss":0,"event_name":"World of Goop","floor":14,"gold_loss":41},{"damage_healed":0,"gold_gain":0,"player_choice":"Ignored","damage_taken":0,"max_hp_gain":0,"max_hp_loss":0,"event_name":"Cursed Tome","floor":21,"gold_loss":0}],"is_beta":false,"boss_relics":[{"not_picked":["Tiny House","White Beast Statue"],"picked":"Calling Bell"}],"items_purged_floors":[],"is_endless":false,"potions_floor_spawned":[5,7,8,12,16,18,20],"killed_by":"3 Cultists","ascension_level":16}