{"gold_per_floor":[118,118,136,136,10,10,43,43,43,43,74,74,92,3,3,76,76,89,4,18,18,32,32,62,62,115,143,143,158,4,4,4,76,76,86,113,3,22,38,70,70,70],"floor_reached":42,"playtime":1474,"items_purged":["Strike_R","Strike_R"],"score":1090,"play_id":"2ac4fbbd-e5a7-4cd7-b9db-e7719d3d98aa","local_time":"20190403133224","is_ascension_mode":true,"campfire_choices":[{"data":"Armaments","floor":6.0,"key":"SMITH"},{"data":"Juggernaut","floor":8.0,"key":"SMITH"},{"data":"Ghostly Armor","floor":10.0,"key":"SMITH"},{"data":"Second Wind","floor":12.0,"key":"SMITH"},{"data":"Feel No Pain","floor":15.0,"key":"SMITH"},{"floor":23.0,"key":"REST"},{"floor":25,"key":"REST"},{"data":"Barricade","floor":28,"key":"SMITH"},{"data":"Feel No Pain","floor":32,"key":"SMITH"}],"neow_cost":"NONE","seed_source_timestamp":439628266250900,"circlet_count":0,"master_deck":["AscendersBane","Strike_R","Strike_R","Defend_R+1","Defend_R","Defend_R","Defend_R+1","Bash+1","Ghostly Armor+1","Armaments+1","Juggernaut+1","Second Wind+1","Feel No Pain+1","Barricade+1","Body Slam","Intimidate","Disarm+1","Feel No Pain+1","Reaper","Shrug It Off+1","Seeing Red","Whirlwind"],"special_seed":0,"relics":["Burning Blood","NeowsBlessing","Regal Pillow","Bag of Preparation","War Paint","Runic Dome","Bronze Scales","Champion Belt","Tiny Chest","Calipers","Ornamental Fan","Lizard Tail","Potion Belt","Darkstone Periapt"],"potions_floor_usage":[24,27,29,33],"damage_taken":[{"damage":0.0,"enemies":"Small Slimes","floor":1.0,"turns":1.0},{"damage":0.0,"enemies":"Cultist","floor":3.0,"turns":1.0},{"damage":0.0,"enemies":"Gremlin Nob","floor":7.0,"turns":1.0},{"damage":29.0,"enemies":"3 Sentries","floor":11.0,"turns":9.0},{"damage":0.0,"enemies":"2 Louse","floor":13.0,"turns":3.0},{"damage":44.0,"enemies":"Hexaghost","floor":16.0,"turns":12.0},{"damage":20.0,"enemies":"Spheric Guardian","floor":18.0,"turns":6.0},{"damage":17.0,"enemies":"2 Thieves","floor":20.0,"turns":4.0},{"damage":15.0,"enemies":"Chosen and Byrds","floor":22.0,"turns":5.0},{"damage":32,"enemies":"Gremlin Leader","floor":24,"turns":7},{"damage":0,"enemies":"Book of Stabbing","floor":27,"turns":6},{"damage":28,"enemies":"3 Cultists","floor":29,"turns":5},{"damage":46,"enemies":"Automaton","floor":33,"turns":12},{"damage":7,"enemies":"Orb Walker","floor":35,"turns":5},{"damage":39,"enemies":"3 Darklings","floor":38,"turns":14},{"damage":36,"enemies":"4 Shapes","floor":39,"turns":7},{"damage":32,"enemies":"Nemesis","floor":40,"turns":11},{"damage":0,"enemies":"Giant Head","floor":42,"turns":6}],"seed_played":"-2214878636219015446","potions_obtained":[{"floor":11.0,"key":"Energy Potion"},{"floor":13.0,"key":"Weak Potion"},{"floor":18.0,"key":"FearPotion"},{"floor":24,"key":"SkillPotion"},{"floor":27,"key":"Explosive Potion"},{"floor":33,"key":"FearPotion"},{"floor":38,"key":"FearPotion"},{"floor":40,"key":"Ancient Potion"}],"is_trial":false,"path_per_floor":["M","?","M","$","$","R","E","R","T","R","E","R","M","$","R","B",null,"M","?","M","?","M","R","E","R","T","E","R","M","$","T","R","B",null,"M","T","?","M","M","E","T","E"],"character_chosen":"IRONCLAD","items_purchased":["Armaments","Feel No Pain","SkillPotion"],"campfire_rested":2,"item_purchase_floors":[5,14,30],"current_hp_per_floor":[74,74,75,75,75,75,75,75,75,75,52,52,58,58,58,20,61,47,47,36,36,27,64,38,75,75,75,75,53,53,53,53,13,60,65,65,65,41,19,48,48,48],"gold":70,"neow_bonus":"THREE_ENEMY_KILL","is_prod":false,"is_daily":false,"chose_seed":false,"campfire_upgraded":7,"win_rate":0,"timestamp":1554265944,"path_taken":["M","?","M","?","$","R","E","R","T","R","E","R","M","$","R","BOSS","M","?","M","?","M","R","E","R","T","E","R","M","$","?","R","BOSS","M","?","?","?","M","E","?","E"],"build_version":"2019-01-23","purchased_purges":2,"victory":false,"max_hp_per_floor":[75,75,75,75,75,75,75,75,75,75,75,75,75,75,75,75,75,75,75,75,75,75,75,75,75,75,75,75,75,75,75,75,75,75,75,75,75,75,75,75,75,75],"card_choices":[{"not_picked":["Armaments","Body Slam"],"picked":"Ghostly Armor","floor":1.0},{"not_picked":["Clash","Warcry","Headbutt"],"picked":"SKIP","floor":3.0},{"not_picked":["Thunderclap","Second Wind"],"picked":"Juggernaut","floor":7.0},{"not_picked":["Cleave","Searing Blow"],"picked":"Second Wind","floor":11.0},{"not_picked":["Wild Strike","Flex","Anger"],"picked":"SKIP","floor":13.0},{"not_picked":["Fiend Fire","Immolate"],"picked":"Barricade","floor":16.0},{"not_picked":["Sword Boomerang","Anger"],"picked":"Body Slam","floor":18.0},{"not_picked":["Flex","Warcry"],"picked":"Intimidate","floor":20.0},{"not_picked":["Flex","Perfected Strike"],"picked":"Disarm","floor":22.0},{"not_picked":["Rage","Thunderclap+1","Anger"],"picked":"SKIP","floor":24},{"not_picked":["Havoc","Sword Boomerang","Dual Wield+1"],"picked":"SKIP","floor":27},{"not_picked":["Dropkick","Metallicize"],"picked":"Feel No Pain","floor":29},{"not_picked":["Juggernaut","Double Tap"],"picked":"Reaper","floor":33},{"not_picked":["Armaments","Clash+1"],"picked":"Shrug It Off+1","floor":35},{"not_picked":["Havoc","Armaments","Dual Wield"],"picked":"SKIP","floor":38},{"not_picked":["Clash","Intimidate"],"picked":"Seeing Red","floor":39},{"not_picked":["Inflame+1","Thunderclap"],"picked":"Whirlwind","floor":40}],"player_experience":2827714,"relics_obtained":[{"floor":7.0,"key":"Regal Pillow"},{"floor":9.0,"key":"Bag of Preparation"},{"floor":11.0,"key":"War Paint"},{"floor":24,"key":"Champion Belt"},{"floor":26,"key":"Tiny Chest"},{"floor":27,"key":"Calipers"},{"floor":31,"key":"Ornamental Fan"},{"floor":36,"key":"Potion Belt"},{"floor":40,"key":"Darkstone Periapt"}],"event_choices":[{"damage_healed":0.0,"max_hp_gain":0.0,"max_hp_loss":0.0,"gold_gain":0.0,"event_name":"Upgrade Shrine","player_choice":"Upgraded","floor":2.0,"gold_loss":0.0,"damage_taken":0.0,"cards_upgraded":["Bash"]},{"damage_healed":0.0,"max_hp_gain":0.0,"max_hp_loss":0.0,"gold_gain":0.0,"event_name":"Addict","player_choice":"Obtained Relic","floor":19.0,"gold_loss":85.0,"damage_taken":0.0,"relics_obtained":["Bronze Scales"]},{"damage_healed":0.0,"max_hp_gain":0.0,"max_hp_loss":0.0,"gold_gain":0.0,"event_name":"Beggar","player_choice":"Ignored","floor":21.0,"gold_loss":0.0,"damage_taken":0.0},{"cards_removed":["Strike_R"],"damage_healed":0,"gold_gain":0,"player_choice":"Upgrade and Remove","damage_taken":0,"max_hp_gain":0,"max_hp_loss":0,"event_name":"Designer","floor":37,"gold_loss":110,"cards_upgraded":["Disarm"]}],"is_beta":false,"boss_relics":[{"not_picked":["Black Blood","Pandora\u0027s Box"],"picked":"Runic Dome"},{"not_picked":["Tiny House","Black Star"],"picked":"Lizard Tail"}],"items_purged_floors":[5,30],"is_endless":false,"potions_floor_spawned":[11,13,18,24,27,33,38,40],"killed_by":"Giant Head","ascension_level":20}