{"path_per_floor":["M","?","M","?","$","E","R","E","T","M","E","R","M","M","R","B",null,"M","?","$","?","M","E","R"],"character_chosen":"IRONCLAD","items_purchased":["Impervious"],"gold_per_floor":[119,119,135,135,60,90,90,124,124,142,169,169,181,201,201,303,303,318,318,65,65,84,113,113,113],"floor_reached":25,"campfire_rested":0,"playtime":1548,"current_hp_per_floor":[69,62,65,80,80,42,42,17,17,23,24,24,27,25,25,9,62,66,51,51,35,10,31,31,0],"items_purged":["Defend_R","Perfected Strike"],"gold":113,"score":396,"play_id":"86f7f08c-9484-4879-bdfc-164258ae9da2","local_time":"20180411143658","is_prod":false,"is_daily":false,"chose_seed":false,"is_ascension_mode":true,"campfire_upgraded":4,"timestamp":1523428618,"path_taken":["M","?","?","?","$","E","R","E","T","M","E","R","M","M","R","BOSS","M","?","$","?","M","E","R","E"],"build_version":"2018-04-10","seed_source_timestamp":1384127530747678,"purchased_purges":2,"victory":false,"master_deck":["Strike_R","Strike_R","Strike_R","Defend_R","Defend_R","Bash","AscendersBane","Metallicize+1","Disarm+1","Thunderclap","Barricade+1","Battle Trance","Inflame","Ghostly Armor","Impervious","Disarm+1","Iron Wave+1","Metallicize","Impervious","Metallicize+1","Sword Boomerang+1"],"max_hp_per_floor":[80,80,80,80,80,80,80,80,80,80,80,80,80,80,80,80,80,80,85,85,85,85,85,85,85],"relics":["Burning Blood","Lantern","Toolbox","Du-Vu Doll","Centennial Puzzle","Blue Candle","Astrolabe","Nilry\u0027s Codex","Vajra"],"card_choices":[{"not_picked":["Ghostly Armor","Carnage"],"picked":"Metallicize","floor":1},{"not_picked":["Dropkick","Iron Wave"],"picked":"Disarm","floor":3},{"not_picked":["Clothesline","Anger"],"picked":"Thunderclap","floor":6},{"not_picked":["Armaments","Iron Wave"],"picked":"Barricade","floor":8},{"not_picked":["Pommel Strike","Rupture"],"picked":"Battle Trance","floor":10},{"not_picked":["Armaments","Clothesline"],"picked":"Inflame","floor":13},{"not_picked":["Whirlwind","Havoc"],"picked":"Ghostly Armor","floor":14},{"not_picked":["Double Tap","Berserk"],"picked":"Impervious","floor":16},{"not_picked":["Clash","Anger"],"picked":"Metallicize","floor":18},{"not_picked":["Warcry","Heavy Blade"],"picked":"Metallicize","floor":22},{"not_picked":["Pommel Strike","Flame Barrier"],"picked":"Sword Boomerang","floor":23}],"player_experience":264825,"potions_floor_usage":[6,11,13,16,16,22,23,23],"damage_taken":[{"damage":9,"enemies":"Jaw Worm","floor":1,"turns":4},{"damage":3,"enemies":"Cultist","floor":3,"turns":3},{"damage":44,"enemies":"Lagavulin","floor":6,"turns":9},{"damage":31,"enemies":"Gremlin Nob","floor":8,"turns":5},{"damage":0,"enemies":"2 Louse","floor":10,"turns":2},{"damage":5,"enemies":"3 Sentries","floor":11,"turns":5},{"damage":3,"enemies":"2 Fungi Beasts","floor":13,"turns":4},{"damage":8,"enemies":"Looter","floor":14,"turns":3},{"damage":22,"enemies":"Hexaghost","floor":16,"turns":11},{"damage":2,"enemies":"Shell Parasite","floor":18,"turns":7},{"damage":31,"enemies":"2 Thieves","floor":22,"turns":5},{"damage":0,"enemies":"Book of Stabbing","floor":23,"turns":11},{"damage":44,"enemies":"Slavers","floor":25,"turns":3}],"event_choices":[{"event_name":"Scrap Ooze","player_choice":"success","floor":2,"damage_taken":7},{"event_name":"Wheel of Change","player_choice":"Full Heal","floor":4,"damage_taken":0},{"event_name":"Forgotten Altar","player_choice":"Shed Blood","floor":19,"damage_taken":0},{"event_name":"Cursed Tome","player_choice":"Obtained Book","floor":21,"damage_taken":0}],"boss_relics":[{"not_picked":["Calling Bell","Pandora\u0027s Box"],"picked":"Astrolabe"}],"potions_floor_spawned":[1,3,10,13,14,16,18,22],"seed_played":"2793308127553643229","killed_by":"Slavers","ascension_level":10,"is_trial":false}