{"gold_per_floor":[116,116,116,130,130,155,166,191,218,218,229,229,256,256,256,329,329,346,616,630,648,2,37,37,72,97,125,25,25,44,59,59,132,132,149,169,44,64,64,64,95,195,221,554,554,565,584,600,600,600,600,600,600,2,36,36],"floor_reached":56,"playtime":3027,"items_purged":["Strike_R","Strike_R","Strike_R"],"score":2270,"play_id":"c84fa974-b11e-49bf-b06b-042b5c56988e","local_time":"20190313172042","is_ascension_mode":true,"campfire_choices":[{"data":"Whirlwind","floor":10.0,"key":"SMITH"},{"data":"Shockwave","floor":12.0,"key":"SMITH"},{"data":"Metallicize","floor":15.0,"key":"SMITH"},{"floor":24.0,"key":"DIG"},{"floor":29.0,"key":"DIG"},{"floor":32.0,"key":"DIG"},{"floor":40.0,"key":"DIG"},{"floor":45.0,"key":"DIG"},{"floor":49.0,"key":"RECALL"},{"floor":53.0,"key":"DIG"}],"neow_cost":"NONE","seed_source_timestamp":368346386844500,"circlet_count":0,"master_deck":["AscendersBane","Strike_R","Strike_R","Defend_R","Defend_R+1","Defend_R","Defend_R","Bash","Whirlwind+1","Shockwave+1","Shrug It Off+1","Metallicize+1","Reaper","Ghostly Armor","Carnage+1","Juggernaut","Armaments","Sentinel","Demon Form","Heavy Blade+1","Armaments+1","Apotheosis","Discovery","Panacea","Shrug It Off+1","Heavy Blade"],"special_seed":0,"relics":["Burning Blood","NeowsBlessing","Boot","Vajra","Mercury Hourglass","Meat on the Bone","PreservedInsect","Anchor","Snecko Eye","Medical Kit","Ancient Tea Set","Tiny Chest","Shovel","Mango","War Paint","Centennial Puzzle","Potion Belt","Gremlin Horn","Bronze Scales","Philosopher\u0027s Stone","Omamori","Bag of Preparation","Thread and Needle","Old Coin","Gambling Chip","Pantograph","Oddly Smooth Stone","Strawberry","Strange Spoon","Art of War"],"potions_floor_usage":[56,56,56,56],"damage_taken":[{"damage":0.0,"enemies":"2 Louse","floor":1.0,"turns":1.0},{"damage":0.0,"enemies":"Small Slimes","floor":4.0,"turns":1.0},{"damage":0.0,"enemies":"Gremlin Nob","floor":6.0,"turns":1.0},{"damage":0.0,"enemies":"Cultist","floor":7.0,"turns":3.0},{"damage":33.0,"enemies":"Lagavulin","floor":8.0,"turns":8.0},{"damage":4.0,"enemies":"Large Slime","floor":11.0,"turns":6.0},{"damage":0.0,"enemies":"3 Sentries","floor":13.0,"turns":2.0},{"damage":33.0,"enemies":"The Guardian","floor":16.0,"turns":18.0},{"damage":19.0,"enemies":"Spheric Guardian","floor":18.0,"turns":5.0},{"damage":12.0,"enemies":"2 Thieves","floor":20.0,"turns":3.0},{"damage":19.0,"enemies":"Sentry and Sphere","floor":21.0,"turns":5.0},{"damage":0.0,"enemies":"Gremlin Leader","floor":23.0,"turns":4.0},{"damage":5.0,"enemies":"Book of Stabbing","floor":25.0,"turns":3.0},{"damage":4.0,"enemies":"Slavers","floor":27.0,"turns":2.0},{"damage":6.0,"enemies":"Centurion and Healer","floor":30.0,"turns":4.0},{"damage":8.0,"enemies":"Snake Plant","floor":31.0,"turns":4.0},{"damage":80.0,"enemies":"Champ","floor":33.0,"turns":10.0},{"damage":0.0,"enemies":"Orb Walker","floor":35.0,"turns":3.0},{"damage":0.0,"enemies":"3 Shapes","floor":36.0,"turns":3.0},{"damage":0.0,"enemies":"Sphere and 2 Shapes","floor":38.0,"turns":3.0},{"damage":40.0,"enemies":"Reptomancer","floor":41.0,"turns":5.0},{"damage":2.0,"enemies":"Mind Bloom Boss Battle","floor":42.0,"turns":7.0},{"damage":0.0,"enemies":"Nemesis","floor":44.0,"turns":7.0},{"damage":14.0,"enemies":"Jaw Worm Horde","floor":46.0,"turns":3.0},{"damage":19.0,"enemies":"Spire Growth","floor":47.0,"turns":4.0},{"damage":0.0,"enemies":"Transient","floor":48.0,"turns":6.0},{"damage":58.0,"enemies":"Awakened One","floor":50.0,"turns":13.0},{"damage":22.0,"enemies":"Donu and Deca","floor":51.0,"turns":9.0},{"damage":60.0,"enemies":"Shield and Spear","floor":55.0,"turns":6.0},{"damage":84,"enemies":"The Heart","floor":56,"turns":8}],"seed_played":"2094822138382394949","potions_obtained":[{"floor":1.0,"key":"Block Potion"},{"floor":7.0,"key":"BloodPotion"},{"floor":11.0,"key":"Fruit Juice"},{"floor":13.0,"key":"Ancient Potion"},{"floor":25.0,"key":"Block Potion"},{"floor":27.0,"key":"Swift Potion"},{"floor":31.0,"key":"AttackPotion"},{"floor":33.0,"key":"SkillPotion"},{"floor":35.0,"key":"Weak Potion"},{"floor":46.0,"key":"AttackPotion"},{"floor":47.0,"key":"Poison Potion"}],"is_trial":false,"path_per_floor":["M","?","?","M","?","E","M","E","T","R","M","R","E","?","R","B",null,"M","?","M","M","$","E","R","E","T","E","$","R","M","M","R","B",null,"M","M","$","M","?","R","E","?","T","E","R","M","M","M","R","B","B",null,"R","$","E","B"],"character_chosen":"IRONCLAD","items_purchased":["Medical Kit","Ancient Tea Set","Tiny Chest","AttackPotion","Oddly Smooth Stone","Strawberry","Strange Spoon","Dexterity Potion"],"campfire_rested":0,"item_purchase_floors":[22,22,22,22,54,54,54,54],"current_hp_per_floor":[74,74,56,62,62,68,74,54,54,54,61,61,67,67,67,52,73,60,28,48,47,47,53,67,75,75,90,90,90,94,94,94,37,80,93,94,94,94,84,84,60,94,94,94,94,94,94,94,94,94,94,94,94,101,59,21],"gold":36,"neow_bonus":"THREE_ENEMY_KILL","is_prod":false,"is_daily":false,"chose_seed":false,"campfire_upgraded":3,"win_rate":0,"timestamp":1552465242,"path_taken":["M","?","?","M","?","E","M","E","T","R","M","R","E","?","R","BOSS","M","?","?","M","$","E","R","E","T","E","$","R","M","M","R","BOSS","M","M","$","M","?","R","E","?","T","E","R","?","M","?","R","BOSS","BOSS","R","$","E","BOSS"],"build_version":"2019-01-23","purchased_purges":3,"victory":false,"max_hp_per_floor":[75,75,75,75,75,75,75,75,75,75,80,80,80,80,80,80,80,80,80,80,80,80,80,94,94,94,94,94,94,94,94,94,94,94,94,94,94,94,94,94,94,94,94,94,94,94,94,94,94,94,94,94,94,101,101,101],"card_choices":[{"not_picked":["Pummel","Cleave"],"picked":"Whirlwind","floor":1.0},{"not_picked":["Whirlwind","Havoc","Perfected Strike"],"picked":"SKIP","floor":4.0},{"not_picked":["Iron Wave","Sword Boomerang"],"picked":"Shockwave","floor":6.0},{"not_picked":["Armaments","Flex"],"picked":"Shrug It Off","floor":7.0},{"not_picked":["Thunderclap","Brutality"],"picked":"Metallicize","floor":8.0},{"not_picked":["Iron Wave","Perfected Strike","Heavy Blade"],"picked":"SKIP","floor":11.0},{"not_picked":["Blood for Blood","Iron Wave","Cleave"],"picked":"SKIP","floor":13.0},{"not_picked":["Dark Embrace","Brutality"],"picked":"Reaper","floor":16.0},{"not_picked":["Combust","Body Slam"],"picked":"Ghostly Armor","floor":18.0},{"not_picked":["Cleave","Dropkick"],"picked":"Carnage+1","floor":20.0},{"not_picked":["Shrug It Off","Cleave","Rupture+1"],"picked":"SKIP","floor":21.0},{"not_picked":["Hemokinesis","Body Slam"],"picked":"Juggernaut","floor":23.0},{"not_picked":["Perfected Strike","Warcry","Bloodletting"],"picked":"SKIP","floor":25.0},{"not_picked":["Heavy Blade","Havoc","Berserk"],"picked":"SKIP","floor":27.0},{"not_picked":["Clothesline","Flex"],"picked":"Armaments","floor":30.0},{"not_picked":["Clash","Headbutt"],"picked":"Sentinel","floor":31.0},{"not_picked":["Dark Embrace","Offering"],"picked":"Demon Form","floor":33.0},{"not_picked":["Cleave","Intimidate"],"picked":"Heavy Blade+1","floor":35.0},{"not_picked":["Thunderclap","Clash+1"],"picked":"Armaments+1","floor":36.0},{"not_picked":["Heavy Blade","Carnage","Flex"],"picked":"SKIP","floor":38.0},{"not_picked":["Enlightenment","Madness"],"picked":"Apotheosis","floor":39.0},{"not_picked":["Impatience","Purity"],"picked":"Discovery","floor":39.0},{"not_picked":["Finesse","Violence"],"picked":"Panacea","floor":39.0},{"not_picked":["Flex","Blood for Blood","Body Slam+1"],"picked":"SKIP","floor":41.0},{"not_picked":["Rupture","Havoc+1"],"picked":"Shrug It Off+1","floor":42.0},{"not_picked":["Rage+1","Heavy Blade","Flex"],"picked":"SKIP","floor":44.0},{"not_picked":["Blood for Blood","Pommel Strike+1","Juggernaut"],"picked":"SKIP","floor":46.0},{"not_picked":["Rampage","Havoc","Thunderclap"],"picked":"SKIP","floor":47.0},{"not_picked":["Headbutt","Blood for Blood+1","Inflame"],"picked":"SKIP","floor":48.0},{"not_picked":["Warcry","Bloodletting"],"picked":"Heavy Blade","floor":55.0}],"player_experience":2234669,"relics_obtained":[{"floor":6.0,"key":"Mercury Hourglass"},{"floor":8.0,"key":"Meat on the Bone"},{"floor":9.0,"key":"PreservedInsect"},{"floor":13.0,"key":"Anchor"},{"floor":23.0,"key":"Shovel"},{"floor":24.0,"key":"Mango"},{"floor":25.0,"key":"War Paint"},{"floor":26.0,"key":"Centennial Puzzle"},{"floor":27.0,"key":"Potion Belt"},{"floor":29.0,"key":"Gremlin Horn"},{"floor":32.0,"key":"Bronze Scales"},{"floor":40.0,"key":"Omamori"},{"floor":41.0,"key":"Bag of Preparation"},{"floor":42.0,"key":"Thread and Needle"},{"floor":44.0,"key":"Old Coin"},{"floor":45.0,"key":"Gambling Chip"},{"floor":53.0,"key":"Pantograph"},{"floor":55.0,"key":"Art of War"}],"event_choices":[{"damage_healed":0.0,"max_hp_gain":0.0,"max_hp_loss":0.0,"gold_gain":0.0,"event_name":"Big Fish","player_choice":"Box","floor":2.0,"gold_loss":0.0,"damage_taken":0.0,"relics_obtained":["Boot"],"cards_obtained":["Regret"]},{"damage_healed":0.0,"max_hp_gain":0.0,"max_hp_loss":0.0,"gold_gain":0.0,"event_name":"Scrap Ooze","player_choice":"Success","floor":3.0,"gold_loss":0.0,"damage_taken":18.0,"relics_obtained":["Vajra"]},{"cards_removed":["Regret"],"damage_healed":0.0,"max_hp_gain":0.0,"max_hp_loss":0.0,"gold_gain":0.0,"event_name":"Living Wall","player_choice":"Forget","floor":5.0,"gold_loss":0.0,"damage_taken":0.0},{"damage_healed":0.0,"max_hp_gain":0.0,"max_hp_loss":0.0,"gold_gain":0.0,"event_name":"Liars Game","player_choice":"Ignored","floor":14.0,"gold_loss":0.0,"damage_taken":0.0},{"damage_healed":0.0,"max_hp_gain":0.0,"max_hp_loss":0.0,"gold_gain":270.0,"event_name":"Knowing Skull","player_choice":"GOLD GOLD GOLD ","floor":19.0,"potions_obtained":[],"gold_loss":0.0,"damage_taken":32.0,"cards_obtained":[]},{"damage_healed":0.0,"max_hp_gain":0.0,"max_hp_loss":0.0,"gold_gain":0.0,"event_name":"SensoryStone","player_choice":"Memory 3","floor":39.0,"gold_loss":0.0,"damage_taken":10.0},{"damage_healed":0.0,"max_hp_gain":0.0,"max_hp_loss":0.0,"gold_gain":0.0,"event_name":"MindBloom","player_choice":"Fight","floor":42.0,"gold_loss":0.0,"damage_taken":0.0}],"is_beta":false,"boss_relics":[{"not_picked":["Pandora\u0027s Box","Empty Cage"],"picked":"Snecko Eye"},{"not_picked":["Tiny House","Velvet Choker"],"picked":"Philosopher\u0027s Stone"}],"items_purged_floors":[22,28,37],"is_endless":false,"potions_floor_spawned":[1,7,11,13,23,25,27,31,33,35,46,47],"killed_by":"The Heart","ascension_level":20}