{"gold_per_floor":[112,262,537,556,97,97,124,124,147,177,193,225,236,295,295,372,372,385,193,373,392,417,417,442,461,461,376,376,376,406,406,406,480,480,500,500,500,95,108,108,208,240,252,293,31,57,57,2,2,2,2,2,2,2,34,34],"floor_reached":56,"playtime":3719,"items_purged":["Doubt","Strike_R","Defend_R"],"score":2616,"play_id":"3fa1a25c-416e-4eef-8181-2a1286175755","local_time":"20190326213704","is_ascension_mode":true,"campfire_choices":[{"data":"Armaments","floor":6.0,"key":"SMITH"},{"data":"Carnage","floor":8.0,"key":"SMITH"},{"data":"Shockwave","floor":15.0,"key":"SMITH"},{"data":"Barricade","floor":23.0,"key":"SMITH"},{"data":"Entrench","floor":29.0,"key":"SMITH"},{"data":"True Grit","floor":32.0,"key":"SMITH"},{"data":"Enlightenment","floor":40.0,"key":"SMITH"},{"data":"True Grit","floor":47.0,"key":"SMITH"},{"floor":49.0,"key":"RECALL"},{"data":"Bash","floor":53.0,"key":"SMITH"}],"neow_cost":"NONE","seed_source_timestamp":178405453446000,"circlet_count":0,"master_deck":["AscendersBane","Defend_R","Defend_R","Defend_R","Bash+1","Armaments+1","Carnage+1","Reaper","Shockwave+1","Entrench+1","Shrug It Off","Barricade+1","True Grit+1","Enlightenment+1","Seeing Red","Shrug It Off","Ghostly","Ghostly","Ghostly","Pommel Strike+1","Impervious+1","Pommel Strike+1","Madness","Impatience","Feed","Sentinel+1","True Grit+1","Headbutt+1"],"special_seed":0,"relics":["Burning Blood","NeowsBlessing","Ancient Tea Set","Anchor","Kunai","Bag of Preparation","Bronze Scales","Blood Vial","Happy Flower","Empty Cage","Regal Pillow","Pen Nib","Bag of Marbles","Pocketwatch","Astrolabe","Potion Belt","Champion Belt","MawBank","StoneCalendar","Smiling Mask","TheAbacus","Pear","Paper Frog"],"potions_floor_usage":[56],"damage_taken":[{"damage":0.0,"enemies":"2 Louse","floor":1.0,"turns":1.0},{"damage":0.0,"enemies":"Small Slimes","floor":4.0,"turns":1.0},{"damage":2.0,"enemies":"3 Sentries","floor":7.0,"turns":2.0},{"damage":48.0,"enemies":"Lagavulin","floor":10.0,"turns":6.0},{"damage":6.0,"enemies":"Cultist","floor":11.0,"turns":3.0},{"damage":10.0,"enemies":"Gremlin Nob","floor":12.0,"turns":3.0},{"damage":9.0,"enemies":"2 Fungi Beasts","floor":13.0,"turns":4.0},{"damage":13.0,"enemies":"Gremlin Nob","floor":14.0,"turns":3.0},{"damage":30.0,"enemies":"The Guardian","floor":16.0,"turns":10.0},{"damage":0.0,"enemies":"3 Byrds","floor":18.0,"turns":3.0},{"damage":0.0,"enemies":"Chosen","floor":21.0,"turns":5.0},{"damage":50.0,"enemies":"Book of Stabbing","floor":24.0,"turns":6.0},{"damage":8.0,"enemies":"Shelled Parasite and Fungi","floor":25.0,"turns":5.0},{"damage":0.0,"enemies":"Slavers","floor":30.0,"turns":9.0},{"damage":0.0,"enemies":"Collector","floor":33.0,"turns":29.0},{"damage":0.0,"enemies":"3 Shapes","floor":35.0,"turns":6.0},{"damage":0.0,"enemies":"Orb Walker","floor":39.0,"turns":7.0},{"damage":0.0,"enemies":"Mind Bloom Boss Battle","floor":41.0,"turns":11.0},{"damage":0.0,"enemies":"Reptomancer","floor":42.0,"turns":12.0},{"damage":0.0,"enemies":"Giant Head","floor":44.0,"turns":24.0},{"damage":0.0,"enemies":"Nemesis","floor":46.0,"turns":21.0},{"damage":0.0,"enemies":"Time Eater","floor":50.0,"turns":20.0},{"damage":0.0,"enemies":"Awakened One","floor":51.0,"turns":25.0},{"damage":2.0,"enemies":"Shield and Spear","floor":55.0,"turns":33.0},{"damage":126,"enemies":"The Heart","floor":56,"turns":18}],"seed_played":"-6230451927461075782","potions_obtained":[{"floor":4.0,"key":"SteroidPotion"},{"floor":13.0,"key":"GamblersBrew"},{"floor":16.0,"key":"EntropicBrew"},{"floor":18.0,"key":"Poison Potion"},{"floor":25.0,"key":"Fire Potion"},{"floor":39.0,"key":"Fire Potion"},{"floor":42.0,"key":"EssenceOfSteel"}],"is_trial":false,"path_per_floor":["M","?","?","M","$","R","E","R","T","E","M","E","M","?","R","B",null,"M","$","?","M","T","R","E","M","T","?","?","R","E","?","R","B",null,"M","?","?","$","M","R","?","E","T","E","$","E","R","$","R","B","B",null,"R","$","E","B"],"character_chosen":"IRONCLAD","items_purchased":["Ancient Tea Set","Anchor","AttackPotion","Enlightenment","Potion Belt","SpeedPotion","SkillPotion","True Grit","TheAbacus","PowerPotion"],"campfire_rested":0,"item_purchase_floors":[5,5,5,19,38,38,38,45,45,48],"current_hp_per_floor":[74,74,74,75,75,75,75,75,75,33,33,29,38,33,33,24,62,70,70,49,57,57,57,21,27,27,27,27,27,35,35,35,37,37,37,37,27,27,37,37,37,37,37,41,41,51,51,51,51,55,58,58,58,58,62,0],"gold":34,"neow_bonus":"THREE_ENEMY_KILL","is_prod":false,"is_daily":false,"chose_seed":false,"campfire_upgraded":9,"win_rate":0,"timestamp":1553603824,"path_taken":["M","?","?","M","$","R","E","R","T","E","M","E","?","?","R","BOSS","M","$","?","?","?","R","E","M","T","?","?","R","E","?","R","BOSS","M","?","?","?","M","R","?","E","T","E","$","E","R","?","R","BOSS","BOSS","R","$","E","BOSS"],"build_version":"2019-01-23","purchased_purges":3,"victory":false,"max_hp_per_floor":[75,75,75,75,75,75,75,75,75,75,75,75,75,75,75,75,75,75,75,75,75,75,75,75,75,75,75,37,37,37,37,37,37,37,37,37,37,37,37,37,37,37,37,41,41,51,51,51,51,55,58,58,58,58,62,62],"card_choices":[{"not_picked":["Uppercut","Clothesline"],"picked":"Armaments","floor":1.0},{"not_picked":["Hemokinesis","Clash","Corruption"],"picked":"SKIP","floor":4.0},{"not_picked":["Limit Break","Dropkick"],"picked":"Carnage","floor":7.0},{"not_picked":["Heavy Blade","Havoc","Sword Boomerang"],"picked":"SKIP","floor":10.0},{"not_picked":["Iron Wave","Anger"],"picked":"Reaper","floor":11.0},{"not_picked":["Dropkick","Cleave"],"picked":"Shockwave","floor":12.0},{"not_picked":["Cleave","Anger"],"picked":"Entrench","floor":13.0},{"not_picked":["Perfected Strike","Body Slam"],"picked":"Shrug It Off","floor":14.0},{"not_picked":["Feed","Immolate"],"picked":"Barricade","floor":16.0},{"not_picked":["Pommel Strike","Rage"],"picked":"True Grit","floor":18.0},{"not_picked":["Fire Breathing","Ghostly Armor"],"picked":"Seeing Red","floor":21.0},{"not_picked":["Sentinel","Double Tap","Clothesline+1"],"picked":"SKIP","floor":24.0},{"not_picked":["Shockwave","Clothesline"],"picked":"Shrug It Off","floor":25.0},{"not_picked":["Spot Weakness","Sword Boomerang+1","Double Tap"],"picked":"SKIP","floor":30.0},{"not_picked":["Flex","Thunderclap","Perfected Strike+1"],"picked":"SKIP","floor":35.0},{"not_picked":["Mind Blast","Bandage Up"],"picked":"Madness","floor":37.0},{"not_picked":["Flash of Steel","Swift Strike"],"picked":"Impatience","floor":37.0},{"not_picked":["Warcry","Hemokinesis","Heavy Blade+1"],"picked":"SKIP","floor":39.0},{"not_picked":["Infernal Blade+1","Clash"],"picked":"Feed","floor":42.0},{"not_picked":["Pommel Strike+1","Shrug It Off+1"],"picked":"Sentinel+1","floor":44.0},{"not_picked":["Infernal Blade","Wild Strike"],"picked":"Headbutt+1","floor":46.0},{"not_picked":["Perfected Strike+1","Havoc","Thunderclap"],"picked":"SKIP","floor":55.0}],"player_experience":2613359,"relics_obtained":[{"floor":7.0,"key":"Kunai"},{"floor":9.0,"key":"Bag of Preparation"},{"floor":10.0,"key":"Bronze Scales"},{"floor":12.0,"key":"Blood Vial"},{"floor":14.0,"key":"Happy Flower"},{"floor":22.0,"key":"Regal Pillow"},{"floor":24.0,"key":"Pen Nib"},{"floor":30.0,"key":"Pocketwatch"},{"floor":41.0,"key":"Champion Belt"},{"floor":42.0,"key":"MawBank"},{"floor":43.0,"key":"StoneCalendar"},{"floor":44.0,"key":"Smiling Mask"},{"floor":46.0,"key":"Pear"},{"floor":55.0,"key":"Paper Frog"}],"event_choices":[{"damage_healed":0.0,"max_hp_gain":0.0,"max_hp_loss":0.0,"gold_gain":150.0,"event_name":"Liars Game","player_choice":"AGREE","floor":2.0,"gold_loss":0.0,"damage_taken":0.0,"cards_obtained":["Doubt"]},{"damage_healed":0.0,"max_hp_gain":0.0,"max_hp_loss":0.0,"gold_gain":275.0,"event_name":"Golden Shrine","player_choice":"Desecrate","floor":3.0,"gold_loss":0.0,"damage_taken":0.0,"cards_obtained":["Regret"]},{"damage_healed":0.0,"max_hp_gain":0.0,"max_hp_loss":0.0,"gold_gain":30.0,"event_name":"Dead Adventurer","player_choice":"Searched \u00273\u0027 times","floor":14.0,"gold_loss":0.0,"damage_taken":0.0},{"damage_healed":0.0,"max_hp_gain":0.0,"max_hp_loss":0.0,"gold_gain":180.0,"event_name":"Knowing Skull","player_choice":"GOLD GOLD ","floor":20.0,"potions_obtained":[],"gold_loss":0.0,"damage_taken":21.0,"cards_obtained":[]},{"damage_healed":0.0,"max_hp_gain":0.0,"max_hp_loss":0.0,"gold_gain":0.0,"event_name":"Addict","player_choice":"Obtained Relic","floor":27.0,"gold_loss":85.0,"damage_taken":0.0,"relics_obtained":["Bag of Marbles"]},{"damage_healed":0.0,"max_hp_gain":0.0,"max_hp_loss":38.0,"gold_gain":0.0,"event_name":"Ghosts","player_choice":"Became a Ghost","floor":28.0,"gold_loss":0.0,"damage_taken":0.0,"cards_obtained":["Ghostly","Ghostly","Ghostly"]},{"damage_healed":0.0,"max_hp_gain":0.0,"max_hp_loss":0.0,"gold_gain":0.0,"event_name":"The Mausoleum","player_choice":"Ignored","floor":31.0,"gold_loss":0.0,"damage_taken":0.0},{"damage_healed":0.0,"max_hp_gain":0.0,"max_hp_loss":0.0,"gold_gain":0.0,"event_name":"Mysterious Sphere","player_choice":"Ignored","floor":36.0,"gold_loss":0.0,"damage_taken":0.0},{"damage_healed":0.0,"max_hp_gain":0.0,"max_hp_loss":0.0,"gold_gain":0.0,"event_name":"SensoryStone","player_choice":"Memory 3","floor":37.0,"gold_loss":0.0,"damage_taken":10.0},{"damage_healed":0.0,"max_hp_gain":0.0,"max_hp_loss":0.0,"gold_gain":0.0,"event_name":"MindBloom","player_choice":"Fight","floor":41.0,"gold_loss":0.0,"damage_taken":0.0}],"is_beta":false,"boss_relics":[{"not_picked":["Cursed Key","Eternal Feather"],"picked":"Empty Cage"},{"not_picked":["Busted Crown","Black Blood"],"picked":"Astrolabe"}],"items_purged_floors":[5,19,38],"is_endless":false,"potions_floor_spawned":[4,10,13,16,18,25,39,42],"killed_by":"The Heart","ascension_level":20}