{"path_per_floor":["M","?","M","M","$","R","E","R","T","M","M","E","R","$","R","B",null,"M","M","?","?","$","?","M","?","T","R","M","$","M","?","R"],"character_chosen":"IRONCLAD","items_purchased":["Happy Flower","True Grit","Explosive Potion","Finesse","Armaments","Block Potion"],"gold_per_floor":[119,194,209,226,34,34,66,66,91,108,125,160,160,111,111,206,206,217,206,206,206,3,3,21,21,21,21,38,38,50,50,50],"floor_reached":33,"campfire_rested":5,"playtime":2407,"current_hp_per_floor":[65,54,50,56,56,80,57,80,80,43,57,50,87,87,87,38,87,87,82,82,67,67,67,71,71,71,92,54,54,54,54,92],"items_purged":[],"gold":50,"play_id":"f9957337-6686-48c5-82ca-efd318b090a6","is_prod":false,"is_daily":false,"is_ascension_mode":false,"campfire_upgraded":1,"path_taken":["M","?","M","M","$","R","E","R","T","M","M","E","R","?","R","BOSS","M","M","?","?","?","?","M","?","T","R","M","$","?","?","R","BOSS"],"build_version":"2018-02-01-PROD3","purchased_purges":0,"victory":false,"master_deck":["Strike_R+1","Strike_R+1","Strike_R+1","Strike_R+1","Strike_R+1","Defend_R+1","Defend_R+1","Defend_R+1","Defend_R+1","Bash","Injury","Blood for Blood","Anger","Feel No Pain","True Grit","Infernal Blade+1","Shrug It Off","Pummel","Double Tap","Reaper","Cleave","Body Slam","Metallicize","Finesse","Armaments","Headbutt+1","Injury","Sword Boomerang+1","Armaments"],"max_hp_per_floor":[80,80,80,80,80,80,80,80,80,80,80,87,87,87,87,87,87,87,87,87,92,92,92,92,92,92,92,92,92,92,92,92],"relics":["Burning Blood","Calipers","Happy Flower","Regal Pillow","Strawberry","Cursed Key","Nloth\u0027s Gift","Ginger"],"card_choices":[{"not_picked":["Flex","Heavy Blade"],"picked":"Blood for Blood"},{"not_picked":["Havoc","Shockwave"],"picked":"Anger"},{"not_picked":["Exhume","Clash"],"picked":"Feel No Pain"},{"not_picked":["Feed","Flex"],"picked":"Infernal Blade"},{"not_picked":["Dual Wield","Infernal Blade"],"picked":"Shrug It Off"},{"not_picked":["Anger","Perfected Strike"],"picked":"Pummel"},{"not_picked":["Cleave","Clash"],"picked":"Double Tap"},{"not_picked":["Feed","Fiend Fire"],"picked":"Reaper"},{"not_picked":["Reckless Charge","Blood for Blood"],"picked":"Cleave"},{"not_picked":["Anger","Metallicize"],"picked":"Body Slam"},{"not_picked":["Wild Strike","Twin Strike"],"picked":"Headbutt"},{"not_picked":["Shrug It Off","Wild Strike"],"picked":"Sword Boomerang"},{"not_picked":["Uppercut","Infernal Blade"],"picked":"Armaments"}],"player_experience":60862,"potions_floor_usage":[30],"damage_taken":[{"damage":21.0,"enemies":"Jaw Worm","floor":1.0,"turns":4.0},{"damage":10.0,"enemies":"Small Slimes","floor":3.0,"turns":5.0},{"damage":0.0,"enemies":"2 Louse","floor":4.0,"turns":3.0},{"damage":29.0,"enemies":"Gremlin Nob","floor":7.0,"turns":5.0},{"damage":43.0,"enemies":"Exordium Thugs","floor":10.0,"turns":5.0},{"damage":0.0,"enemies":"Large Slime","floor":11.0,"turns":7.0},{"damage":20.0,"enemies":"3 Sentries","floor":12.0,"turns":10.0},{"damage":55.0,"enemies":"Slime Boss","floor":16.0,"turns":13.0},{"damage":6.0,"enemies":"Shell Parasite","floor":18.0,"turns":5.0},{"damage":15.0,"enemies":"2 Thieves","floor":19.0,"turns":4.0},{"damage":2.0,"enemies":"Snecko","floor":24.0,"turns":5.0},{"damage":44,"enemies":"Snake Plant","floor":28,"turns":3},{"damage":6,"enemies":"Sentry and Sphere","floor":30,"turns":5},{"damage":132,"enemies":"Automaton","floor":33,"turns":12}],"event_choices":[{"event_name":"World of Goop","player_choice":"Gather Gold","floor":2.0,"damage_taken":0.0},{"event_name":"The Library","player_choice":"Read","floor":20.0,"damage_taken":0.0},{"event_name":"Forgotten Altar","player_choice":"Shed Blood","floor":21.0,"damage_taken":0.0},{"event_name":"N\u0027loth","player_choice":"Traded a Juzu Bracelet","floor":23.0,"damage_taken":0.0},{"event_name":"Back to Basics","player_choice":"Simplicity","floor":25.0,"damage_taken":0.0},{"event_name":"Addict","player_choice":"Ignored","floor":31,"damage_taken":0}],"boss_relics":[],"potions_floor_spawned":[1,11,12,19,28],"seed_played":"3553834904647986890","killed_by":"Automaton","ascension_level":0,"is_trial":false}