{"gold_per_floor":[110,123,138,35,35,35,64,80,128,145,174,189,114,128,128,207,207,219,269,286,286,296,307,307,307,307,324,11,25,25,57,57,130,130,147,165,165,165,165,198,198,224,249,249,249,267,367,399,399,399,399,399,399,5,34,34],"floor_reached":57,"playtime":3027,"items_purged":["Strike_B","Hello World"],"score":2794,"play_id":"dc5968c6-1b5a-4e43-9d3f-8169d5c943f1","local_time":"20190407130854","is_ascension_mode":true,"campfire_choices":[{"data":"Blizzard","floor":6,"key":"SMITH"},{"data":"Defragment","floor":15,"key":"SMITH"},{"data":"Consume","floor":25,"key":"SMITH"},{"floor":30,"key":"REST"},{"data":"Chill","floor":32,"key":"SMITH"},{"floor":41,"key":"REST"},{"floor":44,"key":"RECALL"},{"data":"Blizzard","floor":49,"key":"SMITH"},{"data":"Seek","floor":53,"key":"SMITH"}],"neow_cost":"NONE","seed_source_timestamp":37618664803500,"circlet_count":0,"master_deck":["AscendersBane","Zap","Dualcast","Glacier","Blizzard+1","Ball Lightning","Cold Snap","Cold Snap","Defragment+1","Undo","Seek+1","Coolheaded","Electrodynamics","Chill","Conserve Battery","Redo","Lockon","Electrodynamics","Self Repair","Consume+1","Defragment+1","Chill+1","Hologram","Coolheaded+1","Coolheaded+1","Echo Form","Madness+1","Madness+1","Coolheaded+1","Skim+1","Blizzard+1","Self Repair","Loop"],"relics":["Cracked Core","NeowsBlessing","Symbiotic Virus","Potion Belt","War Paint","Pandora\u0027s Box","Toxic Egg 2","ClockworkSouvenir","The Courier","Busted Crown","Pen Nib","Kunai","Bag of Preparation","StoneCalendar","Medical Kit","Lantern","DataDisk"],"potions_floor_usage":[11,16,22,31,36,40,51,56,56,56,56],"damage_taken":[{"damage":0,"enemies":"Cultist","floor":1,"turns":1},{"damage":0,"enemies":"2 Louse","floor":2,"turns":1},{"damage":0,"enemies":"Jaw Worm","floor":3,"turns":1},{"damage":10,"enemies":"3 Sentries","floor":7,"turns":8},{"damage":0,"enemies":"2 Fungi Beasts","floor":8,"turns":4},{"damage":12,"enemies":"Lots of Slimes","floor":10,"turns":3},{"damage":8,"enemies":"Gremlin Nob","floor":11,"turns":3},{"damage":2,"enemies":"Exordium Wildlife","floor":12,"turns":4},{"damage":2,"enemies":"Looter","floor":14,"turns":3},{"damage":8,"enemies":"Hexaghost","floor":16,"turns":15},{"damage":3,"enemies":"3 Byrds","floor":18,"turns":4},{"damage":1,"enemies":"Chosen","floor":20,"turns":5},{"damage":13,"enemies":"Snake Plant","floor":22,"turns":3},{"damage":0,"enemies":"Centurion and Healer","floor":23,"turns":6},{"damage":20,"enemies":"Cultist and Chosen","floor":27,"turns":7},{"damage":20,"enemies":"Snake Plant","floor":29,"turns":5},{"damage":7,"enemies":"Book of Stabbing","floor":31,"turns":9},{"damage":31,"enemies":"Champ","floor":33,"turns":30},{"damage":9,"enemies":"3 Shapes","floor":35,"turns":3},{"damage":0,"enemies":"3 Darklings","floor":36,"turns":3},{"damage":15,"enemies":"Reptomancer","floor":40,"turns":6},{"damage":15,"enemies":"Giant Head","floor":42,"turns":12},{"damage":0,"enemies":"4 Shapes","floor":46,"turns":5},{"damage":12,"enemies":"Mind Bloom Boss Battle","floor":47,"turns":7},{"damage":16,"enemies":"Reptomancer","floor":48,"turns":6},{"damage":21,"enemies":"Donu and Deca","floor":50,"turns":7},{"damage":23,"enemies":"Awakened One","floor":51,"turns":11},{"damage":0,"enemies":"Shield and Spear","floor":55,"turns":5},{"damage":21,"enemies":"The Heart","floor":56,"turns":14}],"seed_played":"6986558199484309502","potions_obtained":[{"floor":1,"key":"Swift Potion"},{"floor":2,"key":"Weak Potion"},{"floor":10,"key":"FocusPotion"},{"floor":16,"key":"FearPotion"},{"floor":20,"key":"AttackPotion"},{"floor":27,"key":"Ancient Potion"},{"floor":33,"key":"Energy Potion"},{"floor":35,"key":"PowerPotion"},{"floor":36,"key":"AttackPotion"},{"floor":47,"key":"GamblersBrew"}],"is_trial":false,"path_per_floor":["M","M","M","$","?","R","E","M","T","M","E","M","?","M","R","B",null,"M","?","M","?","M","M","T","R","T","M","$","M","R","E","R","B",null,"M","M","?","$","?","E","R","E","T","R","?","M","?","E","R","B","B",null,"R","$","E","B",null],"character_chosen":"DEFECT","items_purchased":["Cold Snap","ClockworkSouvenir","Medical Kit","Lantern","Self Repair","GamblersBrew"],"campfire_rested":2,"item_purchase_floors":[4,28,54,54,54,54],"current_hp_per_floor":[64,64,64,64,64,64,54,54,54,42,34,32,32,30,30,22,59,56,56,62,62,56,63,63,63,63,50,50,37,58,58,58,34,62,67,71,71,71,58,50,71,63,63,63,63,63,58,42,42,28,19,58,58,58,71,71],"gold":34,"neow_bonus":"THREE_ENEMY_KILL","is_prod":false,"is_daily":false,"chose_seed":false,"campfire_upgraded":6,"win_rate":0,"timestamp":1554610134,"path_taken":["M","?","M","$","?","R","E","M","T","M","E","M","?","M","R","BOSS","M","?","M","?","M","?","?","R","T","M","$","M","R","E","R","BOSS","M","M","?","$","?","E","R","E","T","R","?","?","?","E","R","BOSS","BOSS","R","$","E","BOSS"],"build_version":"2019-01-23","purchased_purges":2,"victory":true,"max_hp_per_floor":[71,71,71,71,71,71,71,71,71,71,71,71,71,71,71,71,71,71,71,71,71,71,71,71,71,71,71,71,71,71,71,71,71,71,71,71,71,71,71,71,71,71,71,71,71,71,71,71,71,71,71,71,71,71,71,71],"card_choices":[{"not_picked":["Barrage","Doom and Gloom"],"picked":"Glacier","floor":1},{"not_picked":["Barrage","Steam Power"],"picked":"Blizzard","floor":2},{"not_picked":["Beam Cell","Genetic Algorithm"],"picked":"Ball Lightning","floor":3},{"not_picked":["Stack","Barrage"],"picked":"Cold Snap","floor":7},{"not_picked":["Steam","Compile Driver"],"picked":"Defragment","floor":8},{"not_picked":["Rebound","Go for the Eyes"],"picked":"Undo","floor":10},{"not_picked":["BootSequence","Redo"],"picked":"Seek","floor":11},{"not_picked":["BootSequence","Skim"],"picked":"Coolheaded","floor":12},{"not_picked":["Conserve Battery","Redo","Go for the Eyes"],"picked":"SKIP","floor":14},{"not_picked":["Amplify","All For One"],"picked":"Electrodynamics","floor":16},{"not_picked":["Capacitor","Hologram"],"picked":"Self Repair","floor":18},{"not_picked":["Gash","Capacitor"],"picked":"Consume","floor":20},{"not_picked":["Redo","Barrage"],"picked":"Chill","floor":22},{"not_picked":["Rebound","Sweeping Beam"],"picked":"Hologram","floor":23},{"not_picked":["Steam+1","Compile Driver","Undo+1"],"picked":"SKIP","floor":27},{"not_picked":["Sweeping Beam","Redo+1"],"picked":"Coolheaded+1","floor":29},{"not_picked":["Steam+1","Skim+1"],"picked":"Coolheaded+1","floor":31},{"not_picked":["Buffer","Machine Learning"],"picked":"Echo Form","floor":33},{"not_picked":["Barrage"],"picked":"SKIP","floor":35},{"not_picked":["Sweeping Beam"],"picked":"SKIP","floor":36},{"not_picked":[],"picked":"Coolheaded+1","floor":40},{"not_picked":[],"picked":"Skim+1","floor":42},{"not_picked":[],"picked":"Blizzard","floor":46},{"not_picked":["Ball Lightning"],"picked":"SKIP","floor":48},{"not_picked":[],"picked":"Loop","floor":55}],"player_experience":2936319,"relics_obtained":[{"floor":7,"key":"Symbiotic Virus"},{"floor":9,"key":"Potion Belt"},{"floor":11,"key":"War Paint"},{"floor":26,"key":"Toxic Egg 2"},{"floor":31,"key":"The Courier"},{"floor":40,"key":"Pen Nib"},{"floor":42,"key":"Kunai"},{"floor":43,"key":"Bag of Preparation"},{"floor":47,"key":"StoneCalendar"},{"floor":55,"key":"DataDisk"}],"event_choices":[{"damage_healed":0,"gold_gain":0,"player_choice":"Ignored","damage_taken":0,"max_hp_gain":0,"max_hp_loss":0,"event_name":"Liars Game","floor":5,"gold_loss":0},{"cards_removed":["Strike_B"],"damage_healed":0,"gold_gain":0,"player_choice":"Card Removal","damage_taken":0,"max_hp_gain":0,"max_hp_loss":0,"event_name":"The Cleric","floor":13,"gold_loss":75},{"damage_healed":0,"gold_gain":50,"player_choice":"Stole From Cult","damage_taken":0,"max_hp_gain":0,"max_hp_loss":0,"event_name":"Nest","floor":19,"gold_loss":0},{"damage_healed":0,"gold_gain":0,"player_choice":"Copied","damage_taken":0,"max_hp_gain":0,"max_hp_loss":0,"event_name":"Duplicator","floor":21,"gold_loss":0,"cards_obtained":["Defragment"]},{"damage_healed":0,"gold_gain":0,"player_choice":"Ignored","damage_taken":0,"max_hp_gain":0,"max_hp_loss":0,"event_name":"Tomb of Lord Red Mask","floor":37,"gold_loss":0},{"damage_healed":0,"gold_gain":0,"player_choice":"Embrace Madness","damage_taken":13,"max_hp_gain":0,"max_hp_loss":0,"event_name":"Winding Halls","floor":39,"gold_loss":0,"cards_obtained":["Madness","Madness"]},{"damage_healed":0,"gold_gain":0,"player_choice":"Ignored","damage_taken":0,"max_hp_gain":0,"max_hp_loss":0,"event_name":"Mysterious Sphere","floor":45,"gold_loss":0},{"damage_healed":0,"gold_gain":0,"player_choice":"Fight","damage_taken":0,"max_hp_gain":0,"max_hp_loss":0,"event_name":"MindBloom","floor":47,"gold_loss":0}],"is_beta":false,"boss_relics":[{"not_picked":["Calling Bell","Velvet Choker"],"picked":"Pandora\u0027s Box"},{"not_picked":["Lizard Tail","Tiny House"],"picked":"Busted Crown"}],"items_purged_floors":[4,28],"is_endless":false,"potions_floor_spawned":[1,2,3,10,16,20,27,33,35,36,47],"ascension_level":20}