{"gold_per_floor":[115,127,127,127,49,49,80,80,107,121,121,135,162,175,175,249,249,264,264,40,40,40,73,46,46,71,71,28,54,54],"floor_reached":30,"playtime":682,"items_purged":[],"score":554,"play_id":"c4a5b798-045a-4a8c-82c5-0ef2ad0a896d","local_time":"20190323151115","is_ascension_mode":true,"campfire_choices":[{"data":"Chaos","floor":6.0,"key":"SMITH"},{"data":"Streamline","floor":8.0,"key":"SMITH"},{"data":"Loop","floor":11.0,"key":"SMITH"},{"data":"Biased Cognition","floor":15.0,"key":"SMITH"},{"floor":25,"key":"REST"},{"data":"Sunder","floor":27,"key":"SMITH"}],"neow_cost":"NONE","seed_source_timestamp":332874203252600,"circlet_count":0,"master_deck":["AscendersBane","Strike_B","Defend_B","Defend_B","Defend_B","Defend_B","Zap","Dualcast","Double Energy","Chaos+1","Streamline+1","Loop+1","Hologram","Sunder+1","Chill","Cold Snap","Biased Cognition+1","Creative AI","Coolheaded","Necronomicurse"],"special_seed":0,"relics":["Cracked Core","NeowsBlessing","Prayer Wheel","Potion Belt","Regal Pillow","Smiling Mask","Empty Cage","Blue Candle","Membership Card","Necronomicon","Oddly Smooth Stone","Orichalcum"],"potions_floor_usage":[16,16,18,23,30],"damage_taken":[{"damage":0.0,"enemies":"2 Louse","floor":1.0,"turns":1.0},{"damage":0.0,"enemies":"Cultist","floor":2.0,"turns":1.0},{"damage":0.0,"enemies":"3 Sentries","floor":7.0,"turns":1.0},{"damage":7.0,"enemies":"Jaw Worm","floor":10.0,"turns":3.0},{"damage":1.0,"enemies":"Exordium Wildlife","floor":12.0,"turns":3.0},{"damage":23.0,"enemies":"Lagavulin","floor":13.0,"turns":6.0},{"damage":2.0,"enemies":"2 Fungi Beasts","floor":14.0,"turns":2.0},{"damage":20,"enemies":"Hexaghost","floor":16,"turns":9},{"damage":16,"enemies":"2 Thieves","floor":18,"turns":4},{"damage":8,"enemies":"Book of Stabbing","floor":23,"turns":5},{"damage":21,"enemies":"Gremlin Leader","floor":30,"turns":4}],"seed_played":"-1535078804202499783","potions_obtained":[{"floor":12.0,"key":"LiquidBronze"},{"floor":13.0,"key":"Explosive Potion"},{"floor":14.0,"key":"Explosive Potion"},{"floor":16,"key":"Energy Potion"}],"is_trial":false,"path_per_floor":["M","M","?","?","$","R","E","R","T","M","R","M","E","M","R","B",null,"M","T","$","?","?","E","$","R","T","R","$","T","E"],"character_chosen":"DEFECT","items_purchased":["Chaos","Membership Card","PowerPotion","Ancient Potion"],"campfire_rested":1,"item_purchase_floors":[5,20,24,28],"current_hp_per_floor":[64,64,57,57,57,57,57,57,57,50,50,49,26,24,24,4,54,38,38,38,38,17,9,9,45,45,45,45,45,24],"gold":54,"neow_bonus":"THREE_ENEMY_KILL","is_prod":false,"is_daily":false,"chose_seed":false,"campfire_upgraded":5,"win_rate":0,"timestamp":1553321475,"path_taken":["M","M","?","?","$","R","E","R","T","M","R","M","E","M","R","BOSS","M","?","?","?","?","E","$","R","T","R","$","?","E"],"build_version":"2019-01-23","purchased_purges":0,"victory":false,"max_hp_per_floor":[71,71,71,71,71,71,71,71,71,71,71,71,71,71,71,71,71,71,71,71,71,71,71,71,71,71,71,71,71,71],"card_choices":[{"not_picked":["Steam","Turbo"],"picked":"Double Energy","floor":1.0},{"not_picked":["Compile Driver","Conserve Battery"],"picked":"Capacitor","floor":2.0},{"not_picked":["Tempest","Rebound"],"picked":"Streamline","floor":7.0},{"not_picked":["Steam","Sweeping Beam"],"picked":"Loop","floor":10.0},{"not_picked":["Scrape","Undo"],"picked":"Hologram","floor":10.0},{"not_picked":["Sunder","Turbo","Redo"],"picked":"SKIP","floor":12.0},{"not_picked":["Reprogram","Streamline","BootSequence"],"picked":"SKIP","floor":12.0},{"not_picked":["Turbo","Redo"],"picked":"Sunder","floor":12.0},{"not_picked":["Reprogram","Streamline","BootSequence"],"picked":"SKIP","floor":12.0},{"not_picked":["Ball Lightning","Rebound"],"picked":"Chill","floor":13.0},{"not_picked":["Steam","Undo"],"picked":"Cold Snap","floor":14.0},{"not_picked":["Doom and Gloom","Sweeping Beam"],"picked":"Biased Cognition","floor":14.0},{"not_picked":["Buffer","Hyperbeam"],"picked":"Creative AI","floor":16},{"not_picked":["Stack","FTL"],"picked":"Coolheaded","floor":18},{"not_picked":["Streamline","Beam Cell","Conserve Battery"],"picked":"SKIP","floor":18},{"not_picked":["Hologram","Go for the Eyes","Auto Shields+1"],"picked":"SKIP","floor":23}],"player_experience":2502073,"relics_obtained":[{"floor":7.0,"key":"Potion Belt"},{"floor":9.0,"key":"Regal Pillow"},{"floor":13.0,"key":"Smiling Mask"},{"floor":19,"key":"Blue Candle"},{"floor":22,"key":"Necronomicon"},{"floor":23,"key":"Oddly Smooth Stone"},{"floor":26,"key":"Orichalcum"}],"event_choices":[{"cards_removed":["Strike_B"],"damage_healed":0.0,"max_hp_gain":0.0,"max_hp_loss":0.0,"gold_gain":0.0,"event_name":"Golden Wing","player_choice":"Card Removal","floor":3.0,"gold_loss":0.0,"damage_taken":7.0},{"cards_removed":["Capacitor"],"damage_healed":0.0,"max_hp_gain":0.0,"max_hp_loss":0.0,"gold_gain":0.0,"event_name":"WeMeetAgain","player_choice":"Gave Card","floor":4.0,"gold_loss":0.0,"damage_taken":0.0,"relics_obtained":["Prayer Wheel"]},{"damage_healed":0,"gold_gain":0,"player_choice":"Ignored","damage_taken":0,"max_hp_gain":0,"max_hp_loss":0,"event_name":"Beggar","floor":21,"gold_loss":0},{"damage_healed":0,"gold_gain":0,"player_choice":"Obtained Book","damage_taken":21,"max_hp_gain":0,"max_hp_loss":0,"event_name":"Cursed Tome","floor":22,"gold_loss":0}],"is_beta":false,"boss_relics":[{"not_picked":["Eternal Feather","Tiny House"],"picked":"Empty Cage"}],"items_purged_floors":[],"is_endless":false,"potions_floor_spawned":[12,13,14,16],"killed_by":"Gremlin Leader","ascension_level":20}