{"path_per_floor":["M","M","M","M","?","R","T","E","T","?","E","T","R","M","R","B",null,"M","?","?","$","?","R","E","R","T","M","?","$","R","M","R"],"character_chosen":"THE_SILENT","items_purchased":["Frozen Egg 2"],"gold_per_floor":[118,130,149,163,163,163,246,275,275,275,310,310,310,321,321,420,420,439,439,439,115,115,115,141,141,165,176,176,76,76,90,90,90],"floor_reached":33,"campfire_rested":0,"playtime":2229,"current_hp_per_floor":[59,59,59,58,63,63,63,45,45,28,24,24,24,19,19,12,67,56,56,56,56,56,56,27,27,27,20,48,48,48,43,43,0],"items_purged":["Pain","Writhe"],"gold":90,"score":377,"play_id":"20f0eae5-f96e-4e72-948c-9065dbeace5e","local_time":"20180320172114","is_prod":false,"is_daily":false,"is_ascension_mode":true,"campfire_upgraded":7,"timestamp":1521537674,"path_taken":["M","M","M","M","?","R","?","E","T","?","E","?","R","M","R","BOSS","M","?","?","$","?","R","E","R","T","M","?","$","R","M","R","BOSS"],"build_version":"2018-03-19","purchased_purges":2,"victory":false,"master_deck":["Defend_G+1","Defend_G","Defend_G","Defend_G","Defend_G","Strike_G","Strike_G","Strike_G","Strike_G","Strike_G","Survivor","Neutralize+1","Backflip","Blur+1","Terror","Dagger Spray+1","Clumsy","Noxious Fumes+1","Injury","Backstab+1","Corpse Explosion+1","Acrobatics+1","Blur+1","Adrenaline","Injury","Deadly Poison+1","Predator+1"],"max_hp_per_floor":[70,70,70,70,75,75,75,85,85,85,85,85,85,85,85,85,85,85,85,85,85,85,85,85,85,85,85,85,85,85,85,85,85],"relics":["Cursed Key","Tiny Chest","Pear","Frozen Eye","Snake Skull","Dead Branch","Sozu","Bag of Marbles","Frozen Egg 2","Dream Catcher","Happy Flower"],"card_choices":[{"not_picked":["Quick Slash","Flying Knee"],"picked":"Backflip"},{"not_picked":["Dagger Spray","Caltrops"],"picked":"Blur"},{"not_picked":["Deadly Poison","Underhanded Strike"],"picked":"Terror"},{"not_picked":["Deadly Poison","Reflex"],"picked":"Dagger Spray"},{"not_picked":["Unload","Blade Dance"],"picked":"Noxious Fumes"},{"not_picked":["Outmaneuver","Concentrate"],"picked":"Backstab","floor":14},{"not_picked":["Tactician","Unload"],"picked":"Corpse Explosion","floor":16},{"not_picked":["Slice","All Out Attack"],"picked":"Acrobatics","floor":18},{"not_picked":["Accuracy","Distraction"],"picked":"Adrenaline","floor":24},{"not_picked":["Noxious Fumes","Bane"],"picked":"Deadly Poison","floor":27},{"not_picked":["Quick Slash","Dagger Throw"],"picked":"Predator","floor":31}],"player_experience":189100,"potions_floor_usage":[27,31,33],"damage_taken":[{"damage":4.0,"enemies":"Small Slimes","floor":1.0,"turns":4.0},{"damage":0.0,"enemies":"Jaw Worm","floor":2.0,"turns":4.0},{"damage":0.0,"enemies":"Cultist","floor":3.0,"turns":3.0},{"damage":1.0,"enemies":"Looter","floor":4.0,"turns":4.0},{"damage":40.0,"enemies":"Gremlin Nob","floor":8.0,"turns":5.0},{"damage":19.0,"enemies":"3 Sentries","floor":11.0,"turns":9.0},{"damage":5,"enemies":"Exordium Wildlife","floor":14,"turns":4},{"damage":7,"enemies":"The Guardian","floor":16,"turns":8},{"damage":11,"enemies":"Chosen","floor":18,"turns":6},{"damage":29,"enemies":"Gremlin Leader","floor":24,"turns":8},{"damage":7,"enemies":"2 Thieves","floor":27,"turns":3},{"damage":5,"enemies":"Chosen and Byrds","floor":31,"turns":4},{"damage":56,"enemies":"Champ","floor":33,"turns":13}],"event_choices":[{"event_name":"Big Fish","player_choice":"Donut","floor":5.0,"damage_taken":0.0},{"event_name":"Shining Light","player_choice":"Entered Light","floor":10.0,"damage_taken":0.0},{"event_name":"Drug Dealer","player_choice":"Ignored","floor":19,"damage_taken":0},{"event_name":"The Mausoleum","player_choice":"Yes","floor":20,"damage_taken":0},{"event_name":"Duplicator","player_choice":"One dupe","floor":22,"damage_taken":0},{"event_name":"The Library","player_choice":"Heal","floor":28,"damage_taken":0}],"boss_relics":[{"not_picked":["Runic Dome","Runic Pyramid"],"picked":"Sozu"}],"potions_floor_spawned":[2,8,11,14,16],"seed_played":"-252860334225880501","killed_by":"Champ","ascension_level":6,"is_trial":false}