{"gold_per_floor":[119,172,187,487,506,506,581,581,581,594,607,607,632,9,9,85,135,148,148,5,5,5,5],"floor_reached":23,"playtime":941,"items_purged":[],"score":355,"play_id":"88142bcd-e2c8-452e-b8ab-3fbddc8dc8ec","local_time":"20190405191103","is_ascension_mode":true,"campfire_choices":[{"floor":6,"key":"REST"},{"data":"Creative AI","floor":12,"key":"SMITH"},{"floor":15,"key":"REST"}],"neow_cost":"NONE","seed_source_timestamp":1915016717100120,"circlet_count":0,"master_deck":["AscendersBane","Strike_B","Strike_B","Strike_B","Strike_B+1","Defend_B","Defend_B","Defend_B","Defend_B","Zap","Dualcast","Cold Snap","Streamline","Hologram","Parasite","Force Field","Creative AI+1","Redo","Apotheosis+1","Chill+1","Ball Lightning","Echo Form","Conserve Battery+1","Glacier+1","Discovery+1","Hello World","Decay"],"relics":["Cracked Core","Lantern","Old Coin","Mercury Hourglass","Cables","Toxic Egg 2","Tiny House"],"potions_floor_usage":[10,13,16,18],"damage_taken":[{"damage":0,"enemies":"Cultist","floor":1,"turns":3},{"damage":0,"enemies":"2 Louse","floor":3,"turns":2},{"damage":4,"enemies":"Small Slimes","floor":5,"turns":3},{"damage":0,"enemies":"3 Louse","floor":10,"turns":2},{"damage":7,"enemies":"Exordium Wildlife","floor":11,"turns":3},{"damage":23,"enemies":"3 Sentries","floor":13,"turns":6},{"damage":12,"enemies":"Slime Boss","floor":16,"turns":7},{"damage":30,"enemies":"Spheric Guardian","floor":18,"turns":4},{"damage":53,"enemies":"Gremlin Leader","floor":23,"turns":4}],"seed_played":"7149753130227625248","potions_obtained":[{"floor":5,"key":"Explosive Potion"},{"floor":11,"key":"AttackPotion"},{"floor":13,"key":"AttackPotion"},{"floor":17,"key":"GamblersBrew"}],"is_trial":false,"path_per_floor":["M","T","M","?","M","R","?","?","T","M","M","R","E","$","R","B",null,"M","$","$","?","$","E"],"character_chosen":"DEFECT","items_purchased":["Toxic Egg 2","Apotheosis+1","Chill+1","Ball Lightning","Discovery+1","Hello World"],"campfire_rested":2,"item_purchase_floors":[14,14,14,14,20,20],"current_hp_per_floor":[71,71,71,53,49,72,61,78,78,78,71,71,48,48,71,59,78,48,48,48,48,48,0],"gold":5,"neow_bonus":"TEN_PERCENT_HP_BONUS","is_prod":false,"is_daily":false,"chose_seed":false,"campfire_upgraded":1,"win_rate":0,"timestamp":1554480663,"path_taken":["M","?","M","?","M","R","?","?","T","?","M","R","E","$","R","BOSS","M","?","$","?","$","E"],"build_version":"2019-01-23","purchased_purges":0,"victory":false,"max_hp_per_floor":[78,78,78,78,78,78,78,78,78,78,78,78,78,78,78,78,83,83,83,83,83,83,83],"card_choices":[{"not_picked":["Reinforced Body","Rebound"],"picked":"Cold Snap","floor":1},{"not_picked":["Beam Cell","Recycle"],"picked":"Streamline","floor":3},{"not_picked":["Genetic Algorithm","Go for the Eyes"],"picked":"Hologram","floor":5},{"not_picked":["Hologram","Leap"],"picked":"Force Field","floor":10},{"not_picked":["BootSequence","Heatsinks"],"picked":"Creative AI","floor":11},{"not_picked":["Hologram","Stack"],"picked":"Redo","floor":13},{"not_picked":["Core Surge","Seek+1"],"picked":"Echo Form","floor":16},{"not_picked":["Turbo+1","Recycle+1"],"picked":"Conserve Battery+1","floor":17},{"not_picked":["Rip and Tear","Blizzard"],"picked":"Glacier+1","floor":18}],"player_experience":1170830,"relics_obtained":[{"floor":2,"key":"Lantern"},{"floor":9,"key":"Mercury Hourglass"},{"floor":13,"key":"Cables"}],"event_choices":[{"damage_healed":0,"gold_gain":0,"player_choice":"Success","damage_taken":18,"relics_obtained":["Old Coin"],"max_hp_gain":0,"max_hp_loss":0,"event_name":"Scrap Ooze","floor":4,"gold_loss":0},{"damage_healed":0,"gold_gain":75,"player_choice":"Gather Gold","damage_taken":11,"max_hp_gain":0,"max_hp_loss":0,"event_name":"World of Goop","floor":7,"gold_loss":0},{"damage_healed":19,"gold_gain":0,"player_choice":"Healed and dodged fight","damage_taken":0,"max_hp_gain":0,"max_hp_loss":0,"event_name":"Mushrooms","floor":8,"gold_loss":0,"cards_obtained":["Parasite"]},{"damage_healed":0,"gold_gain":0,"player_choice":"Smashed Altar","damage_taken":0,"max_hp_gain":0,"max_hp_loss":0,"event_name":"Forgotten Altar","floor":21,"gold_loss":0,"cards_obtained":["Decay"]}],"is_beta":false,"boss_relics":[{"not_picked":["Snecko Eye","Philosopher\u0027s Stone"],"picked":"Tiny House"}],"items_purged_floors":[],"is_endless":false,"potions_floor_spawned":[5,11,13],"killed_by":"Gremlin Leader","ascension_level":18}