{"gold_per_floor":[113,113,133,133,151,151,162,162,162,162,162],"floor_reached":11,"playtime":239,"items_purged":[],"score":126,"play_id":"e88e7e89-cca3-4c3f-804e-a5e48e871d92","local_time":"20190315204832","is_ascension_mode":true,"campfire_choices":[{"data":"Second Wind","floor":6,"key":"SMITH"},{"floor":8,"key":"RECALL"},{"floor":10,"key":"REST"}],"neow_cost":"NONE","seed_source_timestamp":125099624306200,"circlet_count":0,"master_deck":["AscendersBane","Strike_R","Strike_R","Strike_R","Strike_R","Strike_R","Defend_R","Defend_R","Defend_R","Defend_R","Bash+1","Decay","Regret","Shame","Second Wind+1"],"relics":["Calling Bell","Ancient Tea Set","Blue Candle","Incense Burner","Shuriken"],"potions_floor_usage":[7],"damage_taken":[{"damage":18,"enemies":"Small Slimes","floor":1,"turns":8},{"damage":11,"enemies":"Cultist","floor":3,"turns":5},{"damage":16,"enemies":"Jaw Worm","floor":5,"turns":5},{"damage":20,"enemies":"Lots of Slimes","floor":7,"turns":7},{"damage":0,"enemies":"Gremlin Gang","floor":11,"turns":1}],"seed_played":"-6915141778589921120","potions_obtained":[{"floor":1,"key":"Dexterity Potion"},{"floor":5,"key":"SpeedPotion"}],"is_trial":false,"path_per_floor":["M","?","M","?","M","R","M","R","T","R","M"],"character_chosen":"IRONCLAD","items_purchased":[],"campfire_rested":1,"item_purchase_floors":[],"current_hp_per_floor":[50,75,64,64,48,48,28,28,28,50,50],"gold":162,"neow_bonus":"BOSS_RELIC","is_prod":false,"is_daily":false,"chose_seed":false,"campfire_upgraded":1,"win_rate":0,"timestamp":1552650512,"path_taken":["M","?","?","?","M","R","?","R","T","R","?"],"build_version":"2019-01-23","purchased_purges":0,"victory":false,"max_hp_per_floor":[75,75,75,75,75,75,75,75,75,75,75],"card_choices":[{"not_picked":["Wild Strike","Anger","Iron Wave"],"picked":"SKIP","floor":1},{"not_picked":["Headbutt","Intimidate","Rage"],"picked":"SKIP","floor":3},{"not_picked":["Hemokinesis","Dual Wield"],"picked":"Second Wind","floor":5},{"not_picked":["Headbutt","Anger","Flex"],"picked":"SKIP","floor":7}],"player_experience":2297911,"relics_obtained":[{"floor":0,"key":"Ancient Tea Set"},{"floor":0,"key":"Blue Candle"},{"floor":0,"key":"Incense Burner"},{"floor":9,"key":"Shuriken"}],"event_choices":[{"damage_healed":25,"gold_gain":0,"player_choice":"Full Heal","damage_taken":0,"max_hp_gain":0,"max_hp_loss":0,"event_name":"Wheel of Change","floor":2,"gold_loss":0},{"damage_healed":0,"gold_gain":0,"player_choice":"Upgraded","damage_taken":0,"max_hp_gain":0,"max_hp_loss":0,"event_name":"Upgrade Shrine","floor":4,"gold_loss":0,"cards_upgraded":["Bash"]}],"is_beta":false,"boss_relics":[],"items_purged_floors":[],"is_endless":false,"potions_floor_spawned":[1,5],"killed_by":"Gremlin Gang","ascension_level":20}