{"gold_per_floor":[114,124,124,44,58,58,83,95,122,21,40,40,52,66,66,161,161,181,113,28,139,30,30,46,58,58,58,93,109,109,129,129,129],"floor_reached":33,"playtime":1949,"items_purged":[],"score":269,"play_id":"4b7c258c-7d92-4f9a-bf18-b9d51766664d","local_time":"20190113174521","is_ascension_mode":false,"campfire_choices":[{"data":"White Noise","floor":6.0,"key":"SMITH"},{"data":"Mind Blast","floor":12.0,"key":"SMITH"},{"floor":15.0,"key":"REST"},{"floor":23.0,"key":"RECALL"},{"floor":32,"key":"REST"}],"neow_cost":"CURSE","seed_source_timestamp":97373113381064,"circlet_count":0,"master_deck":["Strike_B","Strike_B","Strike_B","Strike_B","Defend_B","Defend_B","Defend_B","Zap","Dualcast","Dark Shackles","Mind Blast+1","Force Field","White Noise+1","Seek","Self Repair","Capacitor","Cold Snap","Barrage","Cold Snap","Redo","Creative AI","Storm","Static Discharge","Loop","Barrage","Skim","Capacitor+1","Melter+1","Rainbow"],"special_seed":0,"relics":["Cracked Core","Strawberry","Art of War","MawBank","Smiling Mask"],"potions_floor_usage":[28,28,29,33],"damage_taken":[{"damage":0.0,"enemies":"Jaw Worm","floor":1.0,"turns":4.0},{"damage":0.0,"enemies":"Small Slimes","floor":2.0,"turns":3.0},{"damage":8.0,"enemies":"2 Louse","floor":5.0,"turns":3.0},{"damage":10.0,"enemies":"Lagavulin","floor":7.0,"turns":8.0},{"damage":2.0,"enemies":"Exordium Wildlife","floor":8.0,"turns":6.0},{"damage":14.0,"enemies":"3 Louse","floor":11.0,"turns":4.0},{"damage":11.0,"enemies":"Lots of Slimes","floor":13.0,"turns":4.0},{"damage":12.0,"enemies":"Large Slime","floor":14.0,"turns":6.0},{"damage":14.0,"enemies":"The Guardian","floor":16.0,"turns":10.0},{"damage":10.0,"enemies":"3 Byrds","floor":18.0,"turns":5.0},{"damage":11.0,"enemies":"Spheric Guardian","floor":24.0,"turns":4.0},{"damage":11.0,"enemies":"Snecko","floor":25.0,"turns":6.0},{"damage":27,"enemies":"Slavers","floor":28,"turns":5},{"damage":2,"enemies":"Snake Plant","floor":29,"turns":4},{"damage":38,"enemies":"Colosseum Slavers","floor":30,"turns":4},{"damage":10,"enemies":"Cultist and Chosen","floor":31,"turns":4},{"damage":42,"enemies":"Collector","floor":33,"turns":6}],"seed_played":"4898513335793805262","potions_obtained":[{"floor":1.0,"key":"FocusPotion"},{"floor":2.0,"key":"Dexterity Potion"},{"floor":7.0,"key":"Regen Potion"},{"floor":11.0,"key":"Energy Potion"},{"floor":24.0,"key":"SkillPotion"},{"floor":28,"key":"Energy Potion"},{"floor":31,"key":"PowerPotion"}],"is_trial":false,"path_per_floor":["M","M","?","$","M","R","E","M","T","$","M","R","M","M","R","B",null,"M","$","?","?","$","R","M","M","T","?","E","M","?","M","R","B"],"character_chosen":"DEFECT","items_purchased":["White Noise","PowerPotion","Cold Snap","Static Discharge","Loop","SkillPotion"],"campfire_rested":2,"item_purchase_floors":[4,10,10,19,22,22],"current_hp_per_floor":[75,75,72,72,64,64,61,79,79,79,72,72,68,63,79,72,79,76,76,76,76,76,76,72,68,68,68,48,46,15,19,42,0],"gold":129,"neow_bonus":"RANDOM_COLORLESS_2","is_prod":false,"is_daily":false,"chose_seed":false,"campfire_upgraded":2,"win_rate":0,"timestamp":1547394321,"path_taken":["M","M","?","$","M","R","E","M","T","?","M","R","M","M","R","BOSS","M","$","?","?","?","R","M","M","T","?","E","?","?","M","R","BOSS"],"build_version":"2019-01-10","purchased_purges":0,"victory":false,"max_hp_per_floor":[75,75,72,72,72,72,79,79,79,79,79,79,79,79,79,79,79,79,79,79,79,79,79,79,79,79,79,79,79,79,79,79,79],"card_choices":[{"not_picked":["Reinforced Body","Steam"],"picked":"Force Field","floor":1.0},{"not_picked":["Rebound","Compile Driver","Coolheaded"],"picked":"SKIP","floor":2.0},{"not_picked":["Hologram","Beam Cell"],"picked":"Seek","floor":5.0},{"not_picked":["Hologram","Streamline"],"picked":"Self Repair","floor":7.0},{"not_picked":["Melter","Hologram"],"picked":"Capacitor","floor":8.0},{"not_picked":["Steam","Double Energy"],"picked":"Barrage","floor":11.0},{"not_picked":["Turbo","Fusion"],"picked":"Cold Snap","floor":13.0},{"not_picked":["Beam Cell","Turbo"],"picked":"Redo","floor":14.0},{"not_picked":["Amplify","Meteor Strike"],"picked":"Creative AI","floor":16.0},{"not_picked":["Capacitor+1","Coolheaded+1"],"picked":"Storm","floor":18.0},{"not_picked":["Steam","Sunder"],"picked":"Barrage","floor":24.0},{"not_picked":["Leap","Skim","Beam Cell"],"picked":"SKIP","floor":25.0},{"not_picked":["Leap","Gash+1"],"picked":"Capacitor+1","floor":28},{"not_picked":["Darkness","Rebound+1"],"picked":"Melter+1","floor":29},{"not_picked":["Genetic Algorithm","BootSequence+1"],"picked":"Rainbow","floor":31}],"player_experience":904683,"relics_obtained":[{"floor":7.0,"key":"Strawberry"},{"floor":9.0,"key":"Art of War"},{"floor":28,"key":"Smiling Mask"}],"event_choices":[{"cards_removed":["Parasite"],"damage_healed":0.0,"max_hp_gain":0.0,"max_hp_loss":0.0,"gold_gain":0.0,"event_name":"Living Wall","player_choice":"Forget","floor":3.0,"gold_loss":0.0,"damage_taken":0.0},{"damage_healed":0.0,"max_hp_gain":0.0,"max_hp_loss":0.0,"gold_gain":0.0,"event_name":"Addict","player_choice":"Obtained Relic","floor":20.0,"gold_loss":85.0,"damage_taken":0.0,"relics_obtained":["MawBank"]},{"damage_healed":0.0,"max_hp_gain":0.0,"max_hp_loss":0.0,"gold_gain":99.0,"event_name":"Nest","player_choice":"Stole From Cult","floor":21.0,"gold_loss":0.0,"damage_taken":0.0},{"damage_healed":0.0,"max_hp_gain":0.0,"max_hp_loss":0.0,"gold_gain":0.0,"cards_transformed":["Defend_B"],"event_name":"Transmorgrifier","player_choice":"Transformed","floor":27.0,"gold_loss":0.0,"damage_taken":0.0,"cards_obtained":["Skim"]},{"damage_healed":0,"gold_gain":0,"player_choice":"Fight","damage_taken":0,"max_hp_gain":0,"max_hp_loss":0,"event_name":"Colosseum","floor":30,"gold_loss":0},{"damage_healed":0,"gold_gain":0,"player_choice":"Fled From Nobs","damage_taken":0,"max_hp_gain":0,"max_hp_loss":0,"event_name":"Colosseum","floor":30,"gold_loss":0}],"is_beta":false,"boss_relics":[{"not_picked":["Velvet Choker","Runic Dome","FrozenCore"]}],"items_purged_floors":[],"is_endless":false,"potions_floor_spawned":[1,2,7,11,24,28,31],"killed_by":"Collector","ascension_level":0}