{"gold_per_floor":[20,20,20,37,56,84,96,133,145,172,184,208,220,262,274,358,370,401,429,356,66,85,85,85,100,100,100],"floor_reached":27,"playtime":719,"items_purged":[],"score":466,"play_id":"16aabd71-3cb1-4bef-953c-4e3e25a11606","local_time":"20190331141627","is_ascension_mode":true,"campfire_choices":[{"data":"Bash","floor":7,"key":"SMITH"},{"floor":11,"key":"REST"},{"floor":15,"key":"REST"},{"data":"Armaments","floor":23,"key":"SMITH"}],"neow_cost":"NO_GOLD","seed_source_timestamp":183940679895700,"circlet_count":0,"master_deck":["AscendersBane","Strike_R","Strike_R+1","Strike_R","Strike_R","Defend_R","Defend_R","Defend_R","Defend_R","Bash+1","Immolate+1","True Grit","Feed","Shrug It Off","Intimidate","Shrug It Off","Double Tap","Flame Barrier","Feel No Pain","Armaments+1"],"relics":["Burning Blood","MawBank","Charon\u0027s Ashes","Bottled Flame","Velvet Choker","Lantern","Mummified Hand","NlothsMask"],"potions_floor_usage":[19,27],"damage_taken":[{"damage":1,"enemies":"Small Slimes","floor":1,"turns":2},{"damage":7,"enemies":"Jaw Worm","floor":4,"turns":2},{"damage":0,"enemies":"Cultist","floor":5,"turns":3},{"damage":29,"enemies":"Lagavulin","floor":6,"turns":7},{"damage":21,"enemies":"3 Sentries","floor":8,"turns":8},{"damage":10,"enemies":"Looter","floor":10,"turns":4},{"damage":9,"enemies":"2 Fungi Beasts","floor":12,"turns":2},{"damage":32,"enemies":"Gremlin Nob","floor":14,"turns":4},{"damage":31,"enemies":"Slime Boss","floor":16,"turns":7},{"damage":17,"enemies":"Shell Parasite","floor":18,"turns":5},{"damage":21,"enemies":"Spheric Guardian","floor":19,"turns":5},{"damage":25,"enemies":"Snake Plant","floor":22,"turns":3},{"damage":0,"enemies":"3 Cultists","floor":25,"turns":1},{"damage":51,"enemies":"Book of Stabbing","floor":27,"turns":6}],"seed_played":"6440728882045038480","potions_obtained":[{"floor":6,"key":"FairyPotion"},{"floor":10,"key":"SneckoOil"},{"floor":16,"key":"Explosive Potion"},{"floor":22,"key":"Swift Potion"}],"is_trial":false,"path_per_floor":["M","?","?","M","M","E","R","E","T","M","R","M","$","E","R","B",null,"M","M","?","$","M","R","?","M","T","E"],"character_chosen":"IRONCLAD","items_purchased":["Mummified Hand","Feel No Pain"],"campfire_rested":2,"item_purchase_floors":[21,21],"current_hp_per_floor":[73,50,50,49,55,32,32,20,20,19,43,43,43,17,42,17,67,59,44,44,44,28,28,28,34,34,0],"gold":100,"neow_bonus":"THREE_RARE_CARDS","is_prod":false,"is_daily":false,"chose_seed":false,"campfire_upgraded":2,"win_rate":0,"timestamp":1554009387,"path_taken":["M","?","?","M","M","E","R","E","T","M","R","M","$","E","R","BOSS","M","?","?","$","M","R","?","?","T","E"],"build_version":"2019-01-23","purchased_purges":0,"victory":false,"max_hp_per_floor":[75,75,75,75,75,75,75,78,78,81,81,84,84,84,84,84,84,87,87,87,87,90,90,90,90,90,90],"card_choices":[{"not_picked":["Barricade","Bludgeon"],"picked":"Immolate","floor":0},{"not_picked":["Perfected Strike","Iron Wave"],"picked":"True Grit","floor":1},{"not_picked":["Cleave","Armaments","Dropkick"],"picked":"SKIP","floor":4},{"not_picked":["Body Slam","Infernal Blade"],"picked":"Feed","floor":5},{"not_picked":["Clash","True Grit","Wild Strike"],"picked":"SKIP","floor":6},{"not_picked":["Clothesline","Flex","Cleave"],"picked":"SKIP","floor":8},{"not_picked":["Havoc","Warcry"],"picked":"Shrug It Off","floor":10},{"not_picked":["Dark Embrace","Intimidate","Thunderclap"],"picked":"SKIP","floor":12},{"not_picked":["Dark Embrace","Thunderclap"],"picked":"Intimidate","floor":12},{"not_picked":["Heavy Blade","Anger"],"picked":"Shrug It Off","floor":14},{"not_picked":["Immolate","Berserk"],"picked":"Double Tap","floor":16},{"not_picked":["Body Slam","Cleave","Flex"],"picked":"SKIP","floor":18},{"not_picked":["Perfected Strike","Ghostly Armor"],"picked":"Flame Barrier","floor":19},{"not_picked":["Iron Wave","Thunderclap"],"picked":"Armaments","floor":22},{"not_picked":["Iron Wave+1","Sword Boomerang","Armaments"],"picked":"SKIP","floor":25}],"player_experience":2775252,"relics_obtained":[{"floor":6,"key":"MawBank"},{"floor":8,"key":"Charon\u0027s Ashes"},{"floor":14,"key":"Bottled Flame"}],"event_choices":[{"damage_healed":0,"gold_gain":0,"player_choice":"Entered Light","damage_taken":23,"max_hp_gain":0,"max_hp_loss":0,"event_name":"Shining Light","floor":2,"gold_loss":0,"cards_upgraded":["Immolate","Strike_R"]},{"cards_removed":["Strike_R"],"damage_healed":0,"gold_gain":0,"player_choice":"Purged","damage_taken":0,"max_hp_gain":0,"max_hp_loss":0,"event_name":"Purifier","floor":3,"gold_loss":0},{"damage_healed":0,"gold_gain":0,"player_choice":"Obtained Relic","damage_taken":0,"relics_obtained":["Lantern"],"max_hp_gain":0,"max_hp_loss":0,"event_name":"Addict","floor":20,"gold_loss":85},{"damage_healed":0,"gold_gain":0,"player_choice":"Trade","damage_taken":0,"relics_obtained":["NlothsMask"],"max_hp_gain":0,"max_hp_loss":0,"event_name":"FaceTrader","floor":24,"gold_loss":0}],"is_beta":false,"boss_relics":[{"not_picked":["White Beast Statue","Calling Bell"],"picked":"Velvet Choker"}],"items_purged_floors":[],"is_endless":false,"potions_floor_spawned":[6,10,12,16,18,22],"killed_by":"Book of Stabbing","ascension_level":20}