{"gold_per_floor":[111,121,121,46,121,149,166,166,191,191,222,222,240,256,256,352,352,368,30,50,65,16,30,46,46,96,106,6,23,40,0,0,105,105,123,142,142,17,30,30,48,48,126,126,137,137],"floor_reached":46,"playtime":4453,"items_purged":["Defend_B","Blizzard","Hello World"],"score":530,"play_id":"1cec4fbc-e9aa-4886-86df-72881a500cf6","local_time":"20190416222200","is_ascension_mode":true,"campfire_choices":[{"data":"Recycle","floor":8.0,"key":"SMITH"},{"floor":12.0,"key":"REST"},{"floor":15.0,"key":"REST"},{"data":"Storm","floor":25,"key":"SMITH"},{"floor":32,"key":"REST"},{"floor":40,"key":"REST"},{"floor":42,"key":"REST"},{"data":"Consume","floor":44,"key":"SMITH"}],"neow_cost":"NONE","seed_source_timestamp":5788748534400,"circlet_count":0,"master_deck":["Zap+1","Dualcast","Recycle+1","Lockon","Auto Shields","Hologram+1","Recycle+1","Coolheaded","Melter","Electrodynamics","Self Repair","Consume+1","Gash","Reprogram","Storm+1","Capacitor","Redo","Leap+1","Cold Snap","Gash","Self Repair","Consume+1","Fusion+1","Multi-Cast","Beam Cell","Coolheaded+1","Parasite","Conserve Battery"],"special_seed":0,"relics":["Cracked Core","NeowsBlessing","Orichalcum","Vajra","Sundial","Bronze Scales","Pandora\u0027s Box","Calipers","War Paint","Runic Pyramid","Kunai"],"potions_floor_usage":[24,27,33,33,33,39],"damage_taken":[{"damage":0.0,"enemies":"2 Louse","floor":1.0,"turns":1.0},{"damage":0.0,"enemies":"Cultist","floor":2.0,"turns":1.0},{"damage":0.0,"enemies":"3 Sentries","floor":6.0,"turns":1.0},{"damage":0.0,"enemies":"Small Slimes","floor":7.0,"turns":2.0},{"damage":28.0,"enemies":"Lagavulin","floor":11.0,"turns":5.0},{"damage":6.0,"enemies":"Looter","floor":13.0,"turns":2.0},{"damage":24.0,"enemies":"Gremlin Gang","floor":14.0,"turns":3.0},{"damage":18.0,"enemies":"The Guardian","floor":16.0,"turns":12.0},{"damage":15.0,"enemies":"Shell Parasite","floor":18.0,"turns":4.0},{"damage":12,"enemies":"Chosen","floor":20,"turns":4},{"damage":0,"enemies":"Sentry and Sphere","floor":21,"turns":4},{"damage":8,"enemies":"Snecko","floor":23,"turns":4},{"damage":6,"enemies":"3 Cultists","floor":24,"turns":3},{"damage":26,"enemies":"Shelled Parasite and Fungi","floor":27,"turns":3},{"damage":10,"enemies":"Sentry and Sphere","floor":29,"turns":4},{"damage":18,"enemies":"Snecko","floor":30,"turns":4},{"damage":36,"enemies":"Automaton","floor":33,"turns":9},{"damage":24,"enemies":"Orb Walker","floor":35,"turns":4},{"damage":25,"enemies":"3 Darklings","floor":36,"turns":4},{"damage":28,"enemies":"Spire Growth","floor":39,"turns":6},{"damage":40,"enemies":"Writhing Mass","floor":41,"turns":6},{"damage":31,"enemies":"Jaw Worm Horde","floor":45,"turns":3},{"damage":36,"enemies":"Spire Growth","floor":46,"turns":4}],"seed_played":"6669042739191336797","potions_obtained":[{"floor":1.0,"key":"SteroidPotion"},{"floor":11.0,"key":"Weak Potion"},{"floor":13.0,"key":"Swift Potion"},{"floor":16.0,"key":"Fire Potion"},{"floor":20,"key":"SkillPotion"},{"floor":24,"key":"Fruit Juice"},{"floor":27,"key":"EssenceOfSteel"},{"floor":29,"key":"Explosive Potion"},{"floor":36,"key":"Fire Potion"},{"floor":41,"key":"Strength Potion"}],"is_trial":false,"path_per_floor":["M","M","?","$","?","E","M","R","T","T","E","R","M","M","R","B",null,"M","$","M","M","$","M","M","R","T","M","$","M","M","?","R","B",null,"M","M","?","$","M","R","M","R","T","R","M","M"],"character_chosen":"DEFECT","items_purchased":["Calipers","Redo","Cold Snap"],"campfire_rested":5,"item_purchase_floors":[19,19,22],"current_hp_per_floor":[75,75,75,75,64,64,64,64,64,64,36,58,52,28,50,32,75,67,67,62,69,69,68,67,67,67,55,55,45,34,34,58,22,80,70,52,52,52,38,62,36,60,60,60,36,0],"gold":137,"neow_bonus":"THREE_ENEMY_KILL","is_prod":false,"is_daily":false,"chose_seed":false,"campfire_upgraded":3,"win_rate":0,"timestamp":1555420920,"path_taken":["M","M","?","?","?","E","M","R","T","?","E","R","M","M","R","BOSS","M","$","M","M","$","M","?","R","T","M","?","M","M","?","R","BOSS","M","M","?","$","M","R","M","R","T","R","M","M"],"build_version":"2019-01-23","purchased_purges":3,"victory":false,"max_hp_per_floor":[75,75,75,75,75,75,75,75,75,75,75,75,75,75,75,75,75,75,75,75,75,75,75,80,80,80,80,80,80,80,80,80,80,80,80,80,80,80,80,80,80,80,80,80,80,80],"card_choices":[{"not_picked":["White Noise","Go for the Eyes"],"picked":"Recycle","floor":1.0},{"not_picked":["Undo","Turbo"],"picked":"Lockon","floor":2.0},{"not_picked":["Hologram","Redo"],"picked":"Auto Shields","floor":6.0},{"not_picked":["Auto Shields","FTL"],"picked":"Hologram","floor":7.0},{"not_picked":["Steam","Go for the Eyes"],"picked":"Recycle","floor":11.0},{"not_picked":["Skim","Cold Snap"],"picked":"Coolheaded","floor":13.0},{"not_picked":["Barrage","Meteor Strike"],"picked":"Melter","floor":14.0},{"not_picked":["Rainbow","Creative AI"],"picked":"Electrodynamics","floor":16.0},{"not_picked":["Ball Lightning","Turbo"],"picked":"Capacitor","floor":18.0},{"not_picked":["Compile Driver","Sweeping Beam","Turbo"],"picked":"SKIP","floor":20},{"not_picked":["Hyperbeam","Compile Driver+1"],"picked":"Leap+1","floor":21},{"not_picked":["Sweeping Beam+1","Compile Driver"],"picked":"Gash","floor":23},{"not_picked":["Conserve Battery","Turbo+1"],"picked":"Self Repair","floor":24},{"not_picked":["Scrape","Compile Driver","Go for the Eyes"],"picked":"SKIP","floor":27},{"not_picked":["Turbo","Redo+1"],"picked":"Consume+1","floor":29},{"not_picked":["Blizzard","Beam Cell"],"picked":"Fusion+1","floor":30},{"not_picked":["All For One","Fission"],"picked":"Multi-Cast","floor":33},{"not_picked":["Redo+1","Rip and Tear+1"],"picked":"Beam Cell","floor":35},{"not_picked":["Consume","Redo+1"],"picked":"Coolheaded+1","floor":36},{"not_picked":["Chaos","Hyperbeam","Redo"],"picked":"SKIP","floor":39},{"not_picked":["Storm+1","Doom and Gloom","Lockon"],"picked":"SKIP","floor":41},{"not_picked":["Auto Shields+1","Fusion"],"picked":"Conserve Battery","floor":45}],"player_experience":282278,"relics_obtained":[{"floor":6.0,"key":"Orichalcum"},{"floor":9.0,"key":"Vajra"},{"floor":10.0,"key":"Sundial"},{"floor":11.0,"key":"Bronze Scales"},{"floor":26,"key":"War Paint"},{"floor":43,"key":"Kunai"}],"event_choices":[{"damage_healed":0.0,"max_hp_gain":0.0,"max_hp_loss":0.0,"gold_gain":0.0,"event_name":"Upgrade Shrine","player_choice":"Upgraded","floor":3.0,"gold_loss":0.0,"damage_taken":0.0,"cards_upgraded":["Zap"]},{"damage_healed":0.0,"max_hp_gain":0.0,"max_hp_loss":0.0,"gold_gain":75.0,"event_name":"World of Goop","player_choice":"Gather Gold","floor":5.0,"gold_loss":0.0,"damage_taken":11.0},{"damage_healed":0,"gold_gain":0,"player_choice":"Paid Fearfully","damage_taken":0,"max_hp_gain":0,"max_hp_loss":0,"event_name":"Masked Bandits","floor":31,"gold_loss":40},{"damage_healed":0,"gold_gain":0,"player_choice":"Ignored","damage_taken":0,"max_hp_gain":0,"max_hp_loss":0,"event_name":"Mysterious Sphere","floor":37,"gold_loss":0}],"is_beta":false,"boss_relics":[{"not_picked":["Calling Bell","Ectoplasm"],"picked":"Pandora\u0027s Box"},{"not_picked":["Cursed Key","Fusion Hammer"],"picked":"Runic Pyramid"}],"items_purged_floors":[4,28,38],"is_endless":false,"potions_floor_spawned":[1,11,13,14,16,20,24,27,29,36,41],"killed_by":"Spire Growth","ascension_level":3}