{"gold_per_floor":[119,135,135,17,17,50,50,50,50,60,335,355,366,397,397,468,468,478,40,40,51,78,78,93,108,187,112,138,53,69,19,19,19],"floor_reached":33,"playtime":836,"items_purged":["Regret"],"score":600,"play_id":"b4bb2138-5fa6-4a3e-8a08-b1f5cd68f8b4","local_time":"20190328204538","is_ascension_mode":true,"campfire_choices":[{"data":"Carnage","floor":7,"key":"SMITH"},{"floor":15,"key":"REST"},{"data":"Corruption","floor":23,"key":"SMITH"},{"floor":32,"key":"REST"}],"neow_cost":"NONE","seed_source_timestamp":6367402075300,"circlet_count":0,"master_deck":["AscendersBane","Strike_R","Strike_R","Strike_R","Defend_R","Defend_R","Defend_R","Defend_R+1","Bash","Entrench","Shrug It Off+1","Feel No Pain","Carnage+1","Shockwave","Burning Pact","Corruption+1","Impervious","Sentinel","Ghostly Armor","Evolve","Power Through","Armaments","Discovery","True Grit"],"relics":["Burning Blood","NeowsBlessing","Dream Catcher","Regal Pillow","Runic Dome","Membership Card","Singing Bowl","Bag of Marbles","Self Forming Clay","Ancient Tea Set","Shuriken"],"potions_floor_usage":[16,28,33],"damage_taken":[{"damage":0,"enemies":"Cultist","floor":1,"turns":1},{"damage":0,"enemies":"Small Slimes","floor":2,"turns":2},{"damage":0,"enemies":"3 Sentries","floor":6,"turns":2},{"damage":0,"enemies":"2 Louse","floor":10,"turns":3},{"damage":14,"enemies":"Blue Slaver","floor":12,"turns":5},{"damage":12,"enemies":"Large Slime","floor":13,"turns":5},{"damage":27,"enemies":"Gremlin Nob","floor":14,"turns":4},{"damage":41,"enemies":"Slime Boss","floor":16,"turns":10},{"damage":24,"enemies":"Shell Parasite","floor":18,"turns":7},{"damage":3,"enemies":"Spheric Guardian","floor":21,"turns":5},{"damage":9,"enemies":"Centurion and Healer","floor":24,"turns":6},{"damage":0,"enemies":"Cultist and Chosen","floor":25,"turns":8},{"damage":9,"enemies":"Book of Stabbing","floor":28,"turns":4},{"damage":13,"enemies":"Sentry and Sphere","floor":30,"turns":6},{"damage":67,"enemies":"Collector","floor":33,"turns":5}],"seed_played":"7662222836600662410","potions_obtained":[{"floor":1,"key":"Dexterity Potion"},{"floor":3,"key":"PowerPotion"},{"floor":16,"key":"PowerPotion"},{"floor":28,"key":"Ancient Potion"}],"is_trial":false,"path_per_floor":["M","M","?","$","?","E","R","?","T","M","?","M","M","E","R","B",null,"M","$","?","M","T","R","M","M","T","?","E","?","M","$","R","B"],"character_chosen":"IRONCLAD","items_purchased":["Feel No Pain","Carnage","Membership Card","Sentinel","Singing Bowl","Discovery"],"campfire_rested":2,"item_purchase_floors":[4,4,19,19,19,31],"current_hp_per_floor":[74,75,75,75,75,75,75,52,52,58,58,50,44,23,60,25,63,45,45,24,27,27,27,24,30,30,30,29,29,22,22,61,0],"gold":19,"neow_bonus":"THREE_ENEMY_KILL","is_prod":false,"is_daily":false,"chose_seed":false,"campfire_upgraded":2,"win_rate":0,"timestamp":1553773538,"path_taken":["M","M","?","?","?","E","R","?","T","?","?","M","?","E","R","BOSS","M","$","?","M","?","R","M","M","T","?","E","?","?","?","R","BOSS"],"build_version":"2019-01-23","purchased_purges":1,"victory":false,"max_hp_per_floor":[75,75,75,75,75,75,75,75,75,75,75,75,75,75,75,75,75,75,75,80,80,80,80,80,80,80,80,82,82,82,82,82,82],"card_choices":[{"not_picked":["Seeing Red","Thunderclap"],"picked":"Entrench","floor":1},{"not_picked":["Sever Soul","Rage"],"picked":"Shrug It Off","floor":2},{"not_picked":["Fire Breathing","Power Through"],"picked":"Shockwave","floor":6},{"not_picked":["Clash","Searing Blow","Iron Wave"],"picked":"SKIP","floor":10},{"not_picked":["Rupture","Warcry"],"picked":"Burning Pact","floor":12},{"not_picked":["Reckless Charge","Bloodletting","Rampage"],"picked":"SKIP","floor":13},{"not_picked":["Thunderclap","Headbutt","Perfected Strike"],"picked":"SKIP","floor":14},{"not_picked":["Shockwave","Fire Breathing"],"picked":"Corruption","floor":15},{"not_picked":["Limit Break","Fiend Fire"],"picked":"Impervious","floor":16},{"not_picked":["Reckless Charge","Heavy Blade","Thunderclap"],"picked":"SKIP","floor":18},{"not_picked":["Wild Strike","Pommel Strike"],"picked":"Ghostly Armor","floor":21},{"not_picked":["Corruption","Dark Embrace"],"picked":"Evolve","floor":24},{"not_picked":["Shrug It Off","Iron Wave"],"picked":"Power Through","floor":25},{"not_picked":["Headbutt","Bloodletting","Clothesline"],"picked":"Singing Bowl","floor":28},{"not_picked":["Havoc","Clothesline"],"picked":"Armaments","floor":30},{"not_picked":["Burning Pact","Reckless Charge+1"],"picked":"True Grit","floor":32}],"player_experience":2687218,"relics_obtained":[{"floor":6,"key":"Dream Catcher"},{"floor":14,"key":"Regal Pillow"},{"floor":22,"key":"Bag of Marbles"},{"floor":26,"key":"Self Forming Clay"},{"floor":28,"key":"Ancient Tea Set"}],"event_choices":[{"damage_healed":0,"gold_gain":0,"player_choice":"Got Potions","damage_taken":0,"max_hp_gain":0,"max_hp_loss":0,"event_name":"Lab","floor":3,"gold_loss":0},{"cards_removed":["Strike_R"],"damage_healed":0,"gold_gain":0,"player_choice":"Forget","damage_taken":0,"max_hp_gain":0,"max_hp_loss":0,"event_name":"Living Wall","floor":5,"gold_loss":0},{"damage_healed":0,"gold_gain":0,"player_choice":"Entered Light","damage_taken":23,"max_hp_gain":0,"max_hp_loss":0,"event_name":"Shining Light","floor":8,"gold_loss":0,"cards_upgraded":["Defend_R","Shrug It Off"]},{"damage_healed":0,"gold_gain":275,"player_choice":"Desecrate","damage_taken":0,"max_hp_gain":0,"max_hp_loss":0,"event_name":"Golden Shrine","floor":11,"gold_loss":0,"cards_obtained":["Regret"]},{"damage_healed":0,"gold_gain":0,"player_choice":"Shed Blood","damage_taken":26,"max_hp_gain":5,"max_hp_loss":0,"event_name":"Forgotten Altar","floor":20,"gold_loss":0},{"cards_removed":["Strike_R"],"damage_healed":0,"gold_gain":0,"player_choice":"Gave Gold","damage_taken":0,"max_hp_gain":0,"max_hp_loss":0,"event_name":"Beggar","floor":27,"gold_loss":75},{"damage_healed":0,"gold_gain":0,"player_choice":"Obtained Relic","damage_taken":0,"relics_obtained":["Shuriken"],"max_hp_gain":0,"max_hp_loss":0,"event_name":"Addict","floor":29,"gold_loss":85}],"is_beta":false,"boss_relics":[{"not_picked":["Sozu","Astrolabe"],"picked":"Runic Dome"}],"items_purged_floors":[19],"is_endless":false,"potions_floor_spawned":[1,10,13,16,21,25,28,30],"killed_by":"Collector","ascension_level":20}