{"gold_per_floor":[368,382,48,48,63,63,95,53,53,84,84,103,103,120,120,196,196,209,209,309,329,0,33,53,53,105,105,130,130,163,163,163,242,242,260,260,270,492,32,62,62,112,112,29,45,72,85,95,95,95],"floor_reached":51,"playtime":3700,"items_purged":["Parasite"],"score":1784,"play_id":"a4610aaa-df21-4d32-ba50-4798f9e81cd9","local_time":"20181224023537","is_ascension_mode":true,"campfire_choices":[{"data":"Neutralize","floor":6.0,"key":"SMITH"},{"floor":13.0,"key":"REST"},{"data":"Footwork","floor":15.0,"key":"SMITH"},{"floor":25.0,"key":"REST"},{"floor":29.0,"key":"REST"},{"floor":32.0,"key":"REST"},{"floor":41,"key":"RECALL"},{"floor":49,"key":"REST"}],"neow_cost":"CURSE","seed_source_timestamp":4691108700667,"circlet_count":0,"master_deck":["AscendersBane","Defend_G","Defend_G","Defend_G","Defend_G","Defend_G","Strike_G","Strike_G","Strike_G","Strike_G","Neutralize+1","Flying Knee","Dagger Throw","Skewer+1","Dodge and Roll","Backstab","Footwork+1","Sucker Punch","After Image","Escape Plan","Corpse Explosion","Dagger Spray+1","Venomology","Cloak And Dagger+1","Envenom","Tools of the Trade","Footwork","Infinite Blades","Deflect+1"],"special_seed":0,"relics":["Ring of the Snake","Vajra","Paper Crane","Ancient Tea Set","The Specimen","Fusion Hammer","FossilizedHelix","Sundial","Oddly Smooth Stone","Bag of Preparation","Kunai","Bag of Marbles","Red Mask","Snake Skull","MutagenicStrength","Busted Crown","Potion Belt","Toy Ornithopter","Happy Flower","Ornamental Fan","Omamori"],"potions_floor_usage":[45,46,47,48,50,50,50,50],"damage_taken":[{"damage":1.0,"enemies":"Small Slimes","floor":1.0,"turns":5.0},{"damage":2.0,"enemies":"2 Louse","floor":2.0,"turns":3.0},{"damage":0.0,"enemies":"Cultist","floor":5.0,"turns":3.0},{"damage":39.0,"enemies":"Lagavulin","floor":7.0,"turns":6.0},{"damage":14.0,"enemies":"3 Sentries","floor":10.0,"turns":8.0},{"damage":1.0,"enemies":"Red Slaver","floor":12.0,"turns":4.0},{"damage":3.0,"enemies":"Large Slime","floor":14.0,"turns":5.0},{"damage":8.0,"enemies":"Slime Boss","floor":16.0,"turns":10.0},{"damage":0.0,"enemies":"Shell Parasite","floor":18.0,"turns":4.0},{"damage":1.0,"enemies":"Colosseum Slavers","floor":20.0,"turns":4.0},{"damage":22.0,"enemies":"Colosseum Nobs","floor":20.0,"turns":3.0},{"damage":0.0,"enemies":"3 Byrds","floor":21.0,"turns":4.0},{"damage":0.0,"enemies":"Gremlin Leader","floor":23.0,"turns":5.0},{"damage":17.0,"enemies":"Snecko","floor":24.0,"turns":6.0},{"damage":0.0,"enemies":"Masked Bandits","floor":28.0,"turns":3.0},{"damage":0.0,"enemies":"Slavers","floor":30.0,"turns":4.0},{"damage":0.0,"enemies":"Automaton","floor":33.0,"turns":7.0},{"damage":0.0,"enemies":"Orb Walker","floor":35.0,"turns":1.0},{"damage":0.0,"enemies":"3 Darklings","floor":37.0,"turns":1.0},{"damage":0,"enemies":"Reptomancer","floor":40,"turns":6},{"damage":0,"enemies":"4 Shapes","floor":45,"turns":3},{"damage":0,"enemies":"Nemesis","floor":46,"turns":6},{"damage":4,"enemies":"Maw","floor":47,"turns":7},{"damage":19,"enemies":"Sphere and 2 Shapes","floor":48,"turns":5},{"damage":0,"enemies":"Donu and Deca","floor":50,"turns":6}],"seed_played":"-8467709433164702711","potions_obtained":[{"floor":1.0,"key":"SteroidPotion"},{"floor":10.0,"key":"Block Potion"},{"floor":12.0,"key":"AttackPotion"},{"floor":16.0,"key":"Energy Potion"},{"floor":20.0,"key":"Strength Potion"},{"floor":23.0,"key":"SkillPotion"},{"floor":37.0,"key":"Energy Potion"},{"floor":40,"key":"Swift Potion"}],"is_trial":false,"path_per_floor":["M","M","$","?","M","R","E","$","T","E","?","M","R","M","R","B",null,"M","?","?","M","$","E","M","R","T","?","?","R","E","?","R","B",null,"M","?","M","?","$","E","R","?","T","$","M","E","M","M","R","B",null],"character_chosen":"THE_SILENT","items_purchased":["Vajra","Skewer","Footwork","Oddly Smooth Stone","Bag of Preparation","Potion Belt","Toy Ornithopter","Footwork","Infinite Blades"],"campfire_rested":5,"item_purchase_floors":[3,3,8,22,22,39,39,39,44],"current_hp_per_floor":[58,56,56,56,56,56,17,17,17,3,3,2,20,17,17,9,50,50,50,27,27,27,27,10,28,28,41,41,59,59,59,63,63,63,63,63,63,63,63,63,63,57,57,57,62,63,59,44,62,63],"gold":95,"neow_bonus":"TWO_FIFTY_GOLD","is_prod":false,"is_daily":false,"chose_seed":false,"campfire_upgraded":2,"win_rate":0,"timestamp":1545590137,"path_taken":["M","M","$","?","M","R","E","$","T","E","?","?","R","M","R","BOSS","M","?","?","M","$","E","M","R","T","?","?","R","E","?","R","BOSS","M","?","M","?","$","E","R","?","T","$","?","E","M","M","R","BOSS"],"build_version":"2018-12-17","purchased_purges":1,"victory":true,"max_hp_per_floor":[66,66,63,63,63,63,63,63,63,63,63,63,63,63,63,63,63,63,63,63,63,63,63,63,63,63,63,63,63,63,63,63,63,63,63,63,63,63,63,63,63,63,63,63,63,63,63,63,63,63],"card_choices":[{"not_picked":["Masterful Stab","Distraction"],"picked":"Flying Knee","floor":1.0},{"not_picked":["Outmaneuver","Bane"],"picked":"Dagger Throw","floor":2.0},{"not_picked":["Quick Slash","Outmaneuver"],"picked":"Dodge and Roll","floor":5.0},{"not_picked":["Choke","Skewer"],"picked":"Backstab","floor":7.0},{"not_picked":["Eviscerate","Calculated Gamble"],"picked":"Sucker Punch","floor":10.0},{"not_picked":["Bane","Poisoned Stab"],"picked":"After Image","floor":12.0},{"not_picked":["Backstab","Outmaneuver"],"picked":"Escape Plan","floor":14.0},{"not_picked":["Grand Finale","Bullet Time"],"picked":"Corpse Explosion","floor":16.0},{"not_picked":["Outmaneuver","Flying Knee","Prepared"],"picked":"SKIP","floor":18.0},{"not_picked":["Slice","Concentrate"],"picked":"Dagger Spray+1","floor":20.0},{"not_picked":["Prepared","Caltrops","Bane"],"picked":"SKIP","floor":21.0},{"not_picked":["Slice","Poisoned Stab+1"],"picked":"Venomology","floor":23.0},{"not_picked":["Slice","Underhanded Strike","Eviscerate"],"picked":"SKIP","floor":24.0},{"not_picked":["Prepared","Backflip"],"picked":"Cloak And Dagger+1","floor":28.0},{"not_picked":["Doppelganger","Slice"],"picked":"Envenom","floor":30.0},{"not_picked":["Wraith Form v2","Venomology"],"picked":"Tools of the Trade","floor":33.0},{"not_picked":["Deflect"],"picked":"SKIP","floor":35.0},{"not_picked":["Masterful Stab"],"picked":"SKIP","floor":37.0},{"not_picked":["Deflect"],"picked":"SKIP","floor":40},{"not_picked":["Caltrops+1"],"picked":"SKIP","floor":45},{"not_picked":[],"picked":"Deflect+1","floor":46},{"not_picked":["Cloak And Dagger"],"picked":"SKIP","floor":47},{"not_picked":["Cloak And Dagger"],"picked":"SKIP","floor":47},{"not_picked":["Deflect+1"],"picked":"SKIP","floor":48}],"player_experience":664080,"relics_obtained":[{"floor":7.0,"key":"Paper Crane"},{"floor":9.0,"key":"Ancient Tea Set"},{"floor":10.0,"key":"The Specimen"},{"floor":20.0,"key":"FossilizedHelix"},{"floor":20.0,"key":"Sundial"},{"floor":23.0,"key":"Kunai"},{"floor":26.0,"key":"Bag of Marbles"},{"floor":28.0,"key":"Red Mask"},{"floor":30.0,"key":"Snake Skull"},{"floor":40,"key":"Happy Flower"},{"floor":43,"key":"Ornamental Fan"},{"floor":46,"key":"Omamori"}],"event_choices":[{"damage_healed":0.0,"max_hp_gain":0.0,"max_hp_loss":0.0,"gold_gain":0.0,"event_name":"Living Wall","player_choice":"Grow","floor":4.0,"gold_loss":0.0,"damage_taken":0.0,"cards_upgraded":["Skewer"]},{"cards_removed":["Strike_G"],"damage_healed":0.0,"max_hp_gain":0.0,"max_hp_loss":0.0,"gold_gain":0.0,"event_name":"Purifier","player_choice":"Purged","floor":11.0,"gold_loss":0.0,"damage_taken":0.0},{"damage_healed":0.0,"max_hp_gain":0.0,"max_hp_loss":0.0,"gold_gain":0.0,"event_name":"The Mausoleum","player_choice":"Ignored","floor":19.0,"gold_loss":0.0,"damage_taken":0.0},{"damage_healed":0.0,"max_hp_gain":0.0,"max_hp_loss":0.0,"gold_gain":0.0,"event_name":"Colosseum","player_choice":"Fight","floor":20.0,"gold_loss":0.0,"damage_taken":0.0},{"damage_healed":0.0,"max_hp_gain":0.0,"max_hp_loss":0.0,"gold_gain":0.0,"event_name":"Colosseum","player_choice":"Fought Nobs","floor":20.0,"gold_loss":0.0,"damage_taken":0.0},{"damage_healed":13.0,"max_hp_gain":0.0,"max_hp_loss":0.0,"gold_gain":0.0,"event_name":"The Library","player_choice":"Heal","floor":27.0,"gold_loss":0.0,"damage_taken":0.0},{"damage_healed":0.0,"max_hp_gain":0.0,"max_hp_loss":0.0,"gold_gain":0.0,"event_name":"Masked Bandits","player_choice":"Fought Bandits","floor":28.0,"gold_loss":0.0,"damage_taken":0.0},{"damage_healed":0.0,"max_hp_gain":0.0,"max_hp_loss":0.0,"gold_gain":0.0,"event_name":"Drug Dealer","player_choice":"Inject Mutagens","floor":31.0,"gold_loss":0.0,"damage_taken":0.0,"relics_obtained":["MutagenicStrength"]},{"cards_removed":["Survivor"],"damage_healed":0.0,"max_hp_gain":0.0,"max_hp_loss":0.0,"gold_gain":0.0,"event_name":"Falling","player_choice":"Removed Skill","floor":36.0,"gold_loss":0.0,"damage_taken":0.0},{"damage_healed":0.0,"max_hp_gain":0.0,"max_hp_loss":0.0,"gold_gain":222.0,"event_name":"Tomb of Lord Red Mask","player_choice":"Wore Mask","floor":38.0,"gold_loss":0.0,"damage_taken":0.0},{"damage_healed":0,"gold_gain":50,"player_choice":"Touch","damage_taken":6,"max_hp_gain":0,"max_hp_loss":0,"event_name":"FaceTrader","floor":42,"gold_loss":0}],"is_beta":true,"boss_relics":[{"not_picked":["Runic Dome","Black Star"],"picked":"Fusion Hammer"},{"not_picked":["Runic Pyramid","Empty Cage"],"picked":"Busted Crown"}],"items_purged_floors":[3],"is_endless":false,"potions_floor_spawned":[1,10,12,16,18,20,23,37,40,46,47],"ascension_level":18}