{"gold_per_floor":[114,114,127,141,14,47,22,49,49,109,69,69,96,109,109,184,184,194,194,194,205,105,105,115,141,165,175,90,125,125,154,154,233,233,249,249,266,1265,428,428,114,139,139,139,139,169,183,210,210,210,210,210,210,72,106,106],"floor_reached":56,"playtime":3258,"items_purged":["Pain","Defend_B","Normality","Normality"],"score":2118,"play_id":"144b1227-c8ef-4164-a1db-f7771b54ee30","local_time":"20190225130854","is_ascension_mode":true,"campfire_choices":[{"data":"Defragment","floor":12.0,"key":"SMITH"},{"data":"Capacitor","floor":15.0,"key":"SMITH"},{"data":"Blizzard","floor":23.0,"key":"SMITH"},{"data":"Consume","floor":30.0,"key":"SMITH"},{"data":"Consume","floor":32.0,"key":"SMITH"},{"data":"Coolheaded","floor":40.0,"key":"SMITH"},{"floor":49.0,"key":"RECALL"},{"data":"Loop","floor":53.0,"key":"SMITH"}],"neow_cost":"NONE","seed_source_timestamp":433840983064400,"circlet_count":0,"master_deck":["AscendersBane","Defend_B","Defend_B","Defend_B","Zap","Dualcast","Defragment+1","Capacitor+1","Coolheaded+1","Glacier","Coolheaded","Cold Snap","Blizzard+1","Barrage","Bite","Bite","Bite","Bite","Bite","Consume+1","Consume+1","Glacier","Coolheaded+1","Loop+1","Blizzard","Loop"],"special_seed":0,"relics":["Cracked Core","NeowsBlessing","WarpedTongs","PreservedInsect","Shuriken","Gremlin Horn","Orichalcum","Runic Dome","Nilry\u0027s Codex","Oddly Smooth Stone","Blue Candle","Dream Catcher","Blood Vial","Coffee Dripper","Pear","Bottled Tornado","Art of War","Centennial Puzzle","Question Card","Omamori","Mummified Hand","Bag of Marbles"],"potions_floor_usage":[56,56],"damage_taken":[{"damage":0.0,"enemies":"Jaw Worm","floor":1.0,"turns":1.0},{"damage":0.0,"enemies":"Cultist","floor":3.0,"turns":1.0},{"damage":4.0,"enemies":"2 Louse","floor":4.0,"turns":2.0},{"damage":14.0,"enemies":"Lagavulin","floor":6.0,"turns":8.0},{"damage":0.0,"enemies":"Gremlin Nob","floor":8.0,"turns":2.0},{"damage":8.0,"enemies":"Lagavulin Event","floor":10.0,"turns":6.0},{"damage":2.0,"enemies":"Looter","floor":11.0,"turns":4.0},{"damage":17.0,"enemies":"3 Sentries","floor":13.0,"turns":5.0},{"damage":1.0,"enemies":"Exordium Wildlife","floor":14.0,"turns":5.0},{"damage":3.0,"enemies":"Hexaghost","floor":16.0,"turns":9.0},{"damage":19.0,"enemies":"3 Byrds","floor":18.0,"turns":5.0},{"damage":0.0,"enemies":"Chosen","floor":21.0,"turns":6.0},{"damage":27.0,"enemies":"Centurion and Healer","floor":24.0,"turns":13.0},{"damage":26.0,"enemies":"Book of Stabbing","floor":25.0,"turns":5.0},{"damage":0.0,"enemies":"Snecko","floor":27.0,"turns":5.0},{"damage":36.0,"enemies":"Gremlin Leader","floor":29.0,"turns":7.0},{"damage":9.0,"enemies":"Book of Stabbing","floor":31.0,"turns":5.0},{"damage":8.0,"enemies":"Collector","floor":33.0,"turns":10.0},{"damage":37.0,"enemies":"3 Darklings","floor":35.0,"turns":12.0},{"damage":6.0,"enemies":"Orb Walker","floor":37.0,"turns":4.0},{"damage":0.0,"enemies":"Giant Head","floor":42.0,"turns":8.0},{"damage":0.0,"enemies":"Writhing Mass","floor":44.0,"turns":1.0},{"damage":3.0,"enemies":"Reptomancer","floor":46.0,"turns":6.0},{"damage":0.0,"enemies":"Sphere and 2 Shapes","floor":47.0,"turns":6.0},{"damage":12.0,"enemies":"Giant Head","floor":48.0,"turns":11.0},{"damage":23.0,"enemies":"Time Eater","floor":50.0,"turns":15.0},{"damage":46.0,"enemies":"Awakened One","floor":51.0,"turns":23.0},{"damage":67.0,"enemies":"Shield and Spear","floor":55.0,"turns":9.0},{"damage":30,"enemies":"The Heart","floor":56,"turns":3}],"seed_played":"-8665937321795681075","potions_obtained":[{"floor":1.0,"key":"FearPotion"},{"floor":13.0,"key":"SteroidPotion"},{"floor":14.0,"key":"FocusPotion"},{"floor":29.0,"key":"Strength Potion"},{"floor":37.0,"key":"SpeedPotion"},{"floor":47.0,"key":"Block Potion"},{"floor":55.0,"key":"Strength Potion"}],"is_trial":false,"path_per_floor":["M","?","M","M","$","E","$","E","T","?","M","R","E","M","R","B",null,"M","?","?","M","$","R","M","E","T","M","?","E","R","E","R","B",null,"M","?","M","?","$","R","$","E","T","M","?","E","M","E","R","B","B",null,"R","$","E","B"],"character_chosen":"DEFECT","items_purchased":["Ball Lightning","Coolheaded","Glacier","Pear","SmokeBomb","Bottled Tornado","Art of War","Weak Potion","Blizzard"],"campfire_rested":0,"item_purchase_floors":[5,7,39,39,39,39,41,54,54],"current_hp_per_floor":[64,64,64,60,60,46,46,46,46,38,36,36,19,18,18,15,57,38,38,17,30,30,30,49,38,38,48,48,27,27,28,28,47,49,49,49,49,49,59,59,59,59,59,59,59,59,59,59,59,59,59,59,59,59,15,0],"gold":106,"neow_bonus":"THREE_ENEMY_KILL","is_prod":false,"is_daily":false,"chose_seed":false,"campfire_upgraded":7,"win_rate":0,"timestamp":1551067734,"path_taken":["M","?","?","M","$","E","$","E","T","?","M","R","E","M","R","BOSS","M","?","?","M","?","R","?","E","T","M","?","E","R","E","R","BOSS","M","?","M","?","$","R","?","E","T","M","?","E","M","E","R","BOSS","BOSS","R","$","E","BOSS"],"build_version":"2019-01-23","purchased_purges":4,"victory":false,"max_hp_per_floor":[71,71,71,71,71,71,71,71,71,71,71,71,71,71,71,71,71,71,49,49,49,49,49,49,49,49,49,49,49,49,49,49,49,49,49,49,49,49,59,59,59,59,59,59,59,59,59,59,59,59,59,59,59,59,59,59],"card_choices":[{"not_picked":["Stack","Steam"],"picked":"Defragment","floor":1.0},{"not_picked":["Chill","Leap"],"picked":"Capacitor","floor":3.0},{"not_picked":["Gash","Stack"],"picked":"Coolheaded","floor":4.0},{"not_picked":["Amplify","Streamline"],"picked":"Glacier","floor":6.0},{"not_picked":["Reinforced Body","Conserve Battery","Steam Power"],"picked":"SKIP","floor":8.0},{"not_picked":["Storm","Rebound"],"picked":"Cold Snap","floor":11.0},{"not_picked":["Meteor Strike","Steam"],"picked":"Blizzard","floor":13.0},{"not_picked":["Steam","Leap"],"picked":"Barrage","floor":14.0},{"not_picked":["Chaos","Genetic Algorithm","Steam"],"picked":"SKIP","floor":18.0},{"not_picked":["Go for the Eyes","Ball Lightning","Genetic Algorithm"],"picked":"SKIP","floor":21.0},{"not_picked":["Barrage","Rebound","Scrape"],"picked":"SKIP","floor":24.0},{"not_picked":["Compile Driver","Recycle"],"picked":"Consume","floor":25.0},{"not_picked":["Streamline","Reprogram+1","Auto Shields"],"picked":"SKIP","floor":27.0},{"not_picked":["Compile Driver","All For One","Hologram"],"picked":"SKIP","floor":29.0},{"not_picked":["Rainbow","Steam"],"picked":"Consume","floor":31.0},{"not_picked":["Go for the Eyes","Streamline","Steam Power"],"picked":"SKIP","floor":35.0},{"not_picked":["Fusion","Rebound","Steam"],"picked":"SKIP","floor":37.0},{"not_picked":["BootSequence","Recycle","Lockon+1"],"picked":"SKIP","floor":42.0},{"not_picked":["FTL+1","Genetic Algorithm+1","Sweeping Beam"],"picked":"Coolheaded+1","floor":46.0},{"not_picked":["Conserve Battery","Sweeping Beam","Ball Lightning+1"],"picked":"Loop","floor":47.0},{"not_picked":["Thunder Strike","Self Repair","Hello World","Fusion+1"],"picked":"SKIP","floor":48.0},{"not_picked":["Leap","Tempest","Coolheaded"],"picked":"Loop","floor":55.0}],"player_experience":1806558,"relics_obtained":[{"floor":6.0,"key":"PreservedInsect"},{"floor":8.0,"key":"Shuriken"},{"floor":9.0,"key":"Gremlin Horn"},{"floor":10.0,"key":"Orichalcum"},{"floor":20.0,"key":"Nilry\u0027s Codex"},{"floor":25.0,"key":"Oddly Smooth Stone"},{"floor":29.0,"key":"Dream Catcher"},{"floor":31.0,"key":"Blood Vial"},{"floor":42.0,"key":"Centennial Puzzle"},{"floor":43.0,"key":"Question Card"},{"floor":46.0,"key":"Omamori"},{"floor":48.0,"key":"Mummified Hand"},{"floor":55.0,"key":"Bag of Marbles"}],"event_choices":[{"damage_healed":0.0,"max_hp_gain":0.0,"max_hp_loss":0.0,"gold_gain":0.0,"event_name":"Accursed Blacksmith","player_choice":"Rummage","floor":2.0,"gold_loss":0.0,"damage_taken":0.0,"relics_obtained":["WarpedTongs"],"cards_obtained":["Pain"]},{"damage_healed":0.0,"max_hp_gain":0.0,"max_hp_loss":0.0,"gold_gain":0.0,"event_name":"Dead Adventurer","player_choice":"Searched \u00271\u0027 times","floor":10.0,"gold_loss":0.0,"damage_taken":0.0},{"damage_healed":0.0,"max_hp_gain":0.0,"max_hp_loss":22.0,"gold_gain":0.0,"event_name":"Vampires","player_choice":"Became a vampire","floor":19.0,"gold_loss":0.0,"damage_taken":0.0,"cards_obtained":["Bite","Bite","Bite","Bite","Bite"]},{"damage_healed":0.0,"max_hp_gain":0.0,"max_hp_loss":0.0,"gold_gain":0.0,"event_name":"Cursed Tome","player_choice":"Obtained Book","floor":20.0,"gold_loss":0.0,"damage_taken":21.0},{"damage_healed":0.0,"max_hp_gain":0.0,"max_hp_loss":0.0,"gold_gain":0.0,"event_name":"Addict","player_choice":"Obtained Relic","floor":28.0,"gold_loss":85.0,"damage_taken":0.0,"relics_obtained":["Blue Candle"]},{"damage_healed":0.0,"max_hp_gain":0.0,"max_hp_loss":0.0,"gold_gain":0.0,"event_name":"Mysterious Sphere","player_choice":"Ignored","floor":36.0,"gold_loss":0.0,"damage_taken":0.0},{"damage_healed":0.0,"max_hp_gain":0.0,"max_hp_loss":0.0,"gold_gain":999.0,"event_name":"MindBloom","player_choice":"Gold","floor":38.0,"gold_loss":0.0,"damage_taken":0.0,"cards_obtained":["Normality","Normality"]},{"cards_removed":["Ball Lightning"],"damage_healed":0.0,"max_hp_gain":0.0,"max_hp_loss":0.0,"gold_gain":0.0,"event_name":"Wheel of Change","player_choice":"Card Removal","floor":45.0,"gold_loss":0.0,"damage_taken":0.0}],"is_beta":false,"boss_relics":[{"not_picked":["Calling Bell","FrozenCore"],"picked":"Runic Dome"},{"not_picked":["Sozu","Tiny House"],"picked":"Coffee Dripper"}],"items_purged_floors":[5,22,39,41],"is_endless":false,"potions_floor_spawned":[1,13,14,18,24,29,37,44,47,55],"killed_by":"The Heart","ascension_level":20}