{"gold_per_floor":[118,43,43,70,93,132,132,165,165,165,165,209,29,64,64,160,160,175,135,150,168,187,187,222,222,248,248,248,248],"floor_reached":29,"playtime":1058,"items_purged":[],"score":584,"play_id":"be7c0b01-b312-4a11-b1c0-cd37bc93b670","local_time":"20190421133731","is_ascension_mode":true,"campfire_choices":[{"data":"Rampage","floor":7.0,"key":"SMITH"},{"data":"Immolate","floor":10,"key":"SMITH"},{"data":"Disarm","floor":15,"key":"SMITH"},{"data":"Barricade","floor":23,"key":"SMITH"},{"data":"Juggernaut","floor":25,"key":"SMITH"}],"neow_cost":"NONE","seed_source_timestamp":466160775523600,"circlet_count":0,"master_deck":["AscendersBane","Strike_R","Defend_R","Defend_R","Defend_R","Defend_R","Bash","Ghostly Armor","Rampage+1","Immolate+1","Evolve","Disarm+1","Shrug It Off","Barricade+1","True Grit","Power Through","Dark Embrace","Body Slam","Juggernaut+1","Warcry","Anger"],"special_seed":0,"relics":["Burning Blood","NeowsBlessing","Golden Idol","Potion Belt","Matryoshka","Darkstone Periapt","Happy Flower","WingedGreaves","Dead Branch","Art of War","Orrery","Dream Catcher","Letter Opener","Juzu Bracelet"],"potions_floor_usage":[8,14,14,20,24,24,24,24,29],"damage_taken":[{"damage":0.0,"enemies":"2 Louse","floor":1.0,"turns":1.0},{"damage":0.0,"enemies":"Small Slimes","floor":5.0,"turns":1.0},{"damage":0.0,"enemies":"3 Sentries","floor":6.0,"turns":2.0},{"damage":15,"enemies":"Lagavulin","floor":8,"turns":6},{"damage":15,"enemies":"3 Sentries","floor":12,"turns":4},{"damage":8,"enemies":"Gremlin Nob","floor":14,"turns":3},{"damage":4,"enemies":"The Guardian","floor":16,"turns":13},{"damage":0,"enemies":"Chosen","floor":18,"turns":8},{"damage":17,"enemies":"Shell Parasite","floor":20,"turns":13},{"damage":7,"enemies":"Snecko","floor":21,"turns":9},{"damage":0,"enemies":"Snake Plant","floor":22,"turns":6},{"damage":28,"enemies":"Gremlin Leader","floor":24,"turns":8},{"damage":29,"enemies":"Colosseum Slavers","floor":27,"turns":5},{"damage":24,"enemies":"Sentry and Sphere","floor":29,"turns":6}],"seed_played":"1403410982143698730","potions_obtained":[{"floor":5.0,"key":"Swift Potion"},{"floor":6.0,"key":"Ancient Potion"},{"floor":12,"key":"Energy Potion"},{"floor":16,"key":"Dexterity Potion"},{"floor":19,"key":"Strength Potion"},{"floor":19,"key":"Explosive Potion"},{"floor":19,"key":"Block Potion"},{"floor":20,"key":"EssenceOfSteel"},{"floor":24,"key":"GamblersBrew"}],"is_trial":false,"path_per_floor":["M","?","?","T","M","E","R","E","T","R","?","E","$","E","R","B",null,"M","?","M","M","M","R","E","R","T","?","?","M"],"character_chosen":"IRONCLAD","items_purchased":["Evolve","Disarm","Shrug It Off"],"campfire_rested":0,"item_purchase_floors":[13,13,13],"current_hp_per_floor":[74,74,48,48,54,60,60,51,51,51,44,35,35,33,33,35,65,71,71,60,59,65,65,43,43,43,20,20,0],"gold":248,"neow_bonus":"THREE_ENEMY_KILL","is_prod":false,"is_daily":false,"chose_seed":false,"campfire_upgraded":5,"win_rate":0,"timestamp":1555821451,"path_taken":["M","?","?","?","M","E","R","E","T","R","?","E","$","E","R","BOSS","M","?","?","?","M","R","E","R","T","?","?","M"],"build_version":"2019-01-23","purchased_purges":0,"victory":false,"max_hp_per_floor":[75,75,75,75,75,75,75,75,75,75,75,75,75,75,75,75,75,75,75,75,75,75,75,75,75,75,75,75,75],"card_choices":[{"not_picked":["Iron Wave","Bloodletting"],"picked":"Ghostly Armor","floor":1.0},{"not_picked":["Infernal Blade","Pommel Strike"],"picked":"Rampage","floor":5.0},{"not_picked":["Body Slam","Metallicize","Perfected Strike"],"picked":"SKIP","floor":6.0},{"not_picked":["Clothesline","Searing Blow"],"picked":"Immolate","floor":8},{"not_picked":["Rage","Wild Strike","Twin Strike"],"picked":"SKIP","floor":12},{"not_picked":["Clash","Uppercut","Cleave"],"picked":"SKIP","floor":14},{"not_picked":["Juggernaut","Reaper"],"picked":"Barricade","floor":16},{"not_picked":["Fire Breathing","Ghostly Armor"],"picked":"True Grit","floor":17},{"not_picked":["Inflame","Pommel Strike"],"picked":"Power Through","floor":17},{"not_picked":["Warcry+1","Intimidate"],"picked":"Dark Embrace","floor":18},{"not_picked":["Thunderclap","Sword Boomerang"],"picked":"Body Slam","floor":20},{"not_picked":["Flex","Body Slam","Twin Strike"],"picked":"SKIP","floor":21},{"not_picked":["Armaments","Sword Boomerang+1","Thunderclap"],"picked":"SKIP","floor":22},{"not_picked":["Iron Wave+1","Armaments"],"picked":"Juggernaut","floor":24}],"player_experience":3270125,"relics_obtained":[{"floor":4.0,"key":"Potion Belt"},{"floor":6.0,"key":"Matryoshka"},{"floor":8,"key":"Darkstone Periapt"},{"floor":9,"key":"Happy Flower"},{"floor":9,"key":"WingedGreaves"},{"floor":12,"key":"Dead Branch"},{"floor":14,"key":"Art of War"},{"floor":24,"key":"Dream Catcher"},{"floor":26,"key":"Letter Opener"},{"floor":26,"key":"Juzu Bracelet"}],"event_choices":[{"cards_removed":["Strike_R"],"damage_healed":0.0,"max_hp_gain":0.0,"max_hp_loss":0.0,"gold_gain":0.0,"event_name":"The Cleric","player_choice":"Card Removal","floor":2.0,"gold_loss":75.0,"damage_taken":0.0},{"damage_healed":0.0,"max_hp_gain":0.0,"max_hp_loss":0.0,"gold_gain":0.0,"event_name":"Golden Idol","player_choice":"Take Damage","floor":3.0,"gold_loss":0.0,"damage_taken":26.0,"relics_obtained":["Golden Idol"]},{"cards_removed":["Strike_R"],"damage_healed":0,"gold_gain":0,"player_choice":"Card Removal","damage_taken":7,"max_hp_gain":0,"max_hp_loss":0,"event_name":"Golden Wing","floor":11,"gold_loss":0},{"damage_healed":0,"gold_gain":0,"player_choice":"Bought 3 Potions","damage_taken":0,"max_hp_gain":0,"max_hp_loss":0,"event_name":"The Woman in Blue","floor":19,"gold_loss":0},{"damage_healed":0,"gold_gain":0,"player_choice":"Fight","damage_taken":0,"max_hp_gain":0,"max_hp_loss":0,"event_name":"Colosseum","floor":27,"gold_loss":0},{"damage_healed":0,"gold_gain":0,"player_choice":"Fled From Nobs","damage_taken":0,"max_hp_gain":0,"max_hp_loss":0,"event_name":"Colosseum","floor":27,"gold_loss":0},{"damage_healed":0,"gold_gain":0,"cards_transformed":["Strike_R","Strike_R"],"player_choice":"Became Test Subject","damage_taken":0,"max_hp_gain":0,"max_hp_loss":0,"event_name":"Drug Dealer","floor":28,"gold_loss":0,"cards_obtained":["Warcry","Anger"]}],"is_beta":false,"boss_relics":[{"not_picked":["Black Blood","Runic Pyramid"],"picked":"Orrery"}],"items_purged_floors":[],"is_endless":false,"potions_floor_spawned":[5,6,12,16,20,24,27],"killed_by":"Sentry and Sphere","ascension_level":20}