{"gold_per_floor":[118,128,128,128,128,128,151,194,194,194,194,210,285,285],"floor_reached":14,"playtime":277,"items_purged":[],"score":176,"play_id":"028d1712-267c-41aa-a00c-f080ad270317","local_time":"20190327131233","is_ascension_mode":true,"campfire_choices":[{"floor":6,"key":"REST"},{"data":"Feel No Pain","floor":10,"key":"SMITH"}],"neow_cost":"TEN_PERCENT_HP_LOSS","seed_source_timestamp":38754668970600,"circlet_count":0,"master_deck":["AscendersBane","Strike_R","Strike_R","Strike_R","Defend_R","Defend_R+1","Defend_R+1","Defend_R","Bash","Evolve","Entrench","Shrug It Off","Feel No Pain+1","True Grit+1"],"relics":["Burning Blood","Toxic Egg 2","Golden Idol","Magic Flower","Mercury Hourglass","Smiling Mask"],"potions_floor_usage":[7,8,14],"damage_taken":[{"damage":7,"enemies":"Small Slimes","floor":1,"turns":5},{"damage":6,"enemies":"2 Louse","floor":2,"turns":4},{"damage":2,"enemies":"Jaw Worm","floor":7,"turns":5},{"damage":26,"enemies":"Lagavulin","floor":8,"turns":10},{"damage":7,"enemies":"Looter","floor":12,"turns":4},{"damage":8,"enemies":"Gremlin Nob","floor":14,"turns":3}],"seed_played":"-258132375823870496","potions_obtained":[{"floor":2,"key":"SteroidPotion"},{"floor":7,"key":"BloodPotion"},{"floor":12,"key":"SkillPotion"}],"is_trial":false,"path_per_floor":["M","M","?","?","?","R","M","E","T","R","?","M","?","E"],"character_chosen":"IRONCLAD","items_purchased":[],"campfire_rested":1,"item_purchase_floors":[],"current_hp_per_floor":[67,67,62,42,19,39,43,29,29,29,29,31,20,12],"gold":285,"neow_bonus":"TRANSFORM_TWO_CARDS","is_prod":false,"is_daily":false,"chose_seed":false,"campfire_upgraded":1,"win_rate":0,"timestamp":1553659953,"path_taken":["M","M","?","?","?","R","?","E","T","R","?","?","?","E"],"build_version":"2019-01-23","purchased_purges":0,"victory":false,"max_hp_per_floor":[68,68,68,68,68,68,68,68,68,68,68,68,68,68],"card_choices":[{"not_picked":["Iron Wave","Anger"],"picked":"Entrench","floor":1},{"not_picked":["Iron Wave","Body Slam"],"picked":"Shrug It Off","floor":2},{"not_picked":["Pommel Strike","Bludgeon"],"picked":"Feel No Pain","floor":7},{"not_picked":["Headbutt","Clash","Heavy Blade"],"picked":"SKIP","floor":8},{"not_picked":["Shockwave+1","Fire Breathing"],"picked":"True Grit+1","floor":12}],"player_experience":2627076,"relics_obtained":[{"floor":8,"key":"Magic Flower"},{"floor":9,"key":"Mercury Hourglass"}],"event_choices":[{"damage_healed":0,"gold_gain":0,"player_choice":"Success","damage_taken":5,"relics_obtained":["Toxic Egg 2"],"max_hp_gain":0,"max_hp_loss":0,"event_name":"Scrap Ooze","floor":3,"gold_loss":0},{"damage_healed":0,"gold_gain":0,"player_choice":"Entered Light","damage_taken":20,"max_hp_gain":0,"max_hp_loss":0,"event_name":"Shining Light","floor":4,"gold_loss":0,"cards_upgraded":["Defend_R","Defend_R"]},{"damage_healed":0,"gold_gain":0,"player_choice":"Take Damage","damage_taken":23,"relics_obtained":["Golden Idol"],"max_hp_gain":0,"max_hp_loss":0,"event_name":"Golden Idol","floor":5,"gold_loss":0},{"cards_removed":["Corruption"],"damage_healed":0,"gold_gain":0,"player_choice":"Gave Card","damage_taken":0,"relics_obtained":["Smiling Mask"],"max_hp_gain":0,"max_hp_loss":0,"event_name":"WeMeetAgain","floor":11,"gold_loss":0},{"damage_healed":0,"gold_gain":75,"player_choice":"Gather Gold","damage_taken":11,"max_hp_gain":0,"max_hp_loss":0,"event_name":"World of Goop","floor":13,"gold_loss":0}],"is_beta":false,"boss_relics":[],"items_purged_floors":[],"is_endless":false,"potions_floor_spawned":[2,7,12],"killed_by":"Gremlin Nob","ascension_level":20}