{"path_per_floor":["M","?","M","?","M","M","?","M","T","M","M","M","R","M","R","B",null,"M","?","$","M"],"character_chosen":"IRONCLAD","items_purchased":["Armaments","Inflame","Blood Vial","Transmutation"],"gold_per_floor":[111,167,178,178,197,216,216,227,308,319,332,345,345,359,359,459,459,471,471,37,55],"floor_reached":22,"campfire_rested":2,"playtime":1551,"current_hp_per_floor":[42,42,44,49,47,43,43,47,57,52,37,38,72,77,111,71,116,99,75,75,33],"items_purged":[],"gold":55,"score":294,"play_id":"fb671c41-5a9d-4959-a8d7-3b63a04c985d","local_time":"20180304200159","is_prod":false,"is_daily":false,"is_ascension_mode":true,"campfire_upgraded":0,"timestamp":1520186519,"path_taken":["M","?","M","?","M","M","?","M","T","M","?","?","R","M","R","BOSS","M","?","?","?","M"],"build_version":"2018-03-01-PROD1","purchased_purges":0,"victory":false,"master_deck":["Strike_R","Strike_R","Strike_R","Strike_R","Strike_R","Defend_R","Defend_R","Defend_R","Defend_R","Bash","Feed","Iron Wave","Inflame","Inflame","Cleave","Inflame","Carnage","Flex","Clothesline","Flame Barrier","Demon Form","Flex","Armaments","Inflame","Transmutation","Shrug It Off"],"max_hp_per_floor":[83,83,86,91,94,97,97,97,107,110,113,116,116,116,116,116,116,116,121,121,121],"relics":["Burning Blood","Pear","Lizard Tail","Blood Vial"],"card_choices":[{"not_picked":["Double Tap","Fiend Fire"],"picked":"Feed"},{"not_picked":["Anger","Second Wind"],"picked":"Iron Wave"},{"not_picked":["Thunderclap","Reckless Charge"],"picked":"Inflame"},{"not_picked":["Searing Blow","Body Slam"],"picked":"Inflame"},{"not_picked":["Evolve","Sword Boomerang"],"picked":"Cleave"},{"not_picked":["Seeing Red","Sword Boomerang"],"picked":"Inflame"},{"not_picked":["Sword Boomerang","Clash"],"picked":"Carnage"},{"not_picked":["Fiend Fire","Reckless Charge"],"picked":"Flex"},{"not_picked":["Combust","Twin Strike"],"picked":"Clothesline"},{"not_picked":["Dropkick","Sword Boomerang"],"picked":"Flame Barrier"},{"not_picked":["Juggernaut","Bludgeon"],"picked":"Demon Form"},{"not_picked":["Evolve","Clothesline"],"picked":"Flex"},{"not_picked":["Sword Boomerang","Sentinel"],"picked":"Shrug It Off"}],"player_experience":232170,"potions_floor_usage":[14,21,22],"damage_taken":[{"damage":7.0,"enemies":"Jaw Worm","floor":1.0,"turns":2.0},{"damage":7.0,"enemies":"Small Slimes","floor":3.0,"turns":4.0},{"damage":11.0,"enemies":"Cultist","floor":5.0,"turns":4.0},{"damage":13.0,"enemies":"Blue Slaver","floor":6.0,"turns":4.0},{"damage":2.0,"enemies":"Looter","floor":8.0,"turns":3.0},{"damage":14.0,"enemies":"Red Slaver","floor":10.0,"turns":2.0},{"damage":24.0,"enemies":"Exordium Wildlife","floor":11.0,"turns":3.0},{"damage":8.0,"enemies":"Exordium Thugs","floor":12.0,"turns":4.0},{"damage":1,"enemies":"Lots of Slimes","floor":14,"turns":2},{"damage":46,"enemies":"The Guardian","floor":16,"turns":9},{"damage":23,"enemies":"Spheric Guardian","floor":18,"turns":4},{"damage":50,"enemies":"Shell Parasite","floor":21,"turns":9},{"damage":126,"enemies":"Cultist and Chosen","floor":22,"turns":10}],"event_choices":[{"event_name":"Golden Wing","player_choice":"Gained Gold","floor":2.0,"damage_taken":0.0},{"event_name":"Big Fish","player_choice":"Donut","floor":4.0,"damage_taken":0.0},{"event_name":"The Lab","player_choice":"Got Potions","floor":7.0,"damage_taken":0.0},{"event_name":"Forgotten Altar","player_choice":"Shed Blood","floor":19,"damage_taken":0}],"boss_relics":[{"not_picked":["Black Star","Snecko Eye"],"picked":"Lizard Tail"}],"potions_floor_spawned":[3,6,11,12,14,18],"seed_played":"-5061151686336818220","killed_by":"Cultist and Chosen","ascension_level":4,"is_trial":false}