{"gold_per_floor":[111,128,128,128,128,128,166,166,166,197,215,215,37,78,78,169,169,185,199,224,499,108,108,146,159,183,208,208,108,108,108,108,207,207,231,121,139,154,59,59,59,59,82,121,121,144,160,204,204,204,204,204,204,49,49],"floor_reached":55,"playtime":2887,"items_purged":["Regret","Defend_B"],"score":2122,"play_id":"ca531ea9-c601-45df-8113-36cd366a633f","local_time":"20190310233157","is_ascension_mode":true,"campfire_choices":[{"data":"Defragment","floor":6,"key":"SMITH"},{"data":"Barrage","floor":8,"key":"SMITH"},{"data":"Capacitor","floor":15,"key":"SMITH"},{"data":"Capacitor","floor":23,"key":"SMITH"},{"data":"Buffer","floor":28,"key":"SMITH"},{"data":"Coolheaded","floor":30,"key":"SMITH"},{"data":"Coolheaded","floor":32,"key":"SMITH"},{"data":"Defragment","floor":40,"key":"SMITH"},{"floor":45,"key":"REST"},{"floor":49,"key":"RECALL"},{"data":"Discovery","floor":53,"key":"SMITH"}],"neow_cost":"NONE","seed_source_timestamp":131779112098299,"circlet_count":0,"master_deck":["AscendersBane","Strike_B+1","Strike_B","Strike_B","Defend_B","Defend_B","Zap+1","Dualcast","Coolheaded+1","Defragment+1","Barrage+1","Rip and Tear","Coolheaded+1","White Noise","Self Repair","Capacitor+1","Echo Form","BootSequence+1","Glacier+1","Capacitor+1","Cold Snap","Buffer+1","Go for the Eyes+1","Chill","Meteor Strike","Defragment+1","Discovery+1","Coolheaded","Undo+1","Echo Form","Glacier"],"relics":["Cracked Core","NeowsBlessing","Golden Idol","Blood Vial","Dream Catcher","Blue Candle","Cables","Gambling Chip","Nuclear Battery","OrangePellets","Lantern","Runic Dome","DataDisk","Boot","Happy Flower"],"potions_floor_usage":[10,14,14,24,25,33,44,55],"damage_taken":[{"damage":0,"enemies":"2 Louse","floor":1,"turns":1},{"damage":0,"enemies":"Jaw Worm","floor":2,"turns":1},{"damage":0,"enemies":"Gremlin Nob","floor":7,"turns":1},{"damage":17,"enemies":"Lagavulin","floor":10,"turns":6},{"damage":0,"enemies":"Cultist","floor":11,"turns":2},{"damage":8,"enemies":"3 Sentries","floor":14,"turns":3},{"damage":4,"enemies":"Hexaghost","floor":16,"turns":6},{"damage":18,"enemies":"Chosen","floor":18,"turns":5},{"damage":6,"enemies":"3 Byrds","floor":19,"turns":5},{"damage":0,"enemies":"Snecko","floor":20,"turns":7},{"damage":25,"enemies":"Gremlin Leader","floor":24,"turns":5},{"damage":10,"enemies":"3 Cultists","floor":25,"turns":5},{"damage":13,"enemies":"Sentry and Sphere","floor":27,"turns":5},{"damage":0,"enemies":"Collector","floor":33,"turns":12},{"damage":18,"enemies":"3 Darklings","floor":35,"turns":10},{"damage":0,"enemies":"Orb Walker","floor":37,"turns":4},{"damage":0,"enemies":"Spire Growth","floor":38,"turns":7},{"damage":55,"enemies":"Reptomancer","floor":44,"turns":11},{"damage":0,"enemies":"4 Shapes","floor":46,"turns":7},{"damage":0,"enemies":"Transient","floor":47,"turns":6},{"damage":0,"enemies":"Nemesis","floor":48,"turns":7},{"damage":11,"enemies":"Time Eater","floor":50,"turns":10},{"damage":0,"enemies":"Donu and Deca","floor":51,"turns":12},{"damage":64,"enemies":"Shield and Spear","floor":55,"turns":3}],"seed_played":"1712024413788745170","potions_obtained":[{"floor":7,"key":"SteroidPotion"},{"floor":10,"key":"SteroidPotion"},{"floor":14,"key":"GamblersBrew"},{"floor":19,"key":"FocusPotion"},{"floor":24,"key":"FocusPotion"},{"floor":25,"key":"Swift Potion"},{"floor":27,"key":"FocusPotion"},{"floor":37,"key":"EssenceOfSteel"},{"floor":44,"key":"Explosive Potion"}],"is_trial":false,"path_per_floor":["M","M","?","?","?","R","E","R","T","E","M","?","$","E","R","B",null,"M","M","M","?","$","R","E","M","T","M","R","$","R","?","R","B",null,"M","?","M","M","$","R","?","?","T","E","R","M","M","E","R","B","B",null,"R","$","E"],"character_chosen":"DEFECT","items_purchased":["White Noise","Self Repair","Explosive Potion","OrangePellets","Capacitor","Cold Snap","Discovery","Echo Form","Glacier"],"campfire_rested":1,"item_purchase_floors":[13,13,13,22,22,22,39,54,54],"current_hp_per_floor":[64,64,43,43,25,25,27,27,27,12,14,14,14,15,15,20,53,51,54,64,64,64,64,46,52,52,41,41,41,41,41,41,57,62,60,60,64,64,64,64,61,61,61,13,31,40,56,61,61,61,61,61,61,61,0],"gold":49,"neow_bonus":"THREE_ENEMY_KILL","is_prod":false,"is_daily":false,"chose_seed":false,"campfire_upgraded":9,"win_rate":0,"timestamp":1552228317,"path_taken":["M","M","?","?","?","R","E","R","T","E","?","?","$","E","R","BOSS","M","?","M","?","$","R","E","M","T","M","R","?","R","?","R","BOSS","M","?","M","?","$","R","?","?","T","E","R","M","?","E","R","BOSS","BOSS","R","$","E"],"build_version":"2019-01-23","purchased_purges":2,"victory":false,"max_hp_per_floor":[71,71,71,64,64,64,64,64,64,64,64,64,64,64,64,64,64,64,64,64,64,64,64,64,64,64,64,64,64,64,64,64,64,64,64,64,64,64,64,64,61,61,61,61,61,61,61,61,61,61,61,61,61,61,61],"card_choices":[{"not_picked":["Recycle","Streamline"],"picked":"Coolheaded","floor":1},{"not_picked":["Chill","Go for the Eyes"],"picked":"Defragment","floor":2},{"not_picked":["Auto Shields","Compile Driver"],"picked":"Barrage","floor":7},{"not_picked":["Barrage","Recycle"],"picked":"Rip and Tear","floor":10},{"not_picked":["Conserve Battery","Static Discharge"],"picked":"Coolheaded","floor":11},{"not_picked":["Reboot","Leap"],"picked":"Capacitor","floor":14},{"not_picked":["Core Surge","Reboot"],"picked":"Echo Form","floor":16},{"not_picked":["Storm","Steam"],"picked":"BootSequence+1","floor":18},{"not_picked":["Steam Power","Streamline","Gash"],"picked":"SKIP","floor":19},{"not_picked":["Ball Lightning","Storm"],"picked":"Glacier","floor":20},{"not_picked":["Redo","Reprogram"],"picked":"Buffer","floor":24},{"not_picked":["Ball Lightning","Rip and Tear"],"picked":"Go for the Eyes+1","floor":25},{"not_picked":["BootSequence","Beam Cell"],"picked":"Chill","floor":27},{"not_picked":["Hyperbeam","Fission"],"picked":"Meteor Strike","floor":33},{"not_picked":["Doom and Gloom","Steam Power","Beam Cell"],"picked":"SKIP","floor":35},{"not_picked":["Compile Driver+1","Heatsinks"],"picked":"Defragment","floor":37},{"not_picked":["Aggregate","Hello World","Beam Cell"],"picked":"SKIP","floor":38},{"not_picked":["Capacitor","Barrage","Ball Lightning"],"picked":"SKIP","floor":44},{"not_picked":["Sweeping Beam+1","Chaos"],"picked":"Coolheaded","floor":45},{"not_picked":["Compile Driver","Beam Cell+1","Ball Lightning"],"picked":"SKIP","floor":46},{"not_picked":["Go for the Eyes","Barrage"],"picked":"Undo+1","floor":47},{"not_picked":["Coolheaded","Force Field","Static Discharge"],"picked":"SKIP","floor":48}],"player_experience":2159292,"relics_obtained":[{"floor":7,"key":"Dream Catcher"},{"floor":9,"key":"Blue Candle"},{"floor":10,"key":"Cables"},{"floor":14,"key":"Gambling Chip"},{"floor":24,"key":"Lantern"},{"floor":43,"key":"DataDisk"},{"floor":44,"key":"Boot"},{"floor":48,"key":"Happy Flower"}],"event_choices":[{"damage_healed":0,"gold_gain":0,"player_choice":"Entered Light","damage_taken":21,"max_hp_gain":0,"max_hp_loss":0,"event_name":"Shining Light","floor":3,"gold_loss":0,"cards_upgraded":["Strike_B","Zap"]},{"damage_healed":0,"gold_gain":0,"player_choice":"Lose Max HP","damage_taken":0,"relics_obtained":["Golden Idol"],"max_hp_gain":0,"max_hp_loss":7,"event_name":"Golden Idol","floor":4,"gold_loss":0},{"damage_healed":0,"gold_gain":0,"player_choice":"Success","damage_taken":18,"relics_obtained":["Blood Vial"],"max_hp_gain":0,"max_hp_loss":0,"event_name":"Scrap Ooze","floor":5,"gold_loss":0},{"damage_healed":0,"gold_gain":0,"player_choice":"0 cards matched","damage_taken":0,"max_hp_gain":0,"max_hp_loss":0,"event_name":"Match and Keep!","floor":12,"gold_loss":0,"cards_obtained":[]},{"damage_healed":0,"gold_gain":275,"player_choice":"Desecrate","damage_taken":0,"max_hp_gain":0,"max_hp_loss":0,"event_name":"Golden Shrine","floor":21,"gold_loss":0,"cards_obtained":["Regret"]},{"cards_removed":["Strike_B"],"damage_healed":0,"gold_gain":0,"player_choice":"Elegance","damage_taken":0,"max_hp_gain":0,"max_hp_loss":0,"event_name":"Back to Basics","floor":31,"gold_loss":0},{"cards_removed":["Defend_B"],"damage_healed":0,"gold_gain":0,"player_choice":"Upgrade and Remove","damage_taken":0,"max_hp_gain":0,"max_hp_loss":0,"event_name":"Designer","floor":36,"gold_loss":110,"cards_upgraded":["Glacier"]},{"damage_healed":0,"gold_gain":0,"player_choice":"Max HP","damage_taken":0,"max_hp_gain":0,"max_hp_loss":3,"event_name":"Winding Halls","floor":41,"gold_loss":0},{"damage_healed":0,"gold_gain":0,"player_choice":"0 cards matched","damage_taken":0,"max_hp_gain":0,"max_hp_loss":0,"event_name":"Match and Keep!","floor":42,"gold_loss":0,"cards_obtained":[]}],"is_beta":false,"boss_relics":[{"not_picked":["Philosopher\u0027s Stone","Tiny House"],"picked":"Nuclear Battery"},{"not_picked":["Pandora\u0027s Box","Calling Bell"],"picked":"Runic Dome"}],"items_purged_floors":[22,29],"is_endless":false,"potions_floor_spawned":[7,10,14,19,24,25,27,37,44,47],"killed_by":"Shield and Spear","ascension_level":20}