{"path_per_floor":["M","?","?","?","M","R","$","M","T","M","E","M","M","$","R","B",null,"M","M","$","?","?","R","?","R","T","E","M","R","?","M","R","B",null,"M","$","T","$","$","M","?"],"character_chosen":"IRONCLAD","items_purchased":["Infernal Blade","Inflame","Girya","Dramatic Entrance","Inflame","Deep Breath","Bottled Tornado","Inflame"],"gold_per_floor":[360,330,330,505,524,524,410,430,504,523,553,567,586,127,127,222,222,235,255,83,83,83,83,83,83,83,113,123,123,123,139,139,242,242,255,9,62,24,24,44,44,44],"floor_reached":42,"campfire_rested":5,"playtime":1963,"current_hp_per_floor":[69,69,69,69,69,69,69,71,71,65,45,41,42,42,66,29,75,48,23,23,23,23,49,49,75,75,51,23,50,50,55,82,33,76,44,44,44,44,44,27,27,0],"items_purged":["Doubt"],"gold":44,"score":609,"play_id":"4d05a97f-ec82-4637-b011-f599969356c2","local_time":"20180428184506","is_prod":false,"is_daily":false,"chose_seed":false,"is_ascension_mode":true,"campfire_upgraded":1,"timestamp":1524930306,"path_taken":["M","?","?","?","M","R","$","M","T","M","E","M","M","$","R","BOSS","M","M","$","?","?","R","?","R","T","E","M","R","?","M","R","BOSS","M","$","?","?","$","M","?","M"],"build_version":"2018-04-26","seed_source_timestamp":523479972739443,"purchased_purges":1,"victory":false,"master_deck":["Strike_R","Strike_R","Strike_R","Strike_R","Strike_R","Defend_R","Defend_R","Defend_R","Bash+1","Infernal Blade","Rampage","Sword Boomerang","Corruption","Rupture+1","Inflame","Dramatic Entrance","Berserk","Headbutt","Immolate","Spot Weakness","Heavy Blade","Inflame","Deep Breath","Inflame+1","Heavy Blade","Demon Form+1","Inflame+1"],"max_hp_per_floor":[80,80,80,80,80,80,80,80,80,80,80,82,82,82,82,82,88,88,88,88,88,88,88,88,88,88,90,90,90,90,90,90,90,90,92,92,92,92,92,94,94,94],"relics":["Burning Blood","Mummified Hand","Singing Bowl","Girya","Orrery","Question Card","Toolbox","Frozen Egg 2","Eternal Feather","Bottled Tornado","Prayer Wheel"],"card_choices":[{"not_picked":["Cleave","Second Wind"],"picked":"Rampage","floor":8},{"not_picked":["Thunderclap","Fiend Fire"],"picked":"Sword Boomerang","floor":10},{"not_picked":["Havoc","Shrug It Off"],"picked":"Corruption","floor":11},{"not_picked":["Whirlwind","Havoc"],"picked":"Rupture","floor":13},{"not_picked":["Exhume","Bludgeon"],"picked":"Berserk","floor":16},{"not_picked":["Clothesline","Shrug It Off"],"picked":"Headbutt","floor":17},{"not_picked":["Twin Strike","Warcry"],"picked":"Immolate","floor":17},{"not_picked":["Body Slam","Thunderclap"],"picked":"Spot Weakness","floor":18},{"not_picked":["Wild Strike","Corruption"],"picked":"Heavy Blade","floor":19},{"not_picked":["Clothesline","Shockwave","Ghostly Armor"],"picked":"Inflame","floor":28},{"not_picked":["Seeing Red","Havoc","Clash"],"picked":"Heavy Blade","floor":31},{"not_picked":["Immolate","Impervious","Fiend Fire"],"picked":"Demon Form","floor":33}],"player_experience":382828,"potions_floor_usage":[5,11,12,13,16,19,31,42,42],"damage_taken":[{"damage":9,"enemies":"Small Slimes","floor":1,"turns":4},{"damage":6,"enemies":"Cultist","floor":5,"turns":4},{"damage":4,"enemies":"Jaw Worm","floor":8,"turns":3},{"damage":12,"enemies":"Large Slime","floor":10,"turns":3},{"damage":26,"enemies":"3 Sentries","floor":11,"turns":6},{"damage":12,"enemies":"Looter","floor":12,"turns":3},{"damage":5,"enemies":"Blue Slaver","floor":13,"turns":3},{"damage":43,"enemies":"Slime Boss","floor":16,"turns":9},{"damage":33,"enemies":"Spheric Guardian","floor":18,"turns":4},{"damage":31,"enemies":"3 Byrds","floor":19,"turns":4},{"damage":32,"enemies":"Slavers","floor":27,"turns":2},{"damage":38,"enemies":"Snake Plant","floor":28,"turns":3},{"damage":1,"enemies":"3 Cultists","floor":31,"turns":3},{"damage":55,"enemies":"Champ","floor":33,"turns":9},{"damage":40,"enemies":"Orb Walker","floor":35,"turns":4},{"damage":25,"enemies":"3 Shapes","floor":40,"turns":4},{"damage":35,"enemies":"3 Darklings","floor":42,"turns":3}],"event_choices":[{"event_name":"The Woman in Blue","player_choice":"Bought 2 Potions","floor":2,"damage_taken":0},{"event_name":"Living Wall","player_choice":"Forget","floor":3,"damage_taken":0},{"event_name":"Liars Game","player_choice":"agreed","floor":4,"damage_taken":0},{"event_name":"The Mausoleum","player_choice":"Yes","floor":21,"damage_taken":0},{"event_name":"Fountain of Cleansing","player_choice":"Removed Curse","floor":22,"damage_taken":0},{"event_name":"Upgrade Shrine","player_choice":"Upgraded","floor":24,"damage_taken":0},{"event_name":"Vampires","player_choice":"Ignored","floor":30,"damage_taken":0}],"boss_relics":[{"not_picked":["Velvet Choker","Astrolabe"],"picked":"Orrery"},{"not_picked":["Snecko Eye","Runic Cube"],"picked":"Eternal Feather"}],"potions_floor_spawned":[1,5,11,18,28,33,35,40],"seed_played":"1545165979615006292","killed_by":"3 Darklings","ascension_level":7,"is_trial":false}