{"gold_per_floor":[112,112,112,112,33,68,68,80,150,150,175,28,46,71,71,169,169,182,132,132,82,32,76,76,101,101,115,135,149,174,217,217,306,306,330,346,346,471,471,471],"floor_reached":40,"playtime":1470,"items_purged":["Strike_B","Defend_B","Strike_B"],"score":852,"play_id":"3edea264-42df-460c-98a5-fb1017e5ec2a","local_time":"20190421185646","is_ascension_mode":true,"campfire_choices":[{"data":"Doom and Gloom","floor":7,"key":"SMITH"},{"data":"Coolheaded","floor":15,"key":"SMITH"},{"data":"Rainbow","floor":24,"key":"SMITH"},{"floor":32,"key":"REST"}],"neow_cost":"NONE","seed_source_timestamp":484956229500500,"circlet_count":0,"master_deck":["AscendersBane","Defend_B+1","Defend_B","Zap+1","Dualcast","Doom and Gloom+1","Self Repair+1","Cold Snap","Coolheaded+1","Finesse","Rainbow+1","Buffer+1","Capacitor+1","Coolheaded","Chill","Reboot","Self Repair+1"],"relics":["Philosopher\u0027s Stone","Frozen Egg 2","Smiling Mask","Dodecahedron","Golden Idol","Inserter","Pear","Mercury Hourglass","Question Card","Runic Pyramid","Du-Vu Doll"],"potions_floor_usage":[16,23,23,28,28,33],"damage_taken":[{"damage":6,"enemies":"Jaw Worm","floor":1,"turns":4},{"damage":34,"enemies":"Gremlin Nob","floor":6,"turns":4},{"damage":3,"enemies":"2 Louse","floor":8,"turns":2},{"damage":2,"enemies":"Small Slimes","floor":11,"turns":3},{"damage":0,"enemies":"Blue Slaver","floor":13,"turns":4},{"damage":3,"enemies":"Red Slaver","floor":14,"turns":3},{"damage":50,"enemies":"Hexaghost","floor":16,"turns":10},{"damage":0,"enemies":"Chosen","floor":18,"turns":5},{"damage":37,"enemies":"Slavers","floor":23,"turns":7},{"damage":0,"enemies":"Spheric Guardian","floor":25,"turns":5},{"damage":7,"enemies":"Centurion and Healer","floor":27,"turns":5},{"damage":11,"enemies":"Shelled Parasite and Fungi","floor":28,"turns":5},{"damage":8,"enemies":"Snecko","floor":29,"turns":6},{"damage":0,"enemies":"Centurion and Healer","floor":30,"turns":6},{"damage":43,"enemies":"Gremlin Leader","floor":31,"turns":7},{"damage":41,"enemies":"Automaton","floor":33,"turns":9},{"damage":12,"enemies":"3 Shapes","floor":35,"turns":6},{"damage":1,"enemies":"Orb Walker","floor":36,"turns":4},{"damage":30,"enemies":"Mind Bloom Boss Battle","floor":38,"turns":8},{"damage":27,"enemies":"Nemesis","floor":40,"turns":4}],"seed_played":"7154068574010514236","potions_obtained":[{"floor":1,"key":"Energy Potion"},{"floor":11,"key":"Fire Potion"},{"floor":13,"key":"FocusPotion"},{"floor":18,"key":"AttackPotion"},{"floor":23,"key":"Block Potion"},{"floor":27,"key":"EssenceOfSteel"},{"floor":29,"key":"PowerPotion"},{"floor":33,"key":"Strength Potion"},{"floor":36,"key":"FearPotion"}],"is_trial":false,"path_per_floor":["M","?","?","?","$","E","R","M","T","?","M","$","M","M","R","B",null,"M","$","?","?","$","E","R","M","T","M","M","M","M","E","R","B",null,"M","M","?","?","?","E"],"character_chosen":"DEFECT","items_purchased":["Doom and Gloom","Finesse"],"campfire_rested":1,"item_purchase_floors":[5,12],"current_hp_per_floor":[58,47,70,63,63,29,29,26,26,26,34,34,44,51,51,11,51,61,61,61,61,61,44,44,54,54,57,56,58,68,35,57,26,62,60,69,69,59,59,32],"gold":471,"neow_bonus":"BOSS_RELIC","is_prod":false,"is_daily":false,"chose_seed":false,"campfire_upgraded":3,"win_rate":0,"timestamp":1555840606,"path_taken":["M","?","?","?","$","E","R","M","T","?","?","?","M","?","R","BOSS","M","$","?","?","$","E","R","M","T","M","M","?","M","E","R","BOSS","M","M","?","?","?","E"],"build_version":"2019-01-23","purchased_purges":3,"victory":false,"max_hp_per_floor":[71,71,71,71,71,71,71,71,71,64,64,64,64,64,64,64,64,64,64,64,64,64,74,74,74,74,74,74,74,74,74,74,74,74,74,74,74,74,74,74],"card_choices":[{"not_picked":["Force Field","Lockon","Beam Cell"],"picked":"SKIP","floor":1},{"not_picked":["Rebound","Leap"],"picked":"Self Repair+1","floor":6},{"not_picked":["Steam Power","Sweeping Beam"],"picked":"Cold Snap","floor":8},{"not_picked":["Steam Power","Amplify"],"picked":"Coolheaded","floor":11},{"not_picked":["Cold Snap","Reinforced Body","Rebound"],"picked":"SKIP","floor":13},{"not_picked":["Sweeping Beam","Cold Snap"],"picked":"Rainbow","floor":14},{"not_picked":["All For One","Reboot"],"picked":"Buffer+1","floor":16},{"not_picked":["Gash","Redo","Cold Snap"],"picked":"SKIP","floor":18},{"not_picked":["Beam Cell","Skim","Sweeping Beam+1"],"picked":"SKIP","floor":23},{"not_picked":["Beam Cell+1","Hologram","Barrage"],"picked":"SKIP","floor":25},{"not_picked":["Sweeping Beam","Gash"],"picked":"Capacitor+1","floor":27},{"not_picked":["Ball Lightning","Rebound","Go for the Eyes+1"],"picked":"SKIP","floor":28},{"not_picked":["Leap","Rebound+1","Thunder Strike"],"picked":"SKIP","floor":29},{"not_picked":["Melter","Steam"],"picked":"Coolheaded","floor":30},{"not_picked":["Aggregate","Streamline"],"picked":"Chill","floor":31},{"not_picked":["Meteor Strike","All For One","Hyperbeam"],"picked":"Reboot","floor":33},{"not_picked":["Gash","Force Field","Aggregate+1","Hologram"],"picked":"SKIP","floor":35},{"not_picked":["Double Energy+1","BootSequence","Ball Lightning"],"picked":"Self Repair+1","floor":36}],"player_experience":3279820,"relics_obtained":[{"floor":6,"key":"Smiling Mask"},{"floor":9,"key":"Dodecahedron"},{"floor":23,"key":"Pear"},{"floor":26,"key":"Mercury Hourglass"},{"floor":31,"key":"Question Card"},{"floor":38,"key":"Du-Vu Doll"}],"event_choices":[{"damage_healed":0,"gold_gain":0,"player_choice":"Success","damage_taken":11,"relics_obtained":["Frozen Egg 2"],"max_hp_gain":0,"max_hp_loss":0,"event_name":"Scrap Ooze","floor":2,"gold_loss":0},{"damage_healed":23,"gold_gain":0,"player_choice":"Banana","damage_taken":0,"max_hp_gain":0,"max_hp_loss":0,"event_name":"Big Fish","floor":3,"gold_loss":0},{"cards_removed":["Strike_B"],"damage_healed":0,"gold_gain":0,"player_choice":"Card Removal","damage_taken":7,"max_hp_gain":0,"max_hp_loss":0,"event_name":"Golden Wing","floor":4,"gold_loss":0},{"damage_healed":0,"gold_gain":0,"player_choice":"Lose Max HP","damage_taken":0,"relics_obtained":["Golden Idol"],"max_hp_gain":0,"max_hp_loss":7,"event_name":"Golden Idol","floor":10,"gold_loss":0},{"cards_removed":["Strike_B"],"damage_healed":0,"gold_gain":0,"player_choice":"Elegance","damage_taken":0,"max_hp_gain":0,"max_hp_loss":0,"event_name":"Back to Basics","floor":20,"gold_loss":0},{"damage_healed":0,"gold_gain":0,"player_choice":"Upgraded Two","damage_taken":0,"max_hp_gain":0,"max_hp_loss":0,"event_name":"Designer","floor":21,"gold_loss":50,"cards_upgraded":["Defend_B","Zap"]},{"cards_removed":["Defend_B"],"damage_healed":0,"gold_gain":0,"player_choice":"Removed Skill","damage_taken":0,"max_hp_gain":0,"max_hp_loss":0,"event_name":"Falling","floor":37,"gold_loss":0},{"damage_healed":0,"gold_gain":0,"player_choice":"Fight","damage_taken":0,"max_hp_gain":0,"max_hp_loss":0,"event_name":"MindBloom","floor":38,"gold_loss":0},{"damage_healed":0,"gold_gain":0,"player_choice":"Ignored","damage_taken":0,"max_hp_gain":0,"max_hp_loss":0,"event_name":"Mysterious Sphere","floor":39,"gold_loss":0}],"is_beta":false,"boss_relics":[{"not_picked":["Runic Dome","Nuclear Battery"],"picked":"Inserter"},{"not_picked":["Calling Bell","Black Star"],"picked":"Runic Pyramid"}],"items_purged_floors":[12,19,22],"is_endless":false,"potions_floor_spawned":[1,11,13,18,23,27,29,33,36],"killed_by":"Nemesis","ascension_level":20}