{"gold_per_floor":[111,111,111,131,143,173,173,206,206,206,206,225,250,250],"floor_reached":14,"playtime":577,"items_purged":[],"score":162,"play_id":"04fb216d-7faa-48b0-ad93-92c42f5e092f","local_time":"20180715172603","is_ascension_mode":true,"campfire_choices":[{"floor":7,"key":"REST"},{"floor":11,"key":"REST"}],"neow_cost":"NONE","seed_source_timestamp":852791495429651,"circlet_count":0,"master_deck":["Strike_R","Strike_R","Strike_R+1","Strike_R","Strike_R","Defend_R","Defend_R","Defend_R","Defend_R","Bash","AscendersBane","Immolate","Havoc","Rupture","Rage","Flex","Carnage","Reaper","Blood for Blood+1","Immolate"],"relics":["Burning Blood","Paper Frog","Mummified Hand","Blue Candle","Whetstone"],"potions_floor_usage":[6,13,14],"damage_taken":[{"damage":0,"enemies":"Small Slimes","floor":1,"turns":2},{"damage":3,"enemies":"Jaw Worm","floor":4,"turns":4},{"damage":0,"enemies":"2 Louse","floor":5,"turns":1},{"damage":81,"enemies":"Lagavulin","floor":6,"turns":9},{"damage":27,"enemies":"3 Sentries","floor":8,"turns":6},{"damage":16,"enemies":"Blue Slaver","floor":12,"turns":3},{"damage":27,"enemies":"Lagavulin","floor":13,"turns":7},{"damage":18,"enemies":"Exordium Thugs","floor":14,"turns":3}],"seed_played":"-5081181093520085192","potions_obtained":[{"floor":4,"key":"SkillPotion"},{"floor":12,"key":"Poison Potion"},{"floor":13,"key":"Strength Potion"}],"is_trial":false,"path_per_floor":["M","?","?","M","M","E","R","E","T","?","R","M","E"],"character_chosen":"IRONCLAD","items_purchased":[],"campfire_rested":2,"item_purchase_floors":[],"current_hp_per_floor":[78,78,83,85,85,10,35,14,14,14,39,29,11,0],"gold":250,"neow_bonus":"ONE_RANDOM_RARE_CARD","is_prod":false,"is_daily":false,"chose_seed":false,"campfire_upgraded":0,"win_rate":0,"timestamp":1531664763,"path_taken":["M","?","?","M","M","E","R","E","T","?","R","M","E","M"],"build_version":"2018-07-12","purchased_purges":0,"victory":false,"max_hp_per_floor":[80,80,85,85,85,85,85,85,85,85,85,85,85,85],"card_choices":[{"not_picked":["Sever Soul","Wild Strike"],"picked":"Havoc","floor":1},{"not_picked":["True Grit","Reckless Charge"],"picked":"Rupture","floor":4},{"not_picked":["Flex","Dropkick"],"picked":"Rage","floor":5},{"not_picked":["Armaments","Clothesline"],"picked":"Flex","floor":6},{"not_picked":["Searing Blow","Perfected Strike","Battle Trance"],"picked":"SKIP","floor":8},{"not_picked":["Heavy Blade","Perfected Strike"],"picked":"Blood for Blood","floor":12},{"not_picked":["Fire Breathing","Twin Strike"],"picked":"Immolate","floor":13}],"player_experience":588682,"relics_obtained":[{"floor":6,"key":"Paper Frog"},{"floor":8,"key":"Mummified Hand"},{"floor":9,"key":"Blue Candle"},{"floor":13,"key":"Whetstone"}],"event_choices":[{"event_name":"The Cleric","player_choice":"Leave","floor":2,"damage_taken":0},{"event_name":"Big Fish","player_choice":"Donut","floor":3,"damage_taken":0},{"event_name":"Match and Keep!","player_choice":"2 cards matched","floor":10,"damage_taken":0}],"boss_relics":[],"items_purged_floors":[],"is_endless":false,"potions_floor_spawned":[4,12,13],"killed_by":"Exordium Thugs","ascension_level":10}