{"gold_per_floor":[112,123,123,135,135,167,142,177,253,253,280,197,197,211,211,308,308,320,309,269,289,309,343,359,375,375,392,321,321,200,210,210,210],"floor_reached":33,"playtime":2481,"items_purged":[],"score":291,"play_id":"cb6f8502-3096-4b32-a07a-5817725fa83c","local_time":"20181219204459","is_ascension_mode":false,"campfire_choices":[{"floor":10,"key":"REST"},{"floor":13,"key":"RECALL"},{"data":"Discovery","floor":15,"key":"SMITH"},{"floor":29,"key":"REST"},{"floor":32,"key":"REST"}],"neow_cost":"NONE","seed_source_timestamp":285524213250929,"circlet_count":0,"master_deck":["Strike_R","Strike_R","Strike_R","Strike_R","Strike_R","Defend_R","Defend_R","Defend_R","Defend_R","Bash","Armaments","Disarm","Flame Barrier","Shrug It Off","Flex","Carnage","Ghostly Armor","Discovery+1","Disarm","Double Tap+1","Flame Barrier","Rage","Warcry","Warcry","Offering","Pommel Strike","Flex","Armaments","Intimidate","Havoc","Bandage Up","Spot Weakness"],"relics":["Burning Blood","Calipers","Charon\u0027s Ashes","Pen Nib","Kunai","Oddly Smooth Stone","PreservedInsect","Matryoshka"],"potions_floor_usage":[7,11,16,22,22,22,25],"damage_taken":[{"damage":2,"enemies":"2 Louse","floor":1,"turns":4},{"damage":5,"enemies":"Cultist","floor":2,"turns":4},{"damage":6,"enemies":"Jaw Worm","floor":4,"turns":4},{"damage":20,"enemies":"3 Sentries","floor":6,"turns":16},{"damage":5,"enemies":"Exordium Thugs","floor":7,"turns":5},{"damage":34,"enemies":"Gremlin Nob","floor":8,"turns":5},{"damage":10,"enemies":"Lagavulin","floor":11,"turns":5},{"damage":0,"enemies":"Large Slime","floor":14,"turns":2},{"damage":3,"enemies":"The Guardian","floor":16,"turns":7},{"damage":1,"enemies":"3 Byrds","floor":18,"turns":5},{"damage":10,"enemies":"2 Thieves","floor":19,"turns":4},{"damage":7,"enemies":"Cultist and Chosen","floor":21,"turns":8},{"damage":8,"enemies":"Centurion and Healer","floor":22,"turns":8},{"damage":23,"enemies":"Gremlin Leader","floor":23,"turns":8},{"damage":19,"enemies":"3 Cultists","floor":24,"turns":6},{"damage":17,"enemies":"Chosen and Byrds","floor":25,"turns":6},{"damage":14,"enemies":"Centurion and Healer","floor":27,"turns":6},{"damage":6,"enemies":"Cultist and Chosen","floor":31,"turns":5},{"damage":102,"enemies":"Collector","floor":33,"turns":6}],"seed_played":"6484938972226322223","potions_obtained":[{"floor":6,"key":"GamblersBrew"},{"floor":8,"key":"SpeedPotion"},{"floor":11,"key":"PowerPotion"},{"floor":14,"key":"Weak Potion"},{"floor":16,"key":"Weak Potion"},{"floor":19,"key":"GamblersBrew"},{"floor":22,"key":"Ancient Potion"},{"floor":24,"key":"EssenceOfSteel"}],"is_trial":false,"path_per_floor":["M","M","?","M","?","E","M","E","T","R","E","$","R","M","R","B",null,"M","M","?","M","M","E","M","M","T","M","$","R","$","M","R","B"],"character_chosen":"IRONCLAD","items_purchased":["Discovery","Intimidate","Havoc","Bandage Up"],"campfire_rested":3,"item_purchase_floors":[12,28,30,30],"current_hp_per_floor":[88,88,88,88,88,74,75,47,47,73,69,69,69,75,75,78,88,88,84,84,83,81,64,51,40,40,32,32,58,58,58,84,0],"gold":210,"neow_bonus":"TEN_PERCENT_HP_BONUS","is_prod":false,"is_daily":false,"chose_seed":false,"campfire_upgraded":1,"win_rate":0,"timestamp":1545245099,"path_taken":["M","M","?","?","?","E","M","E","T","R","E","$","R","M","R","BOSS","M","?","?","M","M","E","M","M","T","?","$","R","$","M","R","BOSS"],"build_version":"2018-12-13","purchased_purges":0,"victory":false,"max_hp_per_floor":[88,88,88,88,88,88,88,88,88,88,88,88,88,88,88,88,88,88,88,88,88,88,88,88,88,88,88,88,88,88,88,88,88],"card_choices":[{"not_picked":["Heavy Blade","Wild Strike"],"picked":"Armaments","floor":1},{"not_picked":["Iron Wave","Warcry"],"picked":"Feel No Pain","floor":2},{"not_picked":["Iron Wave","Rupture"],"picked":"Flame Barrier","floor":4},{"not_picked":["Searing Blow","Entrench"],"picked":"Shrug It Off","floor":6},{"not_picked":["Cleave","Searing Blow"],"picked":"Flex","floor":7},{"not_picked":["Clothesline","Pommel Strike"],"picked":"Carnage","floor":8},{"not_picked":["Anger","Fire Breathing"],"picked":"Ghostly Armor","floor":11},{"not_picked":["Shrug It Off","Heavy Blade"],"picked":"Disarm","floor":14},{"not_picked":["Berserk","Juggernaut"],"picked":"Double Tap","floor":16},{"not_picked":["Flex","Sword Boomerang"],"picked":"Flame Barrier","floor":18},{"not_picked":["Shrug It Off","Blood for Blood"],"picked":"Rage","floor":19},{"not_picked":["Body Slam","Pommel Strike+1"],"picked":"Warcry","floor":21},{"not_picked":["Shrug It Off+1","Rupture"],"picked":"Warcry","floor":22},{"not_picked":["Headbutt","Searing Blow"],"picked":"Offering","floor":23},{"not_picked":["Thunderclap","Clothesline"],"picked":"Pommel Strike","floor":24},{"not_picked":["Perfected Strike","Clothesline"],"picked":"Flex","floor":25},{"not_picked":["Dropkick","Perfected Strike+1"],"picked":"Armaments","floor":27},{"not_picked":["Whirlwind+1","Cleave+1"],"picked":"Spot Weakness","floor":31}],"player_experience":842534,"relics_obtained":[{"floor":6,"key":"Charon\u0027s Ashes"},{"floor":8,"key":"Pen Nib"},{"floor":9,"key":"Kunai"},{"floor":11,"key":"Oddly Smooth Stone"},{"floor":23,"key":"PreservedInsect"},{"floor":26,"key":"Matryoshka"}],"event_choices":[{"damage_healed":0,"gold_gain":0,"player_choice":"1 cards matched","damage_taken":0,"max_hp_gain":0,"max_hp_loss":0,"event_name":"Match and Keep!","floor":3,"gold_loss":0,"cards_obtained":["Disarm"]},{"cards_removed":["Feel No Pain"],"damage_healed":0,"gold_gain":0,"player_choice":"Gave Card","damage_taken":0,"relics_obtained":["Calipers"],"max_hp_gain":0,"max_hp_loss":0,"event_name":"WeMeetAgain","floor":5,"gold_loss":0},{"damage_healed":0,"gold_gain":0,"player_choice":"Upgrade","damage_taken":0,"max_hp_gain":0,"max_hp_loss":0,"event_name":"Designer","floor":20,"gold_loss":40,"cards_upgraded":["Double Tap"]}],"is_beta":false,"boss_relics":[{"not_picked":["Empty Cage","Coffee Dripper","Pandora\u0027s Box"]}],"items_purged_floors":[],"is_endless":false,"potions_floor_spawned":[6,8,11,14,16,19,22,24],"killed_by":"Collector","ascension_level":0}