{"gold_per_floor":[119,129,129,140,140,140,165,165,465,465,499,516,527,527],"floor_reached":14,"playtime":252,"items_purged":[],"score":200,"play_id":"8d5d45c3-951f-4253-810c-f11690cb8df0","local_time":"20190306145455","is_ascension_mode":true,"campfire_choices":[{"data":"Beam Cell","floor":6,"key":"SMITH"},{"floor":8,"key":"REST"},{"data":"Sunder","floor":10,"key":"SMITH"}],"neow_cost":"NONE","seed_source_timestamp":134586605159200,"circlet_count":0,"master_deck":["AscendersBane","Strike_B","Strike_B","Strike_B","Strike_B","Defend_B","Defend_B","Zap","Dualcast","Conserve Battery","Coolheaded","Beam Cell+1","Sunder+1","Reboot"],"relics":["Cracked Core","NeowsBlessing","Bird Faced Urn","Old Coin","Pear"],"potions_floor_usage":[7,14],"damage_taken":[{"damage":0,"enemies":"Cultist","floor":1,"turns":1},{"damage":0,"enemies":"Small Slimes","floor":2,"turns":1},{"damage":0,"enemies":"2 Louse","floor":4,"turns":1},{"damage":38,"enemies":"Gremlin Nob","floor":7,"turns":4},{"damage":19,"enemies":"Lagavulin","floor":11,"turns":6},{"damage":2,"enemies":"Red Slaver","floor":12,"turns":2},{"damage":11,"enemies":"3 Louse","floor":13,"turns":3},{"damage":16,"enemies":"3 Sentries","floor":14,"turns":3}],"seed_played":"7548936612564349992","potions_obtained":[{"floor":1,"key":"Poison Potion"},{"floor":13,"key":"AttackPotion"}],"is_trial":false,"path_per_floor":["M","M","?","M","?","R","E","R","T","R","E","M","M","E"],"character_chosen":"DEFECT","items_purchased":[],"campfire_rested":1,"item_purchase_floors":[],"current_hp_per_floor":[64,64,57,57,57,57,19,40,40,40,31,29,18,2],"gold":527,"neow_bonus":"THREE_ENEMY_KILL","is_prod":false,"is_daily":false,"chose_seed":false,"campfire_upgraded":2,"win_rate":0,"timestamp":1551851695,"path_taken":["M","?","?","M","?","R","E","R","T","R","E","M","?","E"],"build_version":"2019-01-23","purchased_purges":0,"victory":false,"max_hp_per_floor":[71,71,71,71,71,71,71,71,71,71,81,81,81,81],"card_choices":[{"not_picked":["Hello World","Hologram"],"picked":"Conserve Battery","floor":1},{"not_picked":["Force Field","Conserve Battery"],"picked":"Coolheaded","floor":2},{"not_picked":["Skim","Stack"],"picked":"Beam Cell","floor":4},{"not_picked":["BootSequence","Melter"],"picked":"Sunder","floor":7},{"not_picked":["Static Discharge","Genetic Algorithm"],"picked":"Reboot","floor":11},{"not_picked":["Rebound","Sweeping Beam","Steam"],"picked":"SKIP","floor":12},{"not_picked":["Turbo","Chaos","Go for the Eyes"],"picked":"SKIP","floor":13}],"player_experience":2035236,"relics_obtained":[{"floor":7,"key":"Bird Faced Urn"},{"floor":9,"key":"Old Coin"},{"floor":11,"key":"Pear"}],"event_choices":[{"cards_removed":["Defend_B"],"damage_healed":0,"gold_gain":0,"player_choice":"Card Removal","damage_taken":7,"max_hp_gain":0,"max_hp_loss":0,"event_name":"Golden Wing","floor":3,"gold_loss":0},{"cards_removed":["Defend_B"],"damage_healed":0,"gold_gain":0,"player_choice":"Offered Basic","damage_taken":0,"max_hp_gain":0,"max_hp_loss":0,"event_name":"Bonfire Elementals","floor":5,"gold_loss":0}],"is_beta":false,"boss_relics":[],"items_purged_floors":[],"is_endless":false,"potions_floor_spawned":[1,13],"killed_by":"3 Sentries","ascension_level":20}