{"gold_per_floor":[114,79,97,14,14,14,37,37,37,51,92,92,12,12,12,101,101,122,122,122,143,143],"floor_reached":22,"playtime":802,"items_purged":[],"score":346,"play_id":"c9d9bdb4-4b96-4a4f-81af-727a0536011e","local_time":"20190414121759","is_ascension_mode":true,"campfire_choices":[{"data":"Storm","floor":6,"key":"SMITH"},{"data":"Creative AI","floor":8,"key":"SMITH"},{"floor":12,"key":"REST"},{"floor":15,"key":"REST"}],"neow_cost":"NONE","seed_source_timestamp":240123850515261,"circlet_count":0,"master_deck":["AscendersBane","Strike_B","Strike_B","Strike_B","Strike_B","Defend_B","Defend_B","Defend_B","Defend_B","Zap","Dualcast","Barrage","Creative AI+1","Storm+1","Injury","Redo","White Noise","Static Discharge","Creative AI","Cold Snap","Barrage"],"relics":["Cracked Core","NeowsBlessing","Golden Idol","Meat on the Bone","Blood Vial","MutagenicStrength"],"potions_floor_usage":[18,18,21],"damage_taken":[{"damage":0,"enemies":"2 Louse","floor":1,"turns":1},{"damage":0,"enemies":"Small Slimes","floor":3,"turns":1},{"damage":0,"enemies":"Jaw Worm","floor":7,"turns":1},{"damage":12,"enemies":"Looter","floor":10,"turns":3},{"damage":55,"enemies":"3 Sentries","floor":11,"turns":8},{"damage":48,"enemies":"Hexaghost","floor":16,"turns":8},{"damage":50,"enemies":"Shell Parasite","floor":18,"turns":6},{"damage":3,"enemies":"Chosen","floor":21,"turns":5},{"damage":23,"enemies":"Centurion and Healer","floor":22,"turns":6}],"seed_played":"-5798540377643679529","potions_obtained":[{"floor":7,"key":"Poison Potion"},{"floor":16,"key":"Weak Potion"},{"floor":18,"key":"Poison Potion"}],"is_trial":false,"path_per_floor":["M","?","M","$","?","R","M","R","T","M","E","R","$","?","R","B",null,"M","?","?","M","M"],"character_chosen":"DEFECT","items_purchased":["Storm","Static Discharge"],"campfire_rested":2,"item_purchase_floors":[4,13],"current_hp_per_floor":[64,71,71,71,71,71,71,71,71,59,16,37,37,37,58,24,59,23,23,23,34,13],"gold":143,"neow_bonus":"THREE_ENEMY_KILL","is_prod":false,"is_daily":false,"chose_seed":false,"campfire_upgraded":2,"win_rate":0,"timestamp":1555233479,"path_taken":["M","?","M","$","?","R","M","R","T","M","E","R","$","?","R","BOSS","M","?","?","?","M"],"build_version":"2019-01-23","purchased_purges":0,"victory":false,"max_hp_per_floor":[71,71,71,71,71,71,71,71,71,71,71,71,71,71,71,71,71,71,71,71,71,71],"card_choices":[{"not_picked":["Sweeping Beam","Beam Cell"],"picked":"Barrage","floor":1},{"not_picked":["Conserve Battery","Go for the Eyes"],"picked":"Creative AI","floor":3},{"not_picked":["Beam Cell","Gash"],"picked":"Redo","floor":7},{"not_picked":["Lockon","Go for the Eyes","Beam Cell"],"picked":"SKIP","floor":10},{"not_picked":["Sweeping Beam","Glacier"],"picked":"White Noise","floor":11},{"not_picked":["Meteor Strike","Machine Learning"],"picked":"Creative AI","floor":16},{"not_picked":["Rebound","Barrage"],"picked":"Cold Snap","floor":18},{"not_picked":["Rip and Tear","Rebound"],"picked":"Barrage","floor":21}],"player_experience":1191184,"relics_obtained":[{"floor":9,"key":"Meat on the Bone"},{"floor":11,"key":"Blood Vial"}],"event_choices":[{"damage_healed":17,"gold_gain":0,"player_choice":"Healed","damage_taken":0,"max_hp_gain":0,"max_hp_loss":0,"event_name":"The Cleric","floor":2,"gold_loss":35},{"damage_healed":0,"gold_gain":0,"player_choice":"Take Wound","damage_taken":0,"relics_obtained":["Golden Idol"],"max_hp_gain":0,"max_hp_loss":0,"event_name":"Golden Idol","floor":5,"gold_loss":0,"cards_obtained":["Injury"]},{"damage_healed":0,"gold_gain":0,"player_choice":"Fled","damage_taken":0,"max_hp_gain":0,"max_hp_loss":0,"event_name":"Scrap Ooze","floor":14,"gold_loss":0},{"damage_healed":0,"gold_gain":0,"player_choice":"Inject Mutagens","damage_taken":0,"relics_obtained":["MutagenicStrength"],"max_hp_gain":0,"max_hp_loss":0,"event_name":"Drug Dealer","floor":19,"gold_loss":0},{"damage_healed":0,"gold_gain":0,"player_choice":"Ignored","damage_taken":0,"max_hp_gain":0,"max_hp_loss":0,"event_name":"N\u0027loth","floor":20,"gold_loss":0}],"is_beta":false,"boss_relics":[{"not_picked":["Runic Dome","Pandora\u0027s Box","Ectoplasm"]}],"items_purged_floors":[],"is_endless":false,"potions_floor_spawned":[7,16,18],"killed_by":"Centurion and Healer","ascension_level":18}