{"path_per_floor":["M","?","?","?","M","R","M","M","T","R","$","M","M","M","R","B",null,"M","$","M","?","M","R"],"character_chosen":"IRONCLAD","items_purchased":["Barricade","Bag of Marbles"],"gold_per_floor":[116,116,116,116,131,131,154,178,178,178,34,48,72,86,86,212,212,232,82,95,95,114,114],"floor_reached":24,"campfire_rested":2,"playtime":1848,"current_hp_per_floor":[80,73,73,53,57,80,80,80,80,80,80,79,80,80,80,70,80,76,76,64,64,49,73],"items_purged":[],"gold":114,"play_id":"27ef0c8a-ff5d-4d50-b617-13685be347ee","is_prod":false,"is_daily":false,"is_ascension_mode":false,"campfire_upgraded":2,"path_taken":["M","?","?","?","M","R","M","M","T","R","$","M","M","?","R","BOSS","M","$","M","?","?","R","E"],"build_version":"2018-01-25-PROD3","purchased_purges":0,"victory":false,"master_deck":["Strike_R","Strike_R","Strike_R","Strike_R","Strike_R","Defend_R","Defend_R","Defend_R","Defend_R","Bash","Shrug It Off+1","Shrug It Off","Body Slam+1","Twin Strike","Barricade+1","Metallicize","Twin Strike","Heavy Blade","Juggernaut","Flex+1","Body Slam","Armaments"],"max_hp_per_floor":[80,80,80,80,80,80,80,80,80,80,80,80,80,80,80,80,80,80,80,80,80,80,80],"relics":["Burning Blood","Matryoshka","Golden Idol","Gremlin Horn","Gambling Chip","Velvet Choker","Bag of Marbles"],"card_choices":[{"not_picked":["Twin Strike","Body Slam"],"picked":"Shrug It Off"},{"not_picked":["Clash","Corruption"],"picked":"Shrug It Off"},{"not_picked":["Headbutt","Bloodletting"],"picked":"Body Slam"},{"not_picked":["Hemokinesis","Perfected Strike"],"picked":"Twin Strike"},{"not_picked":["Disarm","Uppercut"],"picked":"Metallicize"},{"not_picked":["Searing Blow","Body Slam"],"picked":"Twin Strike"},{"not_picked":["Whirlwind","Corruption"],"picked":"Heavy Blade"},{"not_picked":["Fiend Fire","Berserk"],"picked":"Juggernaut"},{"not_picked":["Blood for Blood","Shockwave"],"picked":"Flex"},{"not_picked":["Heavy Blade","Fire Breathing"],"picked":"Body Slam"},{"not_picked":["Fire Breathing","Whirlwind"],"picked":"Armaments"}],"player_experience":28516,"potions_floor_usage":[8,14,16,18,22],"damage_taken":[{"damage":2,"enemies":"Small Slimes","floor":1,"turns":4},{"damage":2,"enemies":"2 Louse","floor":5,"turns":3},{"damage":0,"enemies":"Cultist","floor":7,"turns":4},{"damage":6,"enemies":"Lots of Slimes","floor":8,"turns":6},{"damage":7,"enemies":"Looter","floor":12,"turns":4},{"damage":2,"enemies":"Exordium Wildlife","floor":13,"turns":4},{"damage":2,"enemies":"2 Fungi Beasts","floor":14,"turns":3},{"damage":16,"enemies":"The Guardian","floor":16,"turns":13},{"damage":10,"enemies":"Spheric Guardian","floor":18,"turns":4},{"damage":18,"enemies":"Shell Parasite","floor":20,"turns":6},{"damage":21,"enemies":"Sentry and Sphere","floor":22,"turns":7},{"damage":76,"enemies":"Book of Stabbing","floor":24,"turns":7}],"event_choices":[{"event_name":"Scrap Ooze","player_choice":"success","floor":2,"damage_taken":7},{"event_name":"Living Wall","player_choice":"Grow","floor":3,"damage_taken":0},{"event_name":"Golden Idol","player_choice":"Take Damage","floor":4,"damage_taken":0},{"event_name":"Beggar","player_choice":"Ignored","floor":21,"damage_taken":0}],"boss_relics":[{"not_picked":["Philosopher\u0027s Stone","Runic Pyramid"],"picked":"Velvet Choker"}],"potions_floor_spawned":[8,13,16],"seed_played":"-7016786746086307263","killed_by":"Book of Stabbing","ascension_level":0,"is_trial":false}