{"gold_per_floor":[116,391,411,411,411,436,355,355,381,381,234,247,260,279,279,380,380,398,344,356,284,284,284,297,297,322,322,356,356],"floor_reached":29,"playtime":2239,"items_purged":[],"score":399,"play_id":"26c4dc06-414e-4c89-a9b6-380a614bed1e","local_time":"20190328204741","is_ascension_mode":true,"campfire_choices":[{"data":"Rampage","floor":8.0,"key":"SMITH"},{"data":"Havoc","floor":10.0,"key":"SMITH"},{"data":"Infernal Blade","floor":15.0,"key":"SMITH"},{"floor":23,"key":"REST"},{"floor":27,"key":"REST"}],"neow_cost":"NONE","seed_source_timestamp":1231761155705862,"circlet_count":0,"master_deck":["AscendersBane","Strike_R","Strike_R","Strike_R","Strike_R","Strike_R","Defend_R","Defend_R","Defend_R","Defend_R","Bash","Rampage+1","Second Wind","Havoc+1","Pummel","Offering","Armaments","Infernal Blade+1","Flame Barrier","Feed","Pommel Strike","Warcry","Ghostly Armor","Decay","Infernal Blade","Second Wind+1"],"special_seed":0,"relics":["Burning Blood","NeowsBlessing","FaceOfCleric","Juzu Bracelet","Blood Vial","White Beast Statue","Omamori","Self Forming Clay"],"potions_floor_usage":[20,20,24,24,28],"damage_taken":[{"damage":0.0,"enemies":"Small Slimes","floor":1.0,"turns":1.0},{"damage":0.0,"enemies":"Cultist","floor":3.0,"turns":1.0},{"damage":0.0,"enemies":"Lagavulin","floor":6.0,"turns":1.0},{"damage":12.0,"enemies":"Jaw Worm","floor":12.0,"turns":3.0},{"damage":11.0,"enemies":"Blue Slaver","floor":13.0,"turns":4.0},{"damage":6.0,"enemies":"Lots of Slimes","floor":14.0,"turns":5.0},{"damage":77.0,"enemies":"Slime Boss","floor":16.0,"turns":13.0},{"damage":32.0,"enemies":"2 Thieves","floor":18.0,"turns":5.0},{"damage":24,"enemies":"3 Byrds","floor":20,"turns":3},{"damage":36,"enemies":"Snake Plant","floor":24,"turns":5},{"damage":49,"enemies":"Slavers","floor":28,"turns":7},{"damage":31,"enemies":"Snecko","floor":29,"turns":4}],"seed_played":"-5990029613001759629","potions_obtained":[{"floor":1.0,"key":"Block Potion"},{"floor":3.0,"key":"PowerPotion"},{"floor":13.0,"key":"Regen Potion"},{"floor":18.0,"key":"LiquidBronze"},{"floor":20,"key":"Strength Potion"},{"floor":24,"key":"Energy Potion"},{"floor":28,"key":"SteroidPotion"}],"is_trial":false,"path_per_floor":["M","?","M","?","?","E","$","R","T","R","$","M","M","M","R","B",null,"M","$","M","$","?","R","M","$","T","R","E","M"],"character_chosen":"IRONCLAD","items_purchased":["Pummel","Offering","Warcry","Regen Potion"],"campfire_rested":2,"item_purchase_floors":[7,11,19,21],"current_hp_per_floor":[78,78,80,80,80,81,81,81,81,81,81,76,74,77,77,18,68,45,45,30,30,30,56,43,43,43,69,29,0],"gold":356,"neow_bonus":"THREE_ENEMY_KILL","is_prod":false,"is_daily":false,"chose_seed":false,"campfire_upgraded":3,"win_rate":0,"timestamp":1553798861,"path_taken":["M","?","?","?","?","E","$","R","T","R","$","M","M","M","R","BOSS","M","?","M","$","?","R","M","$","T","R","E","M"],"build_version":"2019-01-23","purchased_purges":0,"victory":false,"max_hp_per_floor":[80,80,80,80,80,81,81,81,81,81,81,82,83,84,84,85,85,86,86,87,87,87,87,88,88,88,88,89,89],"card_choices":[{"not_picked":["Metallicize","Twin Strike"],"picked":"Rampage","floor":1.0},{"not_picked":["True Grit","Wild Strike"],"picked":"Second Wind","floor":3.0},{"not_picked":["Cleave","Whirlwind"],"picked":"Havoc","floor":6.0},{"not_picked":["Hemokinesis","Havoc"],"picked":"Armaments","floor":12.0},{"not_picked":["Sever Soul","Metallicize"],"picked":"Infernal Blade","floor":13.0},{"not_picked":["Headbutt","Perfected Strike"],"picked":"Flame Barrier","floor":14.0},{"not_picked":["Offering","Berserk"],"picked":"Feed","floor":16.0},{"not_picked":["Body Slam","Dropkick+1"],"picked":"Pommel Strike","floor":18.0},{"not_picked":["Armaments","Thunderclap"],"picked":"Ghostly Armor","floor":20},{"not_picked":["Uppercut","Flex"],"picked":"Infernal Blade","floor":24},{"not_picked":["Wild Strike","Heavy Blade"],"picked":"Second Wind+1","floor":28}],"player_experience":1144092,"relics_obtained":[{"floor":6.0,"key":"Juzu Bracelet"},{"floor":9.0,"key":"Blood Vial"},{"floor":26,"key":"Omamori"},{"floor":28,"key":"Self Forming Clay"}],"event_choices":[{"damage_healed":0.0,"max_hp_gain":0.0,"max_hp_loss":0.0,"gold_gain":275.0,"event_name":"Golden Shrine","player_choice":"Desecrate","floor":2.0,"gold_loss":0.0,"damage_taken":0.0,"cards_obtained":["Regret"]},{"cards_removed":["Regret"],"damage_healed":0.0,"max_hp_gain":0.0,"max_hp_loss":0.0,"gold_gain":0.0,"event_name":"Living Wall","player_choice":"Forget","floor":4.0,"gold_loss":0.0,"damage_taken":0.0},{"damage_healed":0.0,"max_hp_gain":0.0,"max_hp_loss":0.0,"gold_gain":0.0,"event_name":"FaceTrader","player_choice":"Trade","floor":5.0,"gold_loss":0.0,"damage_taken":0.0,"relics_obtained":["FaceOfCleric"]},{"damage_healed":0,"gold_gain":0,"player_choice":"Smashed Altar","damage_taken":0,"max_hp_gain":0,"max_hp_loss":0,"event_name":"Forgotten Altar","floor":22,"gold_loss":0,"cards_obtained":["Decay"]}],"is_beta":false,"boss_relics":[{"not_picked":["Eternal Feather","Coffee Dripper"],"picked":"White Beast Statue"}],"items_purged_floors":[],"is_endless":false,"potions_floor_spawned":[1,3,13,18,20,24,28],"killed_by":"Snecko","ascension_level":10}