{"gold_per_floor":[114,35,35,49,61,61,77,111,161,37,51,51,68,87,87,161,161,173,93,93,107,57,57,75,75,102,120,138,188,0,25,25,104,104,115,133,179,179,179],"floor_reached":39,"playtime":1822,"items_purged":["Strike_B","Defend_B"],"score":916,"play_id":"1425e616-5a81-4ad0-9bb6-e074379c81a3","local_time":"20190222162717","is_ascension_mode":true,"campfire_choices":[{"data":"Defragment","floor":6,"key":"SMITH"},{"floor":12,"key":"REST"},{"data":"Defragment","floor":15,"key":"SMITH"},{"data":"Consume","floor":23,"key":"SMITH"},{"data":"Creative AI","floor":25,"key":"SMITH"},{"floor":32,"key":"REST"}],"neow_cost":"NONE","seed_source_timestamp":188009646290300,"circlet_count":0,"master_deck":["AscendersBane","Zap","Dualcast","Consume+1","Melter","Creative AI+1","Defragment+1","Reboot","Coolheaded","Coolheaded","BootSequence","Defragment+1","Cold Snap","White Noise","Seek","Coolheaded","Defragment","Core Surge","Hello World","Electrodynamics","Leap","Force Field","Chill"],"relics":["Orrery","Mercury Hourglass","Smiling Mask","Sozu","Orichalcum","Pandora\u0027s Box","Unceasing Top"],"potions_floor_usage":[16,16],"damage_taken":[{"damage":14,"enemies":"Jaw Worm","floor":1,"turns":5},{"damage":7,"enemies":"Cultist","floor":4,"turns":4},{"damage":3,"enemies":"2 Louse","floor":5,"turns":4},{"damage":12,"enemies":"Looter","floor":7,"turns":4},{"damage":0,"enemies":"Lagavulin","floor":8,"turns":14},{"damage":23,"enemies":"Gremlin Gang","floor":11,"turns":4},{"damage":0,"enemies":"Exordium Wildlife","floor":13,"turns":4},{"damage":0,"enemies":"3 Louse","floor":14,"turns":4},{"damage":0,"enemies":"The Guardian","floor":16,"turns":10},{"damage":2,"enemies":"3 Byrds","floor":18,"turns":5},{"damage":0,"enemies":"Chosen","floor":21,"turns":11},{"damage":4,"enemies":"Centurion and Healer","floor":24,"turns":9},{"damage":3,"enemies":"Chosen and Byrds","floor":27,"turns":6},{"damage":4,"enemies":"Snecko","floor":28,"turns":9},{"damage":3,"enemies":"Champ","floor":33,"turns":15},{"damage":5,"enemies":"3 Shapes","floor":35,"turns":3},{"damage":0,"enemies":"Orb Walker","floor":36,"turns":4},{"damage":43,"enemies":"2 Orb Walkers","floor":37,"turns":6},{"damage":25,"enemies":"3 Darklings","floor":39,"turns":3}],"seed_played":"-7091103127889341274","potions_obtained":[{"floor":4,"key":"SpeedPotion"},{"floor":7,"key":"Ancient Potion"}],"is_trial":false,"path_per_floor":["M","$","?","M","M","R","M","E","T","$","M","R","M","M","R","B",null,"M","$","?","M","?","R","M","R","T","M","M","?","?","T","R","B",null,"M","M","?","?","M"],"character_chosen":"DEFECT","items_purchased":["Defragment","Defragment","Coolheaded"],"campfire_rested":2,"item_purchase_floors":[2,10,19],"current_hp_per_floor":[50,50,50,43,40,40,28,28,28,28,5,26,26,26,26,26,60,58,58,38,38,38,38,34,34,34,31,27,27,27,27,49,46,69,64,64,21,21,0],"gold":179,"neow_bonus":"BOSS_RELIC","is_prod":false,"is_daily":false,"chose_seed":false,"campfire_upgraded":4,"win_rate":0,"timestamp":1550820437,"path_taken":["M","$","?","M","M","R","?","E","T","?","M","R","M","M","R","BOSS","M","$","?","M","?","R","?","R","T","M","M","?","?","?","R","BOSS","M","?","?","?","M"],"build_version":"2019-01-23","purchased_purges":2,"victory":false,"max_hp_per_floor":[71,71,71,71,71,71,71,71,71,71,71,71,71,71,71,71,71,71,71,76,76,76,76,76,76,76,76,76,76,76,76,76,76,76,76,76,76,76,76],"card_choices":[{"not_picked":["Chill","Ball Lightning"],"picked":"Consume","floor":0},{"not_picked":["Sweeping Beam","Ball Lightning"],"picked":"Melter","floor":0},{"not_picked":["Self Repair","Ball Lightning"],"picked":"Creative AI","floor":0},{"not_picked":["Redo","Sweeping Beam","Reprogram"],"picked":"SKIP","floor":1},{"not_picked":["Conserve Battery","Doom and Gloom"],"picked":"Coolheaded","floor":4},{"not_picked":["Undo","Redo"],"picked":"Coolheaded","floor":5},{"not_picked":["Lockon","Cold Snap"],"picked":"BootSequence","floor":7},{"not_picked":["Steam","Barrage","Go for the Eyes"],"picked":"SKIP","floor":11},{"not_picked":["Stack","Genetic Algorithm"],"picked":"Cold Snap","floor":13},{"not_picked":["Rebound","Sweeping Beam"],"picked":"White Noise","floor":14},{"not_picked":["Amplify","Core Surge"],"picked":"Seek","floor":16},{"not_picked":["Steam","Hello World","Tempest"],"picked":"SKIP","floor":18},{"not_picked":["Go for the Eyes","Hologram","Barrage"],"picked":"SKIP","floor":21},{"not_picked":["Compile Driver","Coolheaded","Turbo"],"picked":"SKIP","floor":24},{"not_picked":["Redo","Auto Shields"],"picked":"Defragment","floor":27},{"not_picked":["Leap","Redo","Stack"],"picked":"SKIP","floor":28},{"not_picked":["Hyperbeam","Thunder Strike"],"picked":"Core Surge","floor":33},{"not_picked":["Barrage","Go for the Eyes+1","Hologram"],"picked":"SKIP","floor":35},{"not_picked":["Ball Lightning","Gash+1","Go for the Eyes"],"picked":"SKIP","floor":36},{"not_picked":["Steam Power","Glacier+1"],"picked":"Chill","floor":37}],"player_experience":1733725,"relics_obtained":[{"floor":8,"key":"Mercury Hourglass"},{"floor":9,"key":"Smiling Mask"},{"floor":31,"key":"Orichalcum"},{"floor":37,"key":"Unceasing Top"}],"event_choices":[{"damage_healed":0,"gold_gain":0,"cards_transformed":["Strike_B"],"player_choice":"Transformed","damage_taken":0,"max_hp_gain":0,"max_hp_loss":0,"event_name":"Transmorgrifier","floor":3,"gold_loss":0,"cards_obtained":["Reboot"]},{"damage_healed":0,"gold_gain":0,"player_choice":"Shed Blood","damage_taken":25,"max_hp_gain":5,"max_hp_loss":0,"event_name":"Forgotten Altar","floor":20,"gold_loss":0},{"damage_healed":0,"gold_gain":0,"player_choice":"Bet on Murderer","damage_taken":0,"max_hp_gain":0,"max_hp_loss":0,"event_name":"The Joust","floor":22,"gold_loss":50},{"damage_healed":0,"gold_gain":50,"player_choice":"Stole From Cult","damage_taken":0,"max_hp_gain":0,"max_hp_loss":0,"event_name":"Nest","floor":29,"gold_loss":0},{"damage_healed":0,"gold_gain":0,"player_choice":"Paid Fearfully","damage_taken":0,"max_hp_gain":0,"max_hp_loss":0,"event_name":"Masked Bandits","floor":30,"gold_loss":188},{"damage_healed":0,"gold_gain":0,"player_choice":"Fight","damage_taken":0,"max_hp_gain":0,"max_hp_loss":0,"event_name":"Mysterious Sphere","floor":37,"gold_loss":0},{"cards_removed":["Lockon"],"damage_healed":0,"gold_gain":0,"player_choice":"Removed Attack","damage_taken":0,"max_hp_gain":0,"max_hp_loss":0,"event_name":"Falling","floor":38,"gold_loss":0}],"is_beta":false,"boss_relics":[{"not_picked":["Fusion Hammer","Calling Bell"],"picked":"Sozu"},{"not_picked":["Philosopher\u0027s Stone","Runic Dome"],"picked":"Pandora\u0027s Box"}],"items_purged_floors":[10,19],"is_endless":false,"potions_floor_spawned":[4,7,11,14,24,27,35,37],"killed_by":"3 Darklings","ascension_level":20}