{"gold_per_floor":[118,193,206,218,218,218,218,218,248,248,275,288,288,288,288,288],"floor_reached":16,"playtime":321,"items_purged":[],"score":196,"play_id":"c2739bb4-0f24-472e-9744-11cfe2ec2957","local_time":"20190414141421","is_ascension_mode":true,"campfire_choices":[{"data":"Juggernaut","floor":6,"key":"SMITH"},{"data":"Bash","floor":8,"key":"SMITH"},{"data":"Rampage","floor":10,"key":"SMITH"},{"data":"Shockwave","floor":13,"key":"SMITH"},{"data":"True Grit","floor":15,"key":"SMITH"}],"neow_cost":"TEN_PERCENT_HP_LOSS","seed_source_timestamp":182429165891000,"circlet_count":0,"master_deck":["AscendersBane","Strike_R","Strike_R+1","Strike_R+1","Strike_R","Defend_R","Defend_R","Defend_R","Defend_R","Bash+1","Juggernaut+1","True Grit+1","Flame Barrier","Rampage+1","Reaper","Shockwave+1"],"relics":["Burning Blood","Art of War","Tiny Chest","Whetstone","Dodecahedron"],"potions_floor_usage":[11,12,16],"damage_taken":[{"damage":11,"enemies":"Cultist","floor":1,"turns":4},{"damage":9,"enemies":"Jaw Worm","floor":3,"turns":5},{"damage":3,"enemies":"2 Louse","floor":4,"turns":4},{"damage":51,"enemies":"3 Sentries","floor":11,"turns":9},{"damage":33,"enemies":"Gremlin Gang","floor":12,"turns":6},{"damage":28,"enemies":"Hexaghost","floor":16,"turns":9}],"seed_played":"-4701406144735913884","potions_obtained":[{"floor":3,"key":"SteroidPotion"},{"floor":4,"key":"Weak Potion"},{"floor":12,"key":"SkillPotion"}],"is_trial":false,"path_per_floor":["M","?","M","M","?","R","?","R","T","R","E","M","R","T","R","B"],"character_chosen":"IRONCLAD","items_purchased":[],"campfire_rested":0,"item_purchase_floors":[],"current_hp_per_floor":[63,52,49,52,47,47,47,47,47,47,29,18,18,18,18,0],"gold":288,"neow_bonus":"THREE_RARE_CARDS","is_prod":false,"is_daily":false,"chose_seed":false,"campfire_upgraded":5,"win_rate":0,"timestamp":1555218861,"path_taken":["M","?","M","M","?","R","?","R","T","R","E","?","R","?","R","BOSS"],"build_version":"2019-01-23","purchased_purges":0,"victory":false,"max_hp_per_floor":[68,68,68,68,68,68,68,68,68,68,68,68,68,68,68,68],"card_choices":[{"not_picked":["Double Tap","Impervious"],"picked":"Juggernaut","floor":0},{"not_picked":["Twin Strike","Power Through"],"picked":"True Grit","floor":1},{"not_picked":["True Grit","Infernal Blade"],"picked":"Flame Barrier","floor":3},{"not_picked":["Warcry","Infernal Blade"],"picked":"Rampage","floor":4},{"not_picked":["Anger","Fire Breathing","Bloodletting"],"picked":"SKIP","floor":11},{"not_picked":["Perfected Strike","Pummel"],"picked":"Shockwave","floor":12}],"player_experience":3125192,"relics_obtained":[{"floor":9,"key":"Tiny Chest"},{"floor":11,"key":"Whetstone"},{"floor":14,"key":"Dodecahedron"}],"event_choices":[{"damage_healed":0,"gold_gain":75,"player_choice":"Gather Gold","damage_taken":11,"max_hp_gain":0,"max_hp_loss":0,"event_name":"World of Goop","floor":2,"gold_loss":0},{"damage_healed":0,"gold_gain":0,"player_choice":"Success","damage_taken":5,"relics_obtained":["Art of War"],"max_hp_gain":0,"max_hp_loss":0,"event_name":"Scrap Ooze","floor":5,"gold_loss":0},{"damage_healed":0,"gold_gain":0,"cards_transformed":["Strike_R"],"player_choice":"Transformed","damage_taken":0,"max_hp_gain":0,"max_hp_loss":0,"event_name":"Transmorgrifier","floor":7,"gold_loss":0,"cards_obtained":["Reaper"]}],"is_beta":false,"boss_relics":[],"items_purged_floors":[],"is_endless":false,"potions_floor_spawned":[3,4,12],"killed_by":"Hexaghost","ascension_level":20}