{"gold_per_floor":[116,116,129,304,179,213,213,233,233,233,249,287,287,369,369,465,465,479,495,516,541,541,541,585,609,609,624,624],"floor_reached":28,"playtime":1444,"items_purged":["Doubt"],"score":425,"play_id":"3e0a8d44-e305-4dbf-836b-b22e1790b840","local_time":"20181202122110","is_ascension_mode":true,"campfire_choices":[{"data":"Hyperbeam","floor":7.0,"key":"SMITH"},{"data":"Hologram","floor":10.0,"key":"SMITH"},{"data":"Beam Cell","floor":15.0,"key":"SMITH"},{"data":"Fusion","floor":23.0,"key":"SMITH"}],"neow_cost":"NONE","seed_source_timestamp":597099582524214,"circlet_count":0,"master_deck":["AscendersBane","Strike_B","Strike_B","Strike_B","Strike_B","Defend_B","Defend_B","Defend_B","Defend_B","Dualcast","Hyperbeam+1","Undo","Genetic Algorithm","Hologram+1","Hologram","Self Repair","Core Surge","Beam Cell+1","Core Surge","Fusion+1","Writhe","Hologram","Auto Shields"],"special_seed":0,"relics":["Cracked Core","Golden Idol","Cables","Anchor","Mango","Blue Candle","Coffee Dripper","Bag of Marbles","Unceasing Top","Symbiotic Virus"],"potions_floor_usage":[28],"damage_taken":[{"damage":0.0,"enemies":"Small Slimes","floor":1.0,"turns":3.0},{"damage":0.0,"enemies":"2 Louse","floor":3.0,"turns":1.0},{"damage":40.0,"enemies":"Lagavulin","floor":6.0,"turns":7.0},{"damage":0.0,"enemies":"Jaw Worm","floor":8.0,"turns":3.0},{"damage":0.0,"enemies":"Exordium Wildlife","floor":11.0,"turns":2.0},{"damage":11.0,"enemies":"Gremlin Nob","floor":12.0,"turns":3.0},{"damage":20.0,"enemies":"Hexaghost","floor":16.0,"turns":9.0},{"damage":0.0,"enemies":"Chosen","floor":18.0,"turns":3.0},{"damage":3.0,"enemies":"3 Byrds","floor":19.0,"turns":5.0},{"damage":0.0,"enemies":"Snecko","floor":20.0,"turns":3.0},{"damage":10.0,"enemies":"Snake Plant","floor":21.0,"turns":5.0},{"damage":28.0,"enemies":"Book of Stabbing","floor":24.0,"turns":5.0},{"damage":0.0,"enemies":"Sentry and Sphere","floor":25.0,"turns":3.0},{"damage":25.0,"enemies":"Centurion and Healer","floor":27.0,"turns":4.0},{"damage":42,"enemies":"Slavers","floor":28,"turns":8}],"seed_played":"-6125610225259389079","potions_obtained":[{"floor":1.0,"key":"Explosive Potion"},{"floor":11.0,"key":"Dexterity Potion"},{"floor":12.0,"key":"FearPotion"},{"floor":25.0,"key":"Weak Potion"}],"is_trial":false,"path_per_floor":["M","?","M","?","$","E","R","M","T","R","M","E","?","T","R","B",null,"M","M","M","M","?","R","E","M","T","M","E"],"character_chosen":"DEFECT","items_purchased":["Hologram"],"campfire_rested":0,"item_purchase_floors":[5],"current_hp_per_floor":[64,64,64,64,64,24,24,24,24,24,31,41,34,34,34,21,65,72,76,76,73,73,73,52,59,59,41,0],"gold":624,"neow_bonus":"ONE_RANDOM_RARE_CARD","is_prod":false,"is_daily":false,"chose_seed":false,"campfire_upgraded":4,"win_rate":0,"timestamp":1543724470,"path_taken":["M","?","M","?","$","E","R","M","T","R","M","E","?","?","R","BOSS","M","M","M","M","?","R","E","M","T","M","E"],"build_version":"2018-11-15","purchased_purges":1,"victory":false,"max_hp_per_floor":[71,66,66,66,66,66,66,66,66,66,66,80,80,80,80,80,80,80,80,80,80,80,80,80,80,80,80,80],"card_choices":[{"not_picked":["Lockon","Static Discharge"],"picked":"Undo","floor":1.0},{"not_picked":["Rip and Tear","Stack"],"picked":"Genetic Algorithm","floor":3.0},{"not_picked":["Stack","Steam Power"],"picked":"Hologram","floor":6.0},{"not_picked":["Stack","Rebound"],"picked":"Self Repair","floor":8.0},{"not_picked":["Steam","Go for the Eyes"],"picked":"Core Surge","floor":11.0},{"not_picked":["Conserve Battery","Double Energy"],"picked":"Beam Cell","floor":12.0},{"not_picked":["All For One","Multi-Cast"],"picked":"Core Surge","floor":16.0},{"not_picked":["Go for the Eyes","Defragment"],"picked":"Fusion","floor":18.0},{"not_picked":["Leap","Go for the Eyes","Tempest"],"picked":"SKIP","floor":19.0},{"not_picked":["Redo","Fusion+1","Barrage"],"picked":"SKIP","floor":20.0},{"not_picked":["Leap","Stack","Rebound"],"picked":"SKIP","floor":21.0},{"not_picked":["Stack","Biased Cognition"],"picked":"Hologram","floor":24.0},{"not_picked":["Steam","Coolheaded"],"picked":"Auto Shields","floor":25.0},{"not_picked":["Coolheaded","Reprogram","Beam Cell"],"picked":"SKIP","floor":27.0}],"player_experience":571405,"relics_obtained":[{"floor":6.0,"key":"Cables"},{"floor":9.0,"key":"Anchor"},{"floor":12.0,"key":"Mango"},{"floor":14.0,"key":"Blue Candle"},{"floor":24.0,"key":"Unceasing Top"},{"floor":26.0,"key":"Symbiotic Virus"}],"event_choices":[{"damage_healed":0.0,"max_hp_gain":0.0,"max_hp_loss":5.0,"gold_gain":0.0,"event_name":"Golden Idol","player_choice":"Lose Max HP","floor":2.0,"gold_loss":0.0,"damage_taken":0.0,"relics_obtained":["Golden Idol"]},{"damage_healed":0.0,"max_hp_gain":0.0,"max_hp_loss":0.0,"gold_gain":175.0,"event_name":"Liars Game","player_choice":"AGREE","floor":4.0,"gold_loss":0.0,"damage_taken":0.0,"cards_obtained":["Doubt"]},{"cards_removed":["Zap"],"damage_healed":0.0,"max_hp_gain":0.0,"max_hp_loss":0.0,"gold_gain":0.0,"event_name":"Golden Wing","player_choice":"Card Removal","floor":13.0,"gold_loss":0.0,"damage_taken":7.0},{"damage_healed":0.0,"max_hp_gain":0.0,"max_hp_loss":0.0,"gold_gain":0.0,"event_name":"The Mausoleum","player_choice":"Opened","floor":22.0,"gold_loss":0.0,"damage_taken":0.0,"relics_obtained":["Bag of Marbles"],"cards_obtained":["Writhe"]}],"is_beta":true,"boss_relics":[{"not_picked":["Runic Pyramid","Tiny House"],"picked":"Coffee Dripper"}],"items_purged_floors":[5],"is_endless":false,"potions_floor_spawned":[1,11,12,19,20,25],"killed_by":"Slavers","ascension_level":14}