{"gold_per_floor":[116,127,15,15,15,27,54,6,6,6,6,24,40,107,107,107],"floor_reached":16,"playtime":1092,"items_purged":["Strike_B"],"score":117,"play_id":"7b7b4382-ae22-409f-a248-cc7d25cd5ab1","local_time":"20190418210419","is_ascension_mode":true,"campfire_choices":[{"floor":10,"key":"REST"},{"floor":15,"key":"REST"}],"neow_cost":"NONE","seed_source_timestamp":4506305243900,"circlet_count":0,"master_deck":["Strike_B","Strike_B","Defend_B","Defend_B","Defend_B","Zap","Dualcast","Redo","Lockon","Self Repair","Reprogram","Ball Lightning","Coolheaded","Buffer","Cold Snap","Auto Shields+1","Static Discharge"],"relics":["Cracked Core","Blood Vial","Toxic Egg 2","Potion Belt","SsserpentHead"],"potions_floor_usage":[12,12,16],"damage_taken":[{"damage":6,"enemies":"Cultist","floor":1,"turns":3},{"damage":4,"enemies":"Jaw Worm","floor":2,"turns":3},{"damage":7,"enemies":"2 Louse","floor":6,"turns":2},{"damage":44,"enemies":"Gremlin Nob","floor":7,"turns":5},{"damage":44,"enemies":"Gremlin Gang","floor":12,"turns":5},{"damage":0,"enemies":"Looter","floor":13,"turns":3},{"damage":39,"enemies":"Exordium Thugs","floor":14,"turns":5},{"damage":34,"enemies":"The Guardian","floor":16,"turns":11}],"seed_played":"7562025288716992594","potions_obtained":[{"floor":1,"key":"SkillPotion"},{"floor":2,"key":"FearPotion"},{"floor":7,"key":"Regen Potion"}],"is_trial":false,"path_per_floor":["M","M","$","?","?","M","E","$","T","R","?","M","M","M","R","B"],"character_chosen":"DEFECT","items_purchased":["Self Repair","Cold Snap"],"campfire_rested":2,"item_purchase_floors":[3,8],"current_hp_per_floor":[69,67,67,67,67,69,34,34,34,56,56,30,39,9,31,0],"gold":107,"neow_bonus":"RANDOM_COMMON_RELIC","is_prod":false,"is_daily":false,"chose_seed":false,"campfire_upgraded":0,"win_rate":0,"timestamp":1555589059,"path_taken":["M","M","$","?","?","?","E","?","T","R","?","M","M","?","R","BOSS"],"build_version":"2019-01-23","purchased_purges":1,"victory":false,"max_hp_per_floor":[75,75,75,75,75,75,75,75,75,75,75,75,75,75,75,75],"card_choices":[{"not_picked":["Hello World","Compile Driver"],"picked":"Redo","floor":1},{"not_picked":["Redo","Chaos"],"picked":"Lockon","floor":2},{"not_picked":["Compile Driver","Steam"],"picked":"Coolheaded","floor":6},{"not_picked":["Fission","Loop"],"picked":"Buffer","floor":7},{"not_picked":["Double Energy+1","FTL"],"picked":"Auto Shields+1","floor":12},{"not_picked":["Ball Lightning","Sweeping Beam","Rip and Tear"],"picked":"SKIP","floor":13},{"not_picked":["Cold Snap","Compile Driver"],"picked":"Static Discharge","floor":14}],"player_experience":293545,"relics_obtained":[{"floor":7,"key":"Toxic Egg 2"},{"floor":9,"key":"Potion Belt"}],"event_choices":[{"damage_healed":0,"gold_gain":0,"cards_transformed":["Defend_B"],"player_choice":"Change","damage_taken":0,"max_hp_gain":0,"max_hp_loss":0,"event_name":"Living Wall","floor":4,"gold_loss":0,"cards_obtained":["Reprogram"]},{"damage_healed":0,"gold_gain":0,"cards_transformed":["Strike_B"],"player_choice":"Transformed","damage_taken":0,"max_hp_gain":0,"max_hp_loss":0,"event_name":"Transmorgrifier","floor":5,"gold_loss":0,"cards_obtained":["Ball Lightning"]},{"damage_healed":0,"gold_gain":0,"player_choice":"Trade","damage_taken":0,"relics_obtained":["SsserpentHead"],"max_hp_gain":0,"max_hp_loss":0,"event_name":"FaceTrader","floor":11,"gold_loss":0}],"is_beta":false,"boss_relics":[],"items_purged_floors":[3],"is_endless":false,"potions_floor_spawned":[1,2,7],"killed_by":"The Guardian","ascension_level":3}