{"gold_per_floor":[16,30,43,55,55,55,81,95,95,125,125,137,137,150,150,246,246,258,274,142,162,162,162,182,217,217,217],"floor_reached":27,"playtime":1481,"items_purged":[],"score":306,"play_id":"5d8aeb1b-c2ff-4f3c-bdbd-a62e09d66d40","local_time":"20180729103116","is_ascension_mode":true,"campfire_choices":[{"floor":6.0,"key":"REST"},{"floor":11.0,"key":"REST"},{"floor":15.0,"key":"REST"},{"floor":23.0,"key":"REST"}],"neow_cost":"NO_GOLD","seed_source_timestamp":0,"circlet_count":0,"master_deck":["Strike_B","Strike_B","Strike_B","Strike_B","Defend_B","Defend_B","Defend_B","Defend_B","Zap","Dualcast","Electrodynamics","Redo","FTL","Conserve Battery","Creative AI","Genetic Algorithm","Conserve Battery","Steam","Seek","Double Energy","Conserve Battery","Redo","Self Repair","Redo","Hello World"],"special_seed":0,"relics":["Cracked Core","Bag of Preparation","Ornamental Fan","Mercury Hourglass","Orrery","Red Mask","Juzu Bracelet"],"potions_floor_usage":[24],"damage_taken":[{"damage":7.0,"enemies":"Small Slimes","floor":1.0,"turns":3.0},{"damage":0.0,"enemies":"2 Louse","floor":2.0,"turns":3.0},{"damage":2.0,"enemies":"Jaw Worm","floor":3.0,"turns":3.0},{"damage":1.0,"enemies":"2 Fungi Beasts","floor":4.0,"turns":3.0},{"damage":10.0,"enemies":"3 Sentries","floor":7.0,"turns":5.0},{"damage":6.0,"enemies":"Large Slime","floor":8.0,"turns":3.0},{"damage":25.0,"enemies":"Gremlin Nob","floor":10.0,"turns":4.0},{"damage":0.0,"enemies":"Looter","floor":12.0,"turns":3.0},{"damage":0.0,"enemies":"2 Fungi Beasts","floor":14.0,"turns":2.0},{"damage":21.0,"enemies":"The Guardian","floor":16.0,"turns":11.0},{"damage":27.0,"enemies":"2 Thieves","floor":18.0,"turns":4.0},{"damage":22.0,"enemies":"3 Byrds","floor":19.0,"turns":3.0},{"damage":13.0,"enemies":"Cultist and Chosen","floor":21.0,"turns":5.0},{"damage":16,"enemies":"Snecko","floor":24,"turns":7},{"damage":6,"floor":25,"turns":2},{"damage":28,"enemies":"Book of Stabbing","floor":27,"turns":3}],"seed_played":"7818948113062216084","potions_obtained":[{"floor":1.0,"key":"PowerPotion"},{"floor":4.0,"key":"Poison Potion"},{"floor":10.0,"key":"Block Potion"},{"floor":21.0,"key":"Ancient Potion"}],"is_trial":false,"path_per_floor":["M","M","M","M","?","R","E","M","T","E","R","M","?","M","R","B",null,"M","M","$","M","?","R","M","?","T"],"character_chosen":"DEFECT","items_purchased":["Self Repair","PowerPotion"],"campfire_rested":4,"item_purchase_floors":[20,20],"current_hp_per_floor":[61,61,59,58,58,75,65,59,59,34,56,56,56,56,75,54,70,43,21,21,15,15,37,28,22,22,0],"gold":217,"neow_bonus":"THREE_RARE_CARDS","is_prod":false,"is_daily":false,"chose_seed":false,"campfire_upgraded":0,"win_rate":0,"timestamp":1532849476,"path_taken":["M","M","M","M","?","R","E","M","T","E","R","M","?","M","R","BOSS","M","M","$","M","?","R","M","?","T","E"],"build_version":"2018-07-26","purchased_purges":0,"victory":false,"max_hp_per_floor":[75,75,75,75,75,75,75,75,75,75,75,75,75,75,75,75,75,75,75,75,75,75,75,75,75,75,75],"card_choices":[{"not_picked":["Thunder Strike","Amplify"],"picked":"Electrodynamics","floor":0.0},{"not_picked":["Reinforced Body","Glacier"],"picked":"Redo","floor":1.0},{"not_picked":["Stack","Coolheaded","Tempest"],"picked":"SKIP","floor":2.0},{"not_picked":["Compile Driver","Leap"],"picked":"FTL","floor":3.0},{"not_picked":["Cold Snap","Rip and Tear"],"picked":"Conserve Battery","floor":4.0},{"not_picked":["Redo","Turbo"],"picked":"Creative AI","floor":7.0},{"not_picked":["Stack","Reprogram","Hologram"],"picked":"SKIP","floor":8.0},{"not_picked":["Barrage","Conserve Battery"],"picked":"Genetic Algorithm","floor":10.0},{"not_picked":["Chaos","Consume"],"picked":"Conserve Battery","floor":12.0},{"not_picked":["Gash","Meteor Strike"],"picked":"Steam","floor":14.0},{"not_picked":["Rainbow","Meteor Strike"],"picked":"Seek","floor":16.0},{"not_picked":["Streamline","Compile Driver"],"picked":"Double Energy","floor":17.0},{"not_picked":["Go for the Eyes","Streamline"],"picked":"Conserve Battery","floor":17.0},{"not_picked":["Gash+1","Beam Cell"],"picked":"Redo","floor":18.0},{"not_picked":["Rebound","Doom and Gloom","Multi-Cast"],"picked":"SKIP","floor":19.0},{"not_picked":["Gash","Turbo"],"picked":"Redo","floor":21.0},{"not_picked":["Go for the Eyes","Compile Driver+1","Beam Cell"],"picked":"SKIP","floor":24},{"not_picked":["Streamline","Ball Lightning"],"picked":"Hello World","floor":25}],"player_experience":606903,"relics_obtained":[{"floor":7.0,"key":"Bag of Preparation"},{"floor":9.0,"key":"Ornamental Fan"},{"floor":10.0,"key":"Mercury Hourglass"},{"floor":25,"key":"Red Mask"},{"floor":26,"key":"Juzu Bracelet"}],"event_choices":[{"event_name":"Golden Wing","player_choice":"Ignored","floor":5.0,"damage_taken":0.0},{"event_name":"Shining Light","player_choice":"Ignored","floor":13.0,"damage_taken":0.0},{"event_name":"Drug Dealer","player_choice":"Ignored","floor":22.0,"damage_taken":0.0},{"event_name":"Masked Bandits","player_choice":"Fought over 182 gold","floor":25,"damage_taken":0}],"is_beta":false,"boss_relics":[{"not_picked":["Coffee Dripper","Runic Pyramid"],"picked":"Orrery"}],"items_purged_floors":[],"is_endless":false,"potions_floor_spawned":[1,4,10,21],"killed_by":"Book of Stabbing","ascension_level":7}