{"gold_per_floor":[114,131,81,81,81,101,23,42,42,42,54,54,54,77,77,176,176,187,204,224,324,340,340,374,386,410,426,426,439,439,1,1,103,103,120,120,120,120,132,132,149,163,189,0,0,0,0,14,14,14],"floor_reached":50,"playtime":9019,"items_purged":["Strike_R"],"score":554,"play_id":"8a544fde-7bfd-4607-a6aa-1c5f3aa3b2d1","local_time":"20190114215039","is_ascension_mode":false,"campfire_choices":[{"data":"Searing Blow","floor":10.0,"key":"SMITH"},{"data":"Searing Blow+1","floor":15.0,"key":"SMITH"},{"floor":23,"key":"REST"},{"floor":30,"key":"REST"},{"data":"Searing Blow+2","floor":32,"key":"SMITH"},{"data":"Searing Blow+3","floor":40,"key":"SMITH"},{"data":"Searing Blow+4","floor":45,"key":"SMITH"},{"data":"Searing Blow+5","floor":46,"key":"SMITH"},{"data":"Searing Blow+6","floor":47,"key":"SMITH"},{"data":"Searing Blow+7","floor":49,"key":"SMITH"}],"neow_cost":"PERCENT_DAMAGE","seed_source_timestamp":0,"circlet_count":0,"master_deck":["Strike_R","Strike_R","Defend_R","Defend_R","Defend_R","Bash","Reaper","Headbutt","Searing Blow+8","Whirlwind","Feed","Thunderclap","Intimidate","Fiend Fire","Sever Soul","Disarm","Limit Break","Inflame+1","True Grit","Disarm+1","Battle Trance+1","Shrug It Off","Double Tap","Armaments","Writhe","Double Tap","Iron Wave+1","Flame Barrier+1","Reaper","Flame Barrier"],"special_seed":0,"relics":["Burning Blood","Happy Flower","Gremlin Horn","Red Skull","Odd Mushroom","Black Star","Pear","Meat on the Bone","Regal Pillow","WingedGreaves","Coffee Dripper","PreservedInsect","Red Mask"],"potions_floor_usage":[24,25,27,33,33,39,41,41,50],"damage_taken":[{"damage":0.0,"enemies":"2 Louse","floor":1.0,"turns":3.0},{"damage":1.0,"enemies":"Cultist","floor":2.0,"turns":3.0},{"damage":15.0,"enemies":"Jaw Worm","floor":6.0,"turns":4.0},{"damage":13.0,"enemies":"3 Louse","floor":8.0,"turns":4.0},{"damage":22.0,"enemies":"Exordium Wildlife","floor":11.0,"turns":4.0},{"damage":13.0,"enemies":"The Mushroom Lair","floor":14.0,"turns":3.0},{"damage":66.0,"enemies":"Hexaghost","floor":16.0,"turns":11.0},{"damage":40,"enemies":"Shell Parasite","floor":18,"turns":6},{"damage":32,"enemies":"Spheric Guardian","floor":19,"turns":5},{"damage":21,"enemies":"Snake Plant","floor":20,"turns":5},{"damage":34,"enemies":"Sentry and Sphere","floor":22,"turns":5},{"damage":59,"enemies":"Slavers","floor":24,"turns":4},{"damage":2,"enemies":"Chosen and Byrds","floor":25,"turns":7},{"damage":24,"enemies":"Snecko","floor":27,"turns":5},{"damage":39,"enemies":"Colosseum Slavers","floor":28,"turns":5},{"damage":7,"enemies":"3 Cultists","floor":29,"turns":3},{"damage":119,"enemies":"Collector","floor":33,"turns":10},{"damage":40,"enemies":"3 Darklings","floor":35,"turns":5},{"damage":6,"enemies":"Orb Walker","floor":39,"turns":2},{"damage":30,"enemies":"Maw","floor":41,"turns":7},{"damage":61,"enemies":"3 Darklings","floor":42,"turns":6},{"damage":41,"enemies":"Spire Growth","floor":48,"turns":4},{"damage":102,"enemies":"Time Eater","floor":50,"turns":10}],"seed_played":"8111476693475006000","potions_obtained":[{"floor":8.0,"key":"Regen Potion"},{"floor":11.0,"key":"Dexterity Potion"},{"floor":16.0,"key":"Swift Potion"},{"floor":18,"key":"Weak Potion"},{"floor":20,"key":"Explosive Potion"},{"floor":24,"key":"AttackPotion"},{"floor":27,"key":"GamblersBrew"},{"floor":33,"key":"GamblersBrew"},{"floor":35,"key":"Block Potion"},{"floor":39,"key":"Regen Potion"}],"is_trial":false,"path_per_floor":["M","M","?","?","?","M","$","M","T","R","M","?","?","?","R","B",null,"M","M","M","?","M","R","E","M","T","M","?","M","R","$","R","B",null,"M","?","?","?","M","R","M","M","T","?","R","R","R","M","R","B"],"character_chosen":"IRONCLAD","items_purchased":["Feed","WingedGreaves","Shrug It Off","PowerPotion"],"campfire_rested":2,"item_purchase_floors":[7,31,31,31],"current_hp_per_floor":[70,79,79,84,84,77,77,73,73,73,68,50,50,58,58,17,94,60,37,32,32,9,39,17,46,46,40,37,71,116,116,116,29,116,82,82,111,111,111,111,91,60,60,60,60,60,60,47,47,0],"gold":14,"neow_bonus":"THREE_RARE_CARDS","is_prod":false,"is_daily":false,"chose_seed":false,"campfire_upgraded":8,"win_rate":0,"timestamp":1547470239,"path_taken":["M","M","?","?","?","M","$","?","T","R","M","?","?","?","R","BOSS","M","M","M","?","?","R","E","M","T","M","?","M","R","$","R","BOSS","M","?","?","?","?","R","M","M","T","?","R","R","R","M","R","BOSS"],"build_version":"2019-01-10","purchased_purges":1,"victory":false,"max_hp_per_floor":[80,80,80,85,85,85,85,88,88,88,91,91,91,94,94,94,94,94,97,100,100,100,100,110,113,113,113,113,116,116,116,116,116,116,116,116,116,116,116,116,116,116,116,116,116,116,116,116,116,116],"card_choices":[{"not_picked":["Dark Embrace","Impervious"],"picked":"Reaper","floor":0.0},{"not_picked":["Sword Boomerang","Clash"],"picked":"Headbutt","floor":1.0},{"not_picked":["Iron Wave","Feel No Pain"],"picked":"Searing Blow","floor":2.0},{"not_picked":["Battle Trance","Warcry"],"picked":"Whirlwind","floor":6.0},{"not_picked":["Sever Soul","Clothesline"],"picked":"Thunderclap","floor":8.0},{"not_picked":["Evolve","Clothesline"],"picked":"Intimidate","floor":11.0},{"not_picked":["Dark Embrace","Juggernaut"],"picked":"Fiend Fire","floor":16.0},{"not_picked":["Uppercut+1","Body Slam+1"],"picked":"Sever Soul","floor":18},{"not_picked":["Pommel Strike","Flex"],"picked":"Disarm","floor":19},{"not_picked":["Clothesline","Sword Boomerang"],"picked":"Limit Break","floor":20},{"not_picked":["Thunderclap","Heavy Blade"],"picked":"Inflame+1","floor":22},{"not_picked":["Pommel Strike+1","Shrug It Off"],"picked":"True Grit","floor":24},{"not_picked":["Perfected Strike","True Grit"],"picked":"Disarm+1","floor":25},{"not_picked":["Clash","Heavy Blade"],"picked":"Battle Trance+1","floor":27},{"not_picked":["Wild Strike","Uppercut","Hemokinesis+1"],"picked":"SKIP","floor":29},{"not_picked":["Limit Break","Dark Embrace"],"picked":"Double Tap","floor":33},{"not_picked":["Searing Blow+1","Heavy Blade"],"picked":"Armaments","floor":35},{"not_picked":["Pommel Strike+1","True Grit"],"picked":"Iron Wave+1","floor":39},{"not_picked":["Warcry+1","True Grit"],"picked":"Flame Barrier+1","floor":41},{"not_picked":["Hemokinesis+1","Thunderclap"],"picked":"Reaper","floor":42},{"not_picked":["Sword Boomerang","Warcry+1"],"picked":"Flame Barrier","floor":48}],"player_experience":30788,"relics_obtained":[{"floor":9.0,"key":"Happy Flower"},{"floor":14.0,"key":"Odd Mushroom"},{"floor":24,"key":"Pear"},{"floor":24,"key":"Meat on the Bone"},{"floor":26,"key":"Regal Pillow"},{"floor":43,"key":"PreservedInsect"}],"event_choices":[{"cards_removed":["Strike_R"],"damage_healed":0.0,"max_hp_gain":0.0,"max_hp_loss":0.0,"gold_gain":0.0,"event_name":"The Cleric","player_choice":"Card Removal","floor":3.0,"gold_loss":50.0,"damage_taken":0.0},{"damage_healed":0.0,"max_hp_gain":5.0,"max_hp_loss":0.0,"gold_gain":0.0,"event_name":"Big Fish","player_choice":"Donut","floor":4.0,"gold_loss":0.0,"damage_taken":0.0},{"cards_removed":["Defend_R"],"damage_healed":0.0,"max_hp_gain":0.0,"max_hp_loss":0.0,"gold_gain":0.0,"event_name":"Purifier","player_choice":"Purged","floor":5.0,"gold_loss":0.0,"damage_taken":0.0},{"damage_healed":0.0,"max_hp_gain":0.0,"max_hp_loss":0.0,"gold_gain":0.0,"event_name":"Scrap Ooze","player_choice":"Success","floor":12.0,"gold_loss":0.0,"damage_taken":18.0,"relics_obtained":["Gremlin Horn"]},{"damage_healed":0.0,"max_hp_gain":0.0,"max_hp_loss":0.0,"gold_gain":0.0,"event_name":"Dead Adventurer","player_choice":"Searched \u00272\u0027 times","floor":13.0,"gold_loss":0.0,"damage_taken":0.0,"relics_obtained":["Red Skull"]},{"damage_healed":0.0,"max_hp_gain":0.0,"max_hp_loss":0.0,"gold_gain":0.0,"event_name":"Mushrooms","player_choice":"Fought Mushrooms","floor":14.0,"gold_loss":0.0,"damage_taken":0.0},{"damage_healed":0,"gold_gain":100,"player_choice":"Pray","damage_taken":0,"max_hp_gain":0,"max_hp_loss":0,"event_name":"Golden Shrine","floor":21,"gold_loss":0},{"damage_healed":0,"gold_gain":0,"player_choice":"Fight","damage_taken":0,"max_hp_gain":0,"max_hp_loss":0,"event_name":"Colosseum","floor":28,"gold_loss":0},{"damage_healed":0,"gold_gain":0,"player_choice":"Fled From Nobs","damage_taken":0,"max_hp_gain":0,"max_hp_loss":0,"event_name":"Colosseum","floor":28,"gold_loss":0},{"cards_removed":["Strike_R"],"damage_healed":0,"gold_gain":0,"player_choice":"Removed Attack","damage_taken":0,"max_hp_gain":0,"max_hp_loss":0,"event_name":"Falling","floor":36,"gold_loss":0},{"damage_healed":29,"gold_gain":0,"player_choice":"Writhe","damage_taken":0,"max_hp_gain":0,"max_hp_loss":0,"event_name":"Winding Halls","floor":37,"gold_loss":0,"cards_obtained":["Writhe"]},{"damage_healed":0,"gold_gain":0,"player_choice":"Copied","damage_taken":0,"max_hp_gain":0,"max_hp_loss":0,"event_name":"Duplicator","floor":38,"gold_loss":0,"cards_obtained":["Double Tap"]},{"damage_healed":0,"gold_gain":0,"player_choice":"Paid","damage_taken":0,"relics_obtained":["Red Mask"],"max_hp_gain":0,"max_hp_loss":0,"event_name":"Tomb of Lord Red Mask","floor":44,"gold_loss":189}],"is_beta":false,"boss_relics":[{"not_picked":["Philosopher\u0027s Stone","Snecko Eye"],"picked":"Black Star"},{"not_picked":["Runic Cube","Mark of Pain"],"picked":"Coffee Dripper"}],"items_purged_floors":[31],"is_endless":false,"potions_floor_spawned":[8,11,16,18,20,24,27,33,35,39],"killed_by":"Time Eater","ascension_level":0}