{"gold_per_floor":[109,184,184,196,17,51,51,85,85,85,102,29,46,108,108,185,185,205,189,189],"floor_reached":20,"playtime":898,"items_purged":[],"score":362,"play_id":"25b69653-3d06-4617-aca7-14a67818cbc9","local_time":"20181124202054","is_ascension_mode":true,"campfire_choices":[{"floor":7,"key":"REST"},{"floor":15,"key":"REST"}],"neow_cost":"NONE","seed_source_timestamp":27710756361972,"circlet_count":0,"master_deck":["AscendersBane","Strike_B","Strike_B","Strike_B","Strike_B","Defend_B","Defend_B","Defend_B","Defend_B","Zap","Dualcast","Conserve Battery","BootSequence","Storm","Capacitor","Echo Form","Hello World","Ball Lightning","Redo","Seek","Auto Shields","Defragment"],"relics":["Cracked Core","NeowsBlessing","Emotion Chip","Centennial Puzzle","PreservedInsect","Turnip","Ancient Tea Set","Eternal Feather"],"potions_floor_usage":[5,19,19],"damage_taken":[{"damage":0,"enemies":"Jaw Worm","floor":1,"turns":1},{"damage":0,"enemies":"Small Slimes","floor":4,"turns":1},{"damage":0,"enemies":"Lagavulin","floor":6,"turns":1},{"damage":32,"enemies":"Gremlin Nob","floor":8,"turns":4},{"damage":0,"enemies":"2 Louse","floor":11,"turns":3},{"damage":2,"enemies":"Blue Slaver","floor":13,"turns":4},{"damage":16,"enemies":"Gremlin Nob","floor":14,"turns":3},{"damage":38,"enemies":"Slime Boss","floor":16,"turns":9},{"damage":39,"enemies":"3 Byrds","floor":18,"turns":5},{"damage":11,"enemies":"2 Thieves","floor":19,"turns":4},{"damage":20,"enemies":"Shelled Parasite and Fungi","floor":20,"turns":6}],"seed_played":"-8072684529450219275","potions_obtained":[{"floor":6,"key":"GamblersBrew"},{"floor":14,"key":"Dexterity Potion"},{"floor":16,"key":"Strength Potion"}],"is_trial":false,"path_per_floor":["M","?","?","M","$","E","R","E","T","?","M","$","M","?","R","B",null,"M","M","M"],"character_chosen":"DEFECT","items_purchased":["Storm","Fruit Juice","Hello World"],"campfire_rested":2,"item_purchase_floors":[5,5,12],"current_hp_per_floor":[64,53,42,42,47,47,69,37,37,62,62,62,60,44,66,28,64,25,14,0],"gold":189,"neow_bonus":"THREE_ENEMY_KILL","is_prod":false,"is_daily":false,"chose_seed":false,"campfire_upgraded":0,"win_rate":0,"timestamp":1543083654,"path_taken":["M","?","?","M","$","E","R","E","T","?","?","$","M","?","R","BOSS","M","M","M"],"build_version":"2018-11-15","purchased_purges":0,"victory":false,"max_hp_per_floor":[71,71,71,71,76,76,76,76,76,76,76,76,76,76,76,76,76,76,76,76],"card_choices":[{"not_picked":["Leap","Turbo"],"picked":"Conserve Battery","floor":1},{"not_picked":["Leap","Go for the Eyes"],"picked":"BootSequence","floor":4},{"not_picked":["Compile Driver","Lockon"],"picked":"Capacitor","floor":6},{"not_picked":["Static Discharge","Seek"],"picked":"Echo Form","floor":8},{"not_picked":["Compile Driver","Turbo","Doom and Gloom"],"picked":"SKIP","floor":11},{"not_picked":["Beam Cell","Rebound"],"picked":"Ball Lightning","floor":13},{"not_picked":["Stack","BootSequence"],"picked":"Redo","floor":14},{"not_picked":["Thunder Strike","Core Surge"],"picked":"Seek","floor":16},{"not_picked":["Gash+1","Go for the Eyes+1"],"picked":"Auto Shields","floor":18},{"not_picked":["Compile Driver","Lockon"],"picked":"Defragment","floor":19}],"player_experience":784661,"relics_obtained":[{"floor":6,"key":"Centennial Puzzle"},{"floor":8,"key":"PreservedInsect"},{"floor":9,"key":"Turnip"},{"floor":14,"key":"Ancient Tea Set"}],"event_choices":[{"damage_healed":0,"gold_gain":75,"player_choice":"Gather Gold","damage_taken":11,"max_hp_gain":0,"max_hp_loss":0,"event_name":"World of Goop","floor":2,"gold_loss":0},{"damage_healed":0,"gold_gain":0,"player_choice":"Success","damage_taken":11,"relics_obtained":["Emotion Chip"],"max_hp_gain":0,"max_hp_loss":0,"event_name":"Scrap Ooze","floor":3,"gold_loss":0},{"damage_healed":25,"gold_gain":0,"player_choice":"Banana","damage_taken":0,"max_hp_gain":0,"max_hp_loss":0,"event_name":"Big Fish","floor":10,"gold_loss":0},{"damage_healed":0,"gold_gain":0,"player_choice":"Searched \u00271\u0027 times","damage_taken":0,"max_hp_gain":0,"max_hp_loss":0,"event_name":"Dead Adventurer","floor":14,"gold_loss":0}],"is_beta":false,"boss_relics":[{"not_picked":["Orrery","Fusion Hammer"],"picked":"Eternal Feather"}],"items_purged_floors":[],"is_endless":false,"potions_floor_spawned":[6,14,16],"killed_by":"Shelled Parasite and Fungi","ascension_level":15}