{"gold_per_floor":[116,116,133,148,167,167,196,196,248,248,262,281,306,306,306,383,383,394,394,409,409,425,425,436,452,532,189,189,189,203,203,203,277,277,292,15,15,1014,579,579,549,562,562,562,562],"floor_reached":45,"playtime":1628,"items_purged":["Normality"],"score":921,"play_id":"e5356a53-0793-4489-8197-ebbcffb10f17","local_time":"20190406134128","is_ascension_mode":true,"campfire_choices":[{"data":"Streamline","floor":6.0,"key":"SMITH"},{"data":"Self Repair","floor":8.0,"key":"SMITH"},{"floor":10.0,"key":"REST"},{"data":"Coolheaded","floor":15.0,"key":"SMITH"},{"floor":23.0,"key":"REST"},{"floor":28.0,"key":"REST"},{"data":"Loop","floor":32.0,"key":"SMITH"},{"data":"Darkness","floor":40.0,"key":"SMITH"},{"data":"Defragment","floor":44.0,"key":"SMITH"}],"neow_cost":"NONE","seed_source_timestamp":699261370601400,"circlet_count":0,"master_deck":["AscendersBane","Strike_B","Strike_B","Strike_B","Defend_B","Defend_B","Defend_B","Zap","Dualcast","Creative AI+1","Glacier","Streamline+1","Self Repair+1","Rip and Tear","Coolheaded+1","Cold Snap","Electrodynamics","Coolheaded","FTL","Core Surge","Darkness+1","Multi-Cast","Recycle","Defragment+1","Loop+1","Biased Cognition","Normality","Hologram","Capacitor+1"],"special_seed":0,"relics":["Cracked Core","Gremlin Horn","Bag of Preparation","Ancient Tea Set","Runic Dome","Shuriken","Coffee Dripper","Pantograph","Potion Belt"],"potions_floor_usage":[45],"damage_taken":[{"damage":7.0,"enemies":"Small Slimes","floor":1.0,"turns":3.0},{"damage":2.0,"enemies":"Cultist","floor":3.0,"turns":4.0},{"damage":7.0,"enemies":"Jaw Worm","floor":4.0,"turns":4.0},{"damage":18.0,"enemies":"Large Slime","floor":5.0,"turns":6.0},{"damage":20.0,"enemies":"Lagavulin","floor":7.0,"turns":7.0},{"damage":0.0,"enemies":"Red Slaver","floor":11.0,"turns":4.0},{"damage":9.0,"enemies":"Blue Slaver","floor":12.0,"turns":4.0},{"damage":14.0,"enemies":"3 Sentries","floor":13.0,"turns":9.0},{"damage":12.0,"enemies":"The Guardian","floor":16.0,"turns":15.0},{"damage":17.0,"enemies":"Spheric Guardian","floor":18.0,"turns":5.0},{"damage":16.0,"enemies":"Colosseum Slavers","floor":19.0,"turns":4.0},{"damage":9.0,"enemies":"Chosen","floor":20.0,"turns":5.0},{"damage":43.0,"enemies":"Centurion and Healer","floor":22.0,"turns":10.0},{"damage":10.0,"enemies":"3 Cultists","floor":24.0,"turns":3.0},{"damage":22.0,"enemies":"Snake Plant","floor":25.0,"turns":6.0},{"damage":30.0,"enemies":"Chosen and Byrds","floor":30.0,"turns":6.0},{"damage":36.0,"enemies":"Automaton","floor":33.0,"turns":9.0},{"damage":10.0,"enemies":"3 Darklings","floor":35.0,"turns":2.0},{"damage":22.0,"enemies":"Orb Walker","floor":42.0,"turns":4.0},{"damage":52,"enemies":"Reptomancer","floor":45,"turns":4}],"seed_played":"-4178979326315720055","potions_obtained":[{"floor":1.0,"key":"SteroidPotion"},{"floor":3.0,"key":"Energy Potion"},{"floor":22.0,"key":"Energy Potion"},{"floor":24.0,"key":"Strength Potion"},{"floor":30.0,"key":"FocusPotion"},{"floor":33.0,"key":"Ancient Potion"},{"floor":35.0,"key":"LiquidBronze"},{"floor":41.0,"key":"Energy Potion"}],"is_trial":false,"path_per_floor":["M","?","M","M","M","R","E","R","T","R","M","M","E","?","R","B",null,"M","?","M","?","M","R","M","M","T","$","R","?","M","?","R","B",null,"M","$","?","?","$","R","?","M","T","R","E"],"character_chosen":"DEFECT","items_purchased":["Multi-Cast","Recycle","Regen Potion","Pantograph","Potion Belt","Ancient Potion","Swift Potion","Hologram"],"campfire_rested":3,"item_purchase_floors":[27,27,27,36,39,39,39,39],"current_hp_per_floor":[57,57,55,48,30,30,17,17,17,38,48,49,45,38,38,36,62,55,49,50,50,17,38,38,26,26,26,47,47,27,27,27,16,57,57,57,57,57,57,57,57,35,35,35,0],"gold":562,"neow_bonus":"ONE_RANDOM_RARE_CARD","is_prod":false,"is_daily":false,"chose_seed":false,"campfire_upgraded":6,"win_rate":0,"timestamp":1554525688,"path_taken":["M","?","?","M","M","R","E","R","T","R","M","M","E","?","R","BOSS","M","?","M","?","?","R","M","M","T","$","R","?","M","?","R","BOSS","M","$","?","?","$","R","?","M","T","R","E"],"build_version":"2019-01-23","purchased_purges":1,"victory":false,"max_hp_per_floor":[71,71,71,71,71,71,71,71,71,71,71,71,71,71,71,71,71,71,71,71,71,71,71,71,71,71,71,71,71,71,71,71,71,71,71,71,71,71,71,71,71,71,71,71,71],"card_choices":[{"not_picked":["Force Field","Rebound","Steam"],"picked":"SKIP","floor":1.0},{"not_picked":["Gash","FTL"],"picked":"Glacier","floor":3.0},{"not_picked":["Conserve Battery","Stack"],"picked":"Streamline","floor":4.0},{"not_picked":["Barrage","Compile Driver"],"picked":"Self Repair","floor":5.0},{"not_picked":["Steam Power","Streamline"],"picked":"Rip and Tear","floor":7.0},{"not_picked":["Sweeping Beam","Reinforced Body"],"picked":"Coolheaded","floor":11.0},{"not_picked":["Aggregate","FTL"],"picked":"Cold Snap","floor":12.0},{"not_picked":["Thunder Strike","Compile Driver","Heatsinks"],"picked":"SKIP","floor":13.0},{"not_picked":["Machine Learning","Biased Cognition"],"picked":"Electrodynamics","floor":16.0},{"not_picked":["Compile Driver+1","Steam"],"picked":"Coolheaded","floor":18.0},{"not_picked":["Sweeping Beam","Conserve Battery"],"picked":"FTL","floor":20.0},{"not_picked":["Conserve Battery","Cold Snap"],"picked":"Core Surge","floor":22.0},{"not_picked":["Double Energy","Go for the Eyes"],"picked":"Darkness","floor":24.0},{"not_picked":["Hologram","Go for the Eyes","Gash"],"picked":"SKIP","floor":25.0},{"not_picked":["Ball Lightning","Stack"],"picked":"Loop","floor":30.0},{"not_picked":["Multi-Cast","Thunder Strike"],"picked":"Biased Cognition","floor":33.0},{"not_picked":["Ball Lightning","Barrage","Leap+1"],"picked":"SKIP","floor":35.0},{"not_picked":["Storm","Gash"],"picked":"Capacitor+1","floor":42.0}],"player_experience":2908497,"relics_obtained":[{"floor":7.0,"key":"Gremlin Horn"},{"floor":9.0,"key":"Bag of Preparation"},{"floor":13.0,"key":"Ancient Tea Set"},{"floor":26.0,"key":"Shuriken"}],"event_choices":[{"damage_healed":0.0,"max_hp_gain":0.0,"max_hp_loss":0.0,"gold_gain":0.0,"event_name":"Upgrade Shrine","player_choice":"Upgraded","floor":2.0,"gold_loss":0.0,"damage_taken":0.0,"cards_upgraded":["Creative AI"]},{"cards_removed":["Defend_B"],"damage_healed":0.0,"max_hp_gain":0.0,"max_hp_loss":0.0,"gold_gain":0.0,"event_name":"Golden Wing","player_choice":"Card Removal","floor":14.0,"gold_loss":0.0,"damage_taken":7.0},{"damage_healed":0.0,"max_hp_gain":0.0,"max_hp_loss":0.0,"gold_gain":0.0,"event_name":"Colosseum","player_choice":"Fight","floor":19.0,"gold_loss":0.0,"damage_taken":0.0},{"damage_healed":0.0,"max_hp_gain":0.0,"max_hp_loss":0.0,"gold_gain":0.0,"event_name":"Colosseum","player_choice":"Fled From Nobs","floor":19.0,"gold_loss":0.0,"damage_taken":0.0},{"cards_removed":["Strike_B"],"damage_healed":0.0,"max_hp_gain":0.0,"max_hp_loss":0.0,"gold_gain":0.0,"event_name":"Bonfire Elementals","player_choice":"Offered Basic","floor":21.0,"gold_loss":0.0,"damage_taken":0.0},{"damage_healed":0.0,"max_hp_gain":0.0,"max_hp_loss":0.0,"gold_gain":0.0,"event_name":"The Library","player_choice":"Read","floor":29.0,"gold_loss":0.0,"damage_taken":0.0,"cards_obtained":["Defragment"]},{"damage_healed":0.0,"max_hp_gain":0.0,"max_hp_loss":0.0,"gold_gain":0.0,"event_name":"The Mausoleum","player_choice":"Ignored","floor":31.0,"gold_loss":0.0,"damage_taken":0.0},{"damage_healed":0.0,"max_hp_gain":0.0,"max_hp_loss":0.0,"gold_gain":0.0,"event_name":"Mysterious Sphere","player_choice":"Ignored","floor":37.0,"gold_loss":0.0,"damage_taken":0.0},{"damage_healed":0.0,"max_hp_gain":0.0,"max_hp_loss":0.0,"gold_gain":999.0,"event_name":"MindBloom","player_choice":"Gold","floor":38.0,"gold_loss":0.0,"damage_taken":0.0,"cards_obtained":["Normality","Normality"]},{"damage_healed":0.0,"max_hp_gain":0.0,"max_hp_loss":0.0,"gold_gain":0.0,"event_name":"The Woman in Blue","player_choice":"Bought 2 Potions","floor":41.0,"gold_loss":0.0,"damage_taken":0.0}],"is_beta":false,"boss_relics":[{"not_picked":["FrozenCore","Philosopher\u0027s Stone"],"picked":"Runic Dome"},{"not_picked":["Sozu","Orrery"],"picked":"Coffee Dripper"}],"items_purged_floors":[39],"is_endless":false,"potions_floor_spawned":[1,3,4,11,22,24,30,33,35],"killed_by":"Reptomancer","ascension_level":20}