{"gold_per_floor":[109,34,34,109,133,133,171,185,215,5,44,44,44,64,64,160,160,60,73,73],"floor_reached":20,"playtime":723,"items_purged":[],"score":410,"play_id":"7d214b19-c09f-4b6c-9002-6593ed69a483","local_time":"20190309142109","is_ascension_mode":true,"campfire_choices":[{"data":"Bash","floor":6,"key":"SMITH"},{"data":"Second Wind","floor":13,"key":"SMITH"},{"floor":15,"key":"REST"}],"neow_cost":"NONE","seed_source_timestamp":14498279519400,"circlet_count":0,"master_deck":["AscendersBane","Bash+1","Spot Weakness","Power Through","Second Wind+1","Juggernaut","Barricade","Dark Embrace","Thunderclap","Seeing Red","Limit Break","Power Through","Burning Pact","Double Tap","Headbutt","Disarm"],"relics":["Burning Blood","NeowsBlessing","Golden Idol","Dodecahedron","Tiny Chest","Membership Card","Gambling Chip","Pandora\u0027s Box"],"potions_floor_usage":[11,16,18],"damage_taken":[{"damage":0,"enemies":"2 Louse","floor":1,"turns":1},{"damage":0,"enemies":"Jaw Worm","floor":5,"turns":1},{"damage":0,"enemies":"Lagavulin","floor":7,"turns":2},{"damage":8,"enemies":"Small Slimes","floor":8,"turns":3},{"damage":18,"enemies":"Gremlin Nob","floor":11,"turns":4},{"damage":2,"enemies":"2 Fungi Beasts","floor":14,"turns":4},{"damage":27,"enemies":"The Guardian","floor":16,"turns":15},{"damage":7,"enemies":"2 Thieves","floor":18,"turns":5},{"damage":34,"enemies":"Shell Parasite","floor":19,"turns":8},{"damage":0,"enemies":"Colosseum Slavers","floor":20,"turns":1}],"seed_played":"-7398017454441461563","potions_obtained":[{"floor":7,"key":"PowerPotion"},{"floor":11,"key":"Strength Potion"},{"floor":16,"key":"Regen Potion"},{"floor":19,"key":"Strength Potion"}],"is_trial":false,"path_per_floor":["M","?","?","?","M","R","E","M","T","$","E","?","R","M","R","B",null,"M","M","?"],"character_chosen":"IRONCLAD","items_purchased":["Membership Card"],"campfire_rested":1,"item_purchase_floors":[10],"current_hp_per_floor":[74,74,48,37,43,43,49,47,47,47,35,28,28,32,54,33,65,75,47,47],"gold":73,"neow_bonus":"THREE_ENEMY_KILL","is_prod":false,"is_daily":false,"chose_seed":false,"campfire_upgraded":2,"win_rate":0,"timestamp":1552108869,"path_taken":["M","?","?","?","?","R","E","M","T","$","E","?","R","M","R","BOSS","M","M","?"],"build_version":"2019-01-23","purchased_purges":0,"victory":false,"max_hp_per_floor":[75,75,75,75,75,75,75,75,75,75,75,75,75,75,75,75,75,75,75,75],"card_choices":[{"not_picked":["Armaments","Combust"],"picked":"Spot Weakness","floor":1},{"not_picked":["True Grit","Iron Wave"],"picked":"Power Through","floor":5},{"not_picked":["Flex","Clothesline"],"picked":"Second Wind","floor":7},{"not_picked":["Sword Boomerang","Infernal Blade","Shrug It Off"],"picked":"SKIP","floor":8},{"not_picked":["Clothesline","Warcry"],"picked":"Juggernaut","floor":11},{"not_picked":["Burning Pact","Headbutt","Corruption"],"picked":"SKIP","floor":14},{"not_picked":["Offering","Demon Form"],"picked":"Barricade","floor":16},{"not_picked":["Disarm","Fire Breathing"],"picked":"Headbutt","floor":18},{"not_picked":["Flex","Clothesline"],"picked":"Disarm","floor":19}],"player_experience":2088203,"relics_obtained":[{"floor":7,"key":"Dodecahedron"},{"floor":9,"key":"Tiny Chest"},{"floor":11,"key":"Gambling Chip"}],"event_choices":[{"cards_removed":["Strike_R"],"damage_healed":0,"gold_gain":0,"player_choice":"Card Removal","damage_taken":0,"max_hp_gain":0,"max_hp_loss":0,"event_name":"The Cleric","floor":2,"gold_loss":75},{"damage_healed":0,"gold_gain":0,"player_choice":"Take Damage","damage_taken":26,"relics_obtained":["Golden Idol"],"max_hp_gain":0,"max_hp_loss":0,"event_name":"Golden Idol","floor":3,"gold_loss":0},{"damage_healed":0,"gold_gain":75,"player_choice":"Gather Gold","damage_taken":11,"max_hp_gain":0,"max_hp_loss":0,"event_name":"World of Goop","floor":4,"gold_loss":0},{"cards_removed":["Strike_R"],"damage_healed":0,"gold_gain":0,"player_choice":"Card Removal","damage_taken":7,"max_hp_gain":0,"max_hp_loss":0,"event_name":"Golden Wing","floor":12,"gold_loss":0},{"damage_healed":0,"gold_gain":0,"player_choice":"Fight","damage_taken":0,"max_hp_gain":0,"max_hp_loss":0,"event_name":"Colosseum","floor":20,"gold_loss":0}],"is_beta":false,"boss_relics":[{"not_picked":["Busted Crown","Runic Dome"],"picked":"Pandora\u0027s Box"}],"items_purged_floors":[],"is_endless":false,"potions_floor_spawned":[7,11,16,19],"killed_by":"Colosseum Slavers","ascension_level":20}