{"path_per_floor":["M","M","?","?","$","E","R","E","T","R","M","E","$","M","R","B",null,"M","?","?","M","$","E","R","M","T","M","E","?","R","M","R","B",null,"M","M","$","?","?","R","E","M","T","R","T","E","R","?","R","B"],"character_chosen":"THE_SILENT","items_purchased":["Infinite Blades","Infinite Blades","Block Potion","Anchor"],"gold_per_floor":[117,130,130,130,50,77,77,105,152,152,168,229,25,39,39,139,139,150,65,65,75,75,103,103,121,144,161,188,188,188,202,202,303,303,322,340,95,95,0,0,33,48,48,48,74,105,105,105,105,105],"floor_reached":51,"campfire_rested":2,"playtime":2991,"current_hp_per_floor":[63,63,63,56,56,56,56,45,45,45,45,33,33,33,33,33,61,61,61,61,53,53,45,45,45,45,45,7,7,43,16,52,16,57,45,35,35,53,53,53,51,48,48,48,48,48,48,48,48,30],"items_purged":["Strike_G","Writhe"],"gold":105,"score":1198,"play_id":"1bc0fa18-f755-4031-ad91-b3edc89ec0cf","local_time":"20180517220718","is_prod":false,"is_daily":false,"chose_seed":false,"is_ascension_mode":true,"campfire_upgraded":8,"timestamp":1526566038,"campfire_choices":[{"data":"Infinite Blades","floor":7,"key":"SMITH"},{"data":"Neutralize","floor":10,"key":"SMITH"},{"data":"Blade Dance","floor":15,"key":"SMITH"},{"data":"Adrenaline","floor":24,"key":"SMITH"},{"floor":30,"key":"REST"},{"floor":32,"key":"REST"},{"data":"Malaise","floor":40,"key":"SMITH"},{"data":"Finisher","floor":44,"key":"SMITH"},{"data":"Tactician","floor":47,"key":"SMITH"},{"data":"Calculated Gamble","floor":49,"key":"SMITH"}],"path_taken":["M","M","?","?","$","E","R","E","T","R","?","E","$","?","R","BOSS","M","?","?","?","?","E","R","M","T","M","E","?","R","M","R","BOSS","M","M","$","?","?","R","E","M","T","R","?","E","R","?","R","BOSS"],"build_version":"2018-05-16","seed_source_timestamp":536992550458726,"purchased_purges":2,"victory":true,"master_deck":["Defend_G","Defend_G","Defend_G","Strike_G","Strike_G","Strike_G","Survivor","Neutralize+1","Backflip","Infinite Blades+1","Escape Plan","Calculated Gamble+1","Tactician+1","Infinite Blades","Blade Dance+1","Adrenaline+1","Dagger Spray","Reflex","Prepared+1","Escape Plan","Malaise+1","Tools of the Trade","Leg Sweep+1","Finisher+1","Backstab+1"],"max_hp_per_floor":[70,70,70,70,70,70,70,70,70,70,70,70,70,70,70,70,70,70,70,70,70,70,70,70,70,70,70,70,70,70,70,70,70,70,70,70,70,70,70,70,70,70,70,70,70,70,70,70,70,70],"relics":["Ring of the Snake","NeowsBlessing","Orichalcum","Shuriken","Boot","Tiny Chest","Sozu","Vajra","Regal Pillow","Bronze Scales","Bottled Flame","Omamori","Lizard Tail","Anchor","Red Mask","Oddly Smooth Stone","Snake Skull","Bag of Preparation","Juzu Bracelet"],"card_choices":[{"not_picked":["Slice","Catalyst"],"picked":"Backflip","floor":1},{"not_picked":["Predator","Dash"],"picked":"Blur","floor":2},{"not_picked":["Choke","Deadly Poison","Catalyst"],"picked":"SKIP","floor":6},{"not_picked":["Flying Knee","Doppelganger"],"picked":"Escape Plan","floor":8},{"not_picked":["Dagger Throw","Sucker Punch","Calculated Gamble"],"picked":"SKIP","floor":11},{"not_picked":["Dagger Throw","Sucker Punch"],"picked":"Calculated Gamble","floor":11},{"not_picked":["Dodge and Roll","Leg Sweep"],"picked":"Tactician","floor":12},{"not_picked":["Catalyst","Dagger Throw"],"picked":"Blade Dance","floor":14},{"not_picked":["Phantasmal Killer","Storm of Steel"],"picked":"Adrenaline","floor":16},{"not_picked":["PiercingWail","Catalyst"],"picked":"Dagger Spray","floor":18},{"not_picked":["Dodge and Roll","Sucker Punch"],"picked":"Prepared+1","floor":21},{"not_picked":["Slice+1","Endless Agony","Eviscerate"],"picked":"SKIP","floor":23},{"not_picked":["Caltrops","Poisoned Stab"],"picked":"Escape Plan","floor":25},{"not_picked":["Prepared","Caltrops","Dodge and Roll"],"picked":"SKIP","floor":27},{"not_picked":["Backstab","Blur+1","Blade Dance"],"picked":"SKIP","floor":28},{"not_picked":["Underhanded Strike","Distraction"],"picked":"Malaise","floor":31},{"not_picked":["Corpse Explosion","Bullet Time"],"picked":"Tools of the Trade","floor":33},{"not_picked":["Dagger Throw","Reflex+1"],"picked":"Leg Sweep+1","floor":35},{"not_picked":["Escape Plan+1","Dagger Throw"],"picked":"Finisher","floor":36},{"not_picked":["Distraction+1","Reflex"],"picked":"Backstab+1","floor":41},{"not_picked":["Malaise+1","Bane","Endless Agony+1"],"picked":"SKIP","floor":42},{"not_picked":["Dodge and Roll","Flying Knee+1","Caltrops"],"picked":"SKIP","floor":46}],"player_experience":389258,"potions_floor_usage":[8,12,16,23],"damage_taken":[{"damage":0,"enemies":"Cultist","floor":1,"turns":1},{"damage":0,"enemies":"Small Slimes","floor":2,"turns":1},{"damage":0,"enemies":"Lagavulin","floor":6,"turns":1},{"damage":11,"enemies":"3 Sentries","floor":8,"turns":9},{"damage":0,"enemies":"Jaw Worm","floor":11,"turns":4},{"damage":12,"enemies":"Lagavulin","floor":12,"turns":5},{"damage":0,"enemies":"Red Slaver","floor":14,"turns":4},{"damage":0,"enemies":"Slime Boss","floor":16,"turns":6},{"damage":0,"enemies":"Shell Parasite","floor":18,"turns":4},{"damage":8,"enemies":"Chosen","floor":21,"turns":5},{"damage":8,"enemies":"Book of Stabbing","floor":23,"turns":4},{"damage":0,"enemies":"Sentry and Sphere","floor":25,"turns":3},{"damage":0,"enemies":"Snecko","floor":27,"turns":3},{"damage":38,"enemies":"Gremlin Leader","floor":28,"turns":7},{"damage":27,"enemies":"Cultist and Chosen","floor":31,"turns":7},{"damage":36,"enemies":"Collector","floor":33,"turns":9},{"damage":12,"enemies":"3 Shapes","floor":35,"turns":6},{"damage":10,"enemies":"Orb Walker","floor":36,"turns":3},{"damage":2,"enemies":"Nemesis","floor":41,"turns":7},{"damage":3,"enemies":"Flame Bruiser 2 Orb","floor":42,"turns":5},{"damage":0,"enemies":"Giant Head","floor":46,"turns":3},{"damage":60,"enemies":"Time Eater","floor":50,"turns":11}],"relics_obtained":[{"floor":6,"key":"Orichalcum"},{"floor":8,"key":"Shuriken"},{"floor":9,"key":"Boot"},{"floor":12,"key":"Tiny Chest"},{"floor":23,"key":"Regal Pillow"},{"floor":26,"key":"Bronze Scales"},{"floor":28,"key":"Bottled Flame"},{"floor":41,"key":"Oddly Smooth Stone"},{"floor":43,"key":"Snake Skull"},{"floor":45,"key":"Bag of Preparation"},{"floor":46,"key":"Juzu Bracelet"}],"event_choices":[{"event_name":"Living Wall","player_choice":"Forget","floor":3,"damage_taken":0},{"event_name":"Golden Wing","player_choice":"Card Removal","floor":4,"damage_taken":0},{"event_name":"Addict","player_choice":"Obtained Relic","floor":19,"damage_taken":0},{"event_name":"Transmorgrifier","player_choice":"Transform","floor":20,"damage_taken":0},{"event_name":"The Mausoleum","player_choice":"Yes","floor":29,"damage_taken":0},{"event_name":"Winding Halls","player_choice":"Writhe","floor":38,"damage_taken":0},{"event_name":"Tomb of Lord Red Mask","player_choice":"Paid","floor":39,"damage_taken":0}],"boss_relics":[{"not_picked":["Cursed Key","Calling Bell"],"picked":"Sozu"},{"not_picked":["Pandora\u0027s Box","Runic Dome"],"picked":"Lizard Tail"}],"potions_floor_spawned":[2,6,16,21,25,27,36,41,46],"seed_played":"-189508600097223474","ascension_level":9,"potions_obtained":[{"floor":2,"key":"FearPotion"},{"floor":6,"key":"AttackPotion"},{"floor":16,"key":"Fire Potion"}],"is_trial":false}