{"gold_per_floor":[17,17,36,49,117,117,128,160,160,210,210,260,45,60,60,60],"floor_reached":16,"playtime":473,"items_purged":[],"score":200,"play_id":"3786d0f1-14ff-43f9-82b5-f5aafe47071b","local_time":"20190310124735","is_ascension_mode":true,"campfire_choices":[{"data":"Demon Form","floor":6,"key":"SMITH"},{"data":"Whirlwind","floor":11,"key":"SMITH"},{"data":"Feel No Pain","floor":15,"key":"SMITH"}],"neow_cost":"NO_GOLD","seed_source_timestamp":95532497591000,"circlet_count":0,"master_deck":["AscendersBane","Strike_R","Strike_R","Strike_R","Strike_R","Defend_R","Defend_R","Defend_R","Defend_R","Bash","Demon Form+1","Feel No Pain+1","Flame Barrier","Evolve","Whirlwind+1"],"relics":["Burning Blood","SsserpentHead","Dodecahedron","Meat on the Bone","Regal Pillow","Mummified Hand"],"potions_floor_usage":[7,16],"damage_taken":[{"damage":14,"enemies":"Small Slimes","floor":1,"turns":5},{"damage":2,"enemies":"Cultist","floor":3,"turns":4},{"damage":2,"enemies":"2 Louse","floor":5,"turns":4},{"damage":16,"enemies":"Exordium Wildlife","floor":7,"turns":6},{"damage":25,"enemies":"Lagavulin","floor":8,"turns":8},{"damage":11,"enemies":"3 Louse","floor":14,"turns":3},{"damage":20,"enemies":"Hexaghost","floor":16,"turns":9}],"seed_played":"-7808171992103083801","potions_obtained":[{"floor":1,"key":"SteroidPotion"},{"floor":7,"key":"SpeedPotion"}],"is_trial":false,"path_per_floor":["M","?","M","$","M","R","M","E","T","?","R","?","$","M","R","B"],"character_chosen":"IRONCLAD","items_purchased":["Flame Barrier","Mummified Hand"],"campfire_rested":0,"item_purchase_floors":[4,13],"current_hp_per_floor":[60,60,64,64,68,68,58,39,39,32,32,14,14,21,21,1],"gold":60,"neow_bonus":"THREE_RARE_CARDS","is_prod":false,"is_daily":false,"chose_seed":false,"campfire_upgraded":3,"win_rate":0,"timestamp":1552189655,"path_taken":["M","?","M","?","?","R","M","E","T","?","R","?","?","M","R","BOSS"],"build_version":"2019-01-23","purchased_purges":0,"victory":false,"max_hp_per_floor":[75,75,75,75,75,75,75,75,75,75,75,75,75,75,75,75],"card_choices":[{"not_picked":["Berserk","Brutality"],"picked":"Demon Form","floor":0},{"not_picked":["Burning Pact","Havoc"],"picked":"Feel No Pain","floor":1},{"not_picked":["Rupture","Pummel","Pommel Strike"],"picked":"SKIP","floor":3},{"not_picked":["Havoc","Flex"],"picked":"Evolve","floor":5},{"not_picked":["Fire Breathing","Evolve","Wild Strike"],"picked":"SKIP","floor":7},{"not_picked":["Dual Wield","Warcry"],"picked":"Whirlwind","floor":8},{"not_picked":["Cleave","Heavy Blade","True Grit"],"picked":"SKIP","floor":14}],"player_experience":2139489,"relics_obtained":[{"floor":8,"key":"Dodecahedron"},{"floor":9,"key":"Meat on the Bone"}],"event_choices":[{"damage_healed":0,"gold_gain":0,"player_choice":"Trade","damage_taken":0,"relics_obtained":["SsserpentHead"],"max_hp_gain":0,"max_hp_loss":0,"event_name":"FaceTrader","floor":2,"gold_loss":0},{"cards_removed":["Strike_R"],"damage_healed":0,"gold_gain":0,"player_choice":"Card Removal","damage_taken":7,"max_hp_gain":0,"max_hp_loss":0,"event_name":"Golden Wing","floor":10,"gold_loss":0},{"damage_healed":0,"gold_gain":0,"player_choice":"Success","damage_taken":18,"relics_obtained":["Regal Pillow"],"max_hp_gain":0,"max_hp_loss":0,"event_name":"Scrap Ooze","floor":12,"gold_loss":0}],"is_beta":false,"boss_relics":[],"items_purged_floors":[],"is_endless":false,"potions_floor_spawned":[1,7],"killed_by":"Hexaghost","ascension_level":20}