{"gold_per_floor":[111,111,126,141,155,155,183,183,209,209,273,290,318,330,342,450,462,492,483,495,507,536,548,560],"floor_reached":24,"playtime":657,"items_purged":[],"score":582,"play_id":"787291b0-5e99-4b6c-91e4-072432b791eb","local_time":"20190420123714","is_ascension_mode":true,"campfire_choices":[{"data":"True Grit","floor":6,"key":"SMITH"},{"data":"Heavy Blade","floor":8,"key":"SMITH"},{"data":"Limit Break","floor":10,"key":"SMITH"},{"data":"Demon Form","floor":15,"key":"SMITH"},{"data":"Disarm","floor":23,"key":"SMITH"}],"neow_cost":"NONE","seed_source_timestamp":376598220525900,"circlet_count":0,"master_deck":["AscendersBane","Strike_R","Strike_R","Defend_R","Defend_R","Defend_R","Defend_R","Bash+1","Spot Weakness","True Grit+1","Heavy Blade+1","Limit Break+1","Sword Boomerang","Feel No Pain","Demon Form+1","Fiend Fire","Intimidate+1","Dual Wield+1","Spot Weakness+1","Flame Barrier","Disarm+1"],"relics":["Burning Blood","NeowsBlessing","Red Skull","Ancient Tea Set","Tiny Chest","MawBank","Bloody Idol","Astrolabe","Singing Bowl"],"potions_floor_usage":[7,7,13,19,19],"damage_taken":[{"damage":0,"enemies":"2 Louse","floor":1,"turns":1},{"damage":0,"enemies":"Cultist","floor":3,"turns":1},{"damage":0,"enemies":"Small Slimes","floor":4,"turns":1},{"damage":14,"enemies":"Blue Slaver","floor":5,"turns":3},{"damage":0,"enemies":"Gremlin Nob","floor":7,"turns":2},{"damage":17,"enemies":"3 Sentries","floor":11,"turns":7},{"damage":11,"enemies":"Exordium Wildlife","floor":12,"turns":4},{"damage":34,"enemies":"Gremlin Nob","floor":13,"turns":4},{"damage":0,"enemies":"Slime Boss","floor":16,"turns":5},{"damage":18,"enemies":"Shell Parasite","floor":18,"turns":4},{"damage":13,"enemies":"2 Thieves","floor":19,"turns":4},{"damage":45,"enemies":"Snake Plant","floor":22,"turns":5},{"damage":21,"enemies":"Book of Stabbing","floor":24,"turns":3}],"seed_played":"-6929427441544937753","potions_obtained":[{"floor":1,"key":"Energy Potion"},{"floor":3,"key":"Fire Potion"},{"floor":11,"key":"Weak Potion"},{"floor":13,"key":"PowerPotion"},{"floor":18,"key":"Energy Potion"}],"is_trial":false,"path_per_floor":["M","?","M","M","M","R","E","R","T","R","E","M","E","?","R","B",null,"M","M","?","T","M","R","E"],"character_chosen":"IRONCLAD","items_purchased":[],"campfire_rested":0,"item_purchase_floors":[],"current_hp_per_floor":[74,74,75,75,67,67,73,73,73,73,62,57,29,29,29,35,60,48,41,41,46,17,22,6],"gold":560,"neow_bonus":"THREE_ENEMY_KILL","is_prod":false,"is_daily":false,"chose_seed":false,"campfire_upgraded":5,"win_rate":0,"timestamp":1555731434,"path_taken":["M","?","M","M","?","R","E","R","T","R","E","M","E","?","R","BOSS","M","M","?","?","M","R","E"],"build_version":"2019-01-23","purchased_purges":0,"victory":false,"max_hp_per_floor":[75,75,75,75,75,75,75,75,75,75,75,75,75,68,68,68,68,68,68,68,68,68,68,68],"card_choices":[{"not_picked":["Fire Breathing","Infernal Blade"],"picked":"Spot Weakness","floor":1},{"not_picked":["Clothesline","Sword Boomerang"],"picked":"True Grit","floor":3},{"not_picked":["Body Slam","Wild Strike"],"picked":"Heavy Blade","floor":4},{"not_picked":["Twin Strike","Evolve"],"picked":"Limit Break","floor":5},{"not_picked":["Pommel Strike","Sever Soul"],"picked":"Sword Boomerang","floor":7},{"not_picked":["Ghostly Armor","Dual Wield"],"picked":"Feel No Pain","floor":11},{"not_picked":["Reckless Charge","Fire Breathing","Heavy Blade"],"picked":"SKIP","floor":12},{"not_picked":["Spot Weakness","Dropkick"],"picked":"Demon Form","floor":13},{"not_picked":["Barricade","Double Tap"],"picked":"Fiend Fire","floor":16},{"not_picked":["Havoc","Warcry"],"picked":"Flame Barrier","floor":18},{"not_picked":["Sword Boomerang","Infernal Blade","Body Slam"],"picked":"SKIP","floor":19},{"not_picked":["Warcry","Demon Form"],"picked":"Disarm","floor":22}],"player_experience":3242505,"relics_obtained":[{"floor":7,"key":"Red Skull"},{"floor":9,"key":"Ancient Tea Set"},{"floor":11,"key":"Tiny Chest"},{"floor":13,"key":"MawBank"},{"floor":21,"key":"Singing Bowl"}],"event_choices":[{"damage_healed":0,"gold_gain":0,"player_choice":"Upgraded","damage_taken":0,"max_hp_gain":0,"max_hp_loss":0,"event_name":"Upgrade Shrine","floor":2,"gold_loss":0,"cards_upgraded":["Bash"]},{"damage_healed":0,"gold_gain":0,"player_choice":"Lose Max HP","damage_taken":0,"relics_obtained":["Golden Idol"],"max_hp_gain":0,"max_hp_loss":7,"event_name":"Golden Idol","floor":14,"gold_loss":0},{"damage_healed":0,"gold_gain":0,"player_choice":"Gave Idol","damage_taken":0,"relics_obtained":["Bloody Idol"],"max_hp_gain":0,"max_hp_loss":0,"event_name":"Forgotten Altar","floor":20,"relics_lost":["Golden Idol"],"gold_loss":0}],"is_beta":false,"boss_relics":[{"not_picked":["Runic Cube","Philosopher\u0027s Stone"],"picked":"Astrolabe"}],"items_purged_floors":[],"is_endless":false,"potions_floor_spawned":[1,3,11,13,18],"killed_by":"Book of Stabbing","ascension_level":20}