{"gold_per_floor":[118,118,118,193,30,64,64,96,119,150,162,174,186,198,210,299,311,334,346],"floor_reached":19,"playtime":501,"items_purged":[],"score":458,"play_id":"09cd5d30-da3a-4a76-87d6-5415a596ec83","local_time":"20190330135618","is_ascension_mode":true,"campfire_choices":[{"data":"Bash","floor":7,"key":"SMITH"},{"data":"Shrug It Off","floor":11,"key":"SMITH"},{"floor":15,"key":"REST"}],"neow_cost":"NONE","seed_source_timestamp":96548307837400,"circlet_count":0,"master_deck":["AscendersBane","Strike_R","Strike_R+1","Strike_R","Strike_R","Strike_R+1","Defend_R","Defend_R","Defend_R","Defend_R","Bash+1","Shrug It Off+1","Feed","Normality","Regret","Injury","Sever Soul+1"],"relics":["Burning Blood","NeowsBlessing","Lantern","Bronze Scales","Whetstone","MawBank","Champion Belt","Dodecahedron","Calling Bell","Boot","Molten Egg 2","Mango"],"potions_floor_usage":[16],"damage_taken":[{"damage":0,"enemies":"Jaw Worm","floor":1,"turns":1},{"damage":0,"enemies":"Lagavulin","floor":6,"turns":1},{"damage":0,"enemies":"3 Sentries","floor":8,"turns":2},{"damage":47,"enemies":"Lagavulin","floor":10,"turns":7},{"damage":26,"enemies":"The Guardian","floor":16,"turns":13},{"damage":60,"enemies":"Shell Parasite","floor":18,"turns":7},{"damage":30,"enemies":"Chosen","floor":19,"turns":4}],"seed_played":"4258874254384367676","potions_obtained":[{"floor":6,"key":"GamblersBrew"},{"floor":8,"key":"Swift Potion"},{"floor":10,"key":"Poison Potion"}],"is_trial":false,"path_per_floor":["M","$","?","?","$","E","R","E","T","E","R","?","?","?","R","B",null,"M","M"],"character_chosen":"IRONCLAD","items_purchased":["Lantern"],"campfire_rested":1,"item_purchase_floors":[5],"current_hp_per_floor":[74,74,74,63,63,69,69,75,75,34,34,29,34,34,58,38,84,30,0],"gold":346,"neow_bonus":"THREE_ENEMY_KILL","is_prod":false,"is_daily":false,"chose_seed":false,"campfire_upgraded":2,"win_rate":0,"timestamp":1553921778,"path_taken":["M","$","?","?","$","E","R","E","T","E","R","?","?","?","R","BOSS","M","M"],"build_version":"2019-01-23","purchased_purges":0,"victory":false,"max_hp_per_floor":[75,75,75,75,75,75,75,75,75,75,75,75,80,80,80,80,94,94,94],"card_choices":[{"not_picked":["Armaments","Twin Strike","Sentinel"],"picked":"SKIP","floor":1},{"not_picked":["Wild Strike","Perfected Strike","Seeing Red"],"picked":"SKIP","floor":6},{"not_picked":["Havoc","Wild Strike"],"picked":"Shrug It Off","floor":8},{"not_picked":["Burning Pact","Corruption","Flex"],"picked":"SKIP","floor":10},{"not_picked":["Burning Pact","Corruption","Flex"],"picked":"SKIP","floor":10},{"not_picked":["Dark Embrace","Berserk"],"picked":"Feed","floor":16},{"not_picked":["Metallicize","Perfected Strike+1"],"picked":"Sever Soul+1","floor":18}],"player_experience":2743535,"relics_obtained":[{"floor":6,"key":"Bronze Scales"},{"floor":8,"key":"Whetstone"},{"floor":10,"key":"MawBank"},{"floor":17,"key":"Boot"},{"floor":17,"key":"Molten Egg 2"},{"floor":17,"key":"Mango"}],"event_choices":[{"damage_healed":0,"gold_gain":0,"player_choice":"Leave","damage_taken":0,"max_hp_gain":0,"max_hp_loss":0,"event_name":"The Cleric","floor":3,"gold_loss":0},{"damage_healed":0,"gold_gain":75,"player_choice":"Gather Gold","damage_taken":11,"max_hp_gain":0,"max_hp_loss":0,"event_name":"World of Goop","floor":4,"gold_loss":0},{"damage_healed":0,"gold_gain":0,"player_choice":"Success","damage_taken":5,"relics_obtained":["Champion Belt"],"max_hp_gain":0,"max_hp_loss":0,"event_name":"Scrap Ooze","floor":12,"gold_loss":0},{"damage_healed":0,"gold_gain":0,"player_choice":"Donut","damage_taken":0,"max_hp_gain":5,"max_hp_loss":0,"event_name":"Big Fish","floor":13,"gold_loss":0},{"damage_healed":0,"gold_gain":0,"player_choice":"Gave Potion","damage_taken":0,"relics_obtained":["Dodecahedron"],"max_hp_gain":0,"max_hp_loss":0,"event_name":"WeMeetAgain","floor":14,"gold_loss":0}],"is_beta":false,"boss_relics":[{"not_picked":["Black Star","Eternal Feather"],"picked":"Calling Bell"}],"items_purged_floors":[],"is_endless":false,"potions_floor_spawned":[6,8,10],"killed_by":"Chosen","ascension_level":20}