{"gold_per_floor":[118,118,118,118,89,89,14,41,41,69,69,80,80,113,113,187,187,206,163,163,175,175,175,125,125,125,135,152,67,96,112,112,190,190,201,221,221,236,236,236,336,356,356,356,369,89,103,129,129,129,129,129,129,18,18],"floor_reached":55,"playtime":3021,"items_purged":["Strike_R"],"score":2062,"play_id":"3857cf70-dac7-4471-952d-fee1f9141a3e","local_time":"20190330125943","is_ascension_mode":true,"campfire_choices":[{"data":"Armaments","floor":6.0,"key":"SMITH"},{"data":"Bash","floor":13.0,"key":"SMITH"},{"data":"Disarm","floor":15.0,"key":"SMITH"},{"data":"Disarm","floor":23.0,"key":"SMITH"},{"floor":25.0,"key":"REST"},{"floor":32.0,"key":"REST"},{"floor":40.0,"key":"RECALL"},{"data":"Combust","floor":49.0,"key":"PURGE"},{"data":"True Grit","floor":53.0,"key":"SMITH"}],"neow_cost":"NONE","seed_source_timestamp":0,"circlet_count":0,"master_deck":["AscendersBane","Strike_R+1","Defend_R+1","Defend_R+1","Defend_R+1","Defend_R+1","Bash+1","Armaments+1","Power Through","Entrench+1","Disarm+1","Juggernaut","Evolve","Second Wind+1","Disarm+1","Ghostly Armor","Sentinel+1","Feed+1","Body Slam+1","Entrench","Thinking Ahead","Parasite","True Grit+1","Burning Pact"],"special_seed":0,"relics":["Burning Blood","NeowsBlessing","Blue Candle","Mummified Hand","Letter Opener","Molten Egg 2","Charon\u0027s Ashes","Runic Dome","Orichalcum","Darkstone Periapt","Lizard Tail","Peace Pipe","Blood Vial","TheAbacus","Meat on the Bone"],"potions_floor_usage":[55,55],"damage_taken":[{"damage":0.0,"enemies":"Small Slimes","floor":1.0,"turns":1.0},{"damage":0.0,"enemies":"3 Sentries","floor":8.0,"turns":2.0},{"damage":0.0,"enemies":"Gremlin Nob","floor":10.0,"turns":1.0},{"damage":24.0,"enemies":"Jaw Worm","floor":12.0,"turns":6.0},{"damage":22.0,"enemies":"3 Sentries","floor":14.0,"turns":10.0},{"damage":25.0,"enemies":"The Guardian","floor":16.0,"turns":17.0},{"damage":34.0,"enemies":"Chosen","floor":18.0,"turns":5.0},{"damage":3.0,"enemies":"Shell Parasite","floor":21.0,"turns":6.0},{"damage":11.0,"enemies":"Snecko","floor":27.0,"turns":5.0},{"damage":0.0,"enemies":"Snake Plant","floor":28.0,"turns":6.0},{"damage":8.0,"enemies":"Gremlin Leader","floor":30.0,"turns":8.0},{"damage":27.0,"enemies":"Centurion and Healer","floor":31.0,"turns":10.0},{"damage":12.0,"enemies":"Champ","floor":33.0,"turns":13.0},{"damage":0.0,"enemies":"3 Shapes","floor":35.0,"turns":8.0},{"damage":37.0,"enemies":"3 Darklings","floor":36.0,"turns":8.0},{"damage":13.0,"enemies":"Maw","floor":38.0,"turns":10.0},{"damage":2.0,"enemies":"Mind Bloom Boss Battle","floor":41.0,"turns":9.0},{"damage":7.0,"enemies":"Writhing Mass","floor":42.0,"turns":10.0},{"damage":32.0,"enemies":"Spire Growth","floor":45.0,"turns":7.0},{"damage":20.0,"enemies":"Sphere and 2 Shapes","floor":47.0,"turns":5.0},{"damage":1.0,"enemies":"Nemesis","floor":48.0,"turns":11.0},{"damage":17.0,"enemies":"Awakened One","floor":50.0,"turns":13.0},{"damage":40.0,"enemies":"Time Eater","floor":51.0,"turns":13.0},{"damage":100,"enemies":"Shield and Spear","floor":55,"turns":5}],"seed_played":"6687487636306304491","potions_obtained":[{"floor":1.0,"key":"Explosive Potion"},{"floor":8.0,"key":"Swift Potion"},{"floor":10.0,"key":"SteroidPotion"},{"floor":16.0,"key":"SpeedPotion"},{"floor":21.0,"key":"SneckoOil"},{"floor":30.0,"key":"PowerPotion"},{"floor":33.0,"key":"GamblersBrew"},{"floor":35.0,"key":"Dexterity Potion"},{"floor":42.0,"key":"GamblersBrew"}],"is_trial":false,"path_per_floor":["M","?","$","?","$","R","$","E","T","E","?","M","R","E","R","B",null,"M","$","?","M","?","R","?","R","T","M","M","?","E","M","R","B",null,"M","M","?","M","?","R","?","M","T","?","M","$","M","E","R","B","B",null,"R","$","E"],"character_chosen":"IRONCLAD","items_purchased":["Armaments","Evolve","TheAbacus","PowerPotion","SkillPotion","SkillPotion"],"campfire_rested":2,"item_purchase_floors":[5,19,46,46,54,54],"current_hp_per_floor":[74,74,74,74,74,74,74,75,75,75,75,57,57,41,41,22,62,34,34,34,37,37,37,37,59,59,54,60,60,58,37,59,53,70,75,48,48,45,35,35,39,44,44,44,20,20,12,23,23,30,68,93,93,93,0],"gold":18,"neow_bonus":"THREE_ENEMY_KILL","is_prod":false,"is_daily":false,"chose_seed":true,"campfire_upgraded":5,"win_rate":0,"timestamp":1553918383,"path_taken":["M","?","$","?","?","R","$","E","T","E","?","M","R","E","R","BOSS","M","$","?","M","?","R","?","R","T","M","?","?","E","M","R","BOSS","M","M","?","M","?","R","?","M","T","?","M","?","?","E","R","BOSS","BOSS","R","$","E"],"build_version":"2019-01-23","purchased_purges":1,"victory":false,"max_hp_per_floor":[75,75,75,75,75,75,75,75,75,75,75,75,75,75,75,75,75,75,75,75,75,75,75,75,75,75,75,75,75,75,75,75,75,75,75,79,79,83,83,83,83,89,89,89,89,89,93,97,97,101,101,101,101,101,101],"card_choices":[{"not_picked":["Dual Wield","Cleave","Bloodletting"],"picked":"SKIP","floor":1.0},{"not_picked":["Intimidate","Burning Pact"],"picked":"Power Through","floor":8.0},{"not_picked":["Flex","Heavy Blade"],"picked":"Entrench","floor":10.0},{"not_picked":["Clothesline+1","Reckless Charge+1","Perfected Strike+1"],"picked":"SKIP","floor":12.0},{"not_picked":["Anger+1","Cleave+1"],"picked":"Disarm","floor":14.0},{"not_picked":["Reaper+1","Impervious"],"picked":"Juggernaut","floor":16.0},{"not_picked":["Hemokinesis+1","Havoc","Clash+1"],"picked":"SKIP","floor":18.0},{"not_picked":["Perfected Strike+1","True Grit"],"picked":"Second Wind","floor":21.0},{"not_picked":["Corruption","Hemokinesis+1","Clothesline+1"],"picked":"SKIP","floor":27.0},{"not_picked":["Flame Barrier","Iron Wave+1"],"picked":"Ghostly Armor","floor":28.0},{"not_picked":["Iron Wave+1","Rage+1"],"picked":"Sentinel+1","floor":30.0},{"not_picked":["Inflame","Clash+1","Sword Boomerang+1"],"picked":"SKIP","floor":31.0},{"not_picked":["Impervious","Berserk"],"picked":"Feed+1","floor":33.0},{"not_picked":["Anger+1","Twin Strike+1","Dropkick+1"],"picked":"SKIP","floor":35.0},{"not_picked":["Disarm+1","Hemokinesis+1"],"picked":"Body Slam+1","floor":36.0},{"not_picked":["Heavy Blade+1","Burning Pact+1"],"picked":"Entrench","floor":38.0},{"not_picked":["Panache","Forethought"],"picked":"Thinking Ahead","floor":39.0},{"not_picked":["Burning Pact","Dropkick+1","Thunderclap+1"],"picked":"SKIP","floor":42.0},{"not_picked":["Armaments","Cleave+1"],"picked":"True Grit","floor":45.0},{"not_picked":["Twin Strike+1","Sever Soul+1"],"picked":"Burning Pact","floor":47.0},{"not_picked":["Iron Wave+1","Anger+1","Dropkick+1"],"picked":"SKIP","floor":48.0}],"player_experience":2738143,"relics_obtained":[{"floor":8.0,"key":"Mummified Hand"},{"floor":9.0,"key":"Letter Opener"},{"floor":10.0,"key":"Molten Egg 2"},{"floor":14.0,"key":"Charon\u0027s Ashes"},{"floor":30.0,"key":"Darkstone Periapt"},{"floor":41.0,"key":"Peace Pipe"},{"floor":43.0,"key":"Blood Vial"},{"floor":48.0,"key":"Meat on the Bone"}],"event_choices":[{"damage_healed":0.0,"max_hp_gain":0.0,"max_hp_loss":0.0,"gold_gain":0.0,"event_name":"Big Fish","player_choice":"Box","floor":2.0,"gold_loss":0.0,"damage_taken":0.0,"relics_obtained":["Blue Candle"],"cards_obtained":["Regret"]},{"cards_removed":["Regret"],"damage_healed":0.0,"max_hp_gain":0.0,"max_hp_loss":0.0,"gold_gain":0.0,"event_name":"Living Wall","player_choice":"Forget","floor":4.0,"gold_loss":0.0,"damage_taken":0.0},{"damage_healed":0.0,"max_hp_gain":0.0,"max_hp_loss":0.0,"gold_gain":0.0,"event_name":"Wheel of Change","player_choice":"Full Heal","floor":11.0,"gold_loss":0.0,"damage_taken":0.0},{"damage_healed":0.0,"max_hp_gain":0.0,"max_hp_loss":0.0,"gold_gain":0.0,"event_name":"Back to Basics","player_choice":"Simplicity","floor":20.0,"gold_loss":0.0,"damage_taken":0.0,"cards_upgraded":["Strike_R","Strike_R","Strike_R","Strike_R","Defend_R","Defend_R","Defend_R","Defend_R"]},{"damage_healed":0.0,"max_hp_gain":0.0,"max_hp_loss":0.0,"gold_gain":0.0,"cards_transformed":["Strike_R","Strike_R"],"event_name":"Drug Dealer","player_choice":"Became Test Subject","floor":22.0,"gold_loss":0.0,"damage_taken":0.0,"cards_obtained":["Disarm","Combust"]},{"damage_healed":0.0,"max_hp_gain":0.0,"max_hp_loss":0.0,"gold_gain":0.0,"event_name":"Designer","player_choice":"Upgraded Two","floor":24.0,"gold_loss":50.0,"damage_taken":0.0,"cards_upgraded":["Entrench","Second Wind"]},{"damage_healed":0.0,"max_hp_gain":0.0,"max_hp_loss":0.0,"gold_gain":0.0,"event_name":"Addict","player_choice":"Obtained Relic","floor":29.0,"gold_loss":85.0,"damage_taken":0.0,"relics_obtained":["Orichalcum"]},{"cards_removed":["Strike_R"],"damage_healed":0.0,"max_hp_gain":0.0,"max_hp_loss":0.0,"gold_gain":0.0,"event_name":"Falling","player_choice":"Removed Attack","floor":37.0,"gold_loss":0.0,"damage_taken":0.0},{"damage_healed":0.0,"max_hp_gain":0.0,"max_hp_loss":0.0,"gold_gain":0.0,"event_name":"SensoryStone","player_choice":"Memory 3","floor":39.0,"gold_loss":0.0,"damage_taken":10.0},{"damage_healed":0.0,"max_hp_gain":0.0,"max_hp_loss":0.0,"gold_gain":0.0,"event_name":"MindBloom","player_choice":"Fight","floor":41.0,"gold_loss":0.0,"damage_taken":0.0},{"damage_healed":0.0,"max_hp_gain":0.0,"max_hp_loss":0.0,"gold_gain":0.0,"event_name":"Mysterious Sphere","player_choice":"Ignored","floor":44.0,"gold_loss":0.0,"damage_taken":0.0}],"is_beta":false,"boss_relics":[{"not_picked":["Coffee Dripper","Velvet Choker"],"picked":"Runic Dome"},{"not_picked":["Pandora\u0027s Box","Cursed Key"],"picked":"Lizard Tail"}],"items_purged_floors":[7],"is_endless":false,"potions_floor_spawned":[1,8,10,16,21,30,33,35,38,41,42,45],"killed_by":"Shield and Spear","ascension_level":20}