{"gold_per_floor":[119,135,210,220,33,33,60,79,79,79,79,113,125,139,139,213,213,233,249,249,17,34,34,34,48,48,64,75,75,75,105,105,182,182,201,201,201,212,224,224],"floor_reached":40,"playtime":1672,"items_purged":["Strike_R"],"score":890,"play_id":"e62e722c-a280-4e2e-a646-9a068cccbbb6","local_time":"20190409222959","is_ascension_mode":true,"campfire_choices":[{"data":"Immolate","floor":6.0,"key":"SMITH"},{"data":"Apotheosis","floor":10.0,"key":"SMITH"},{"floor":15.0,"key":"DIG"},{"floor":23.0,"key":"DIG"},{"floor":30.0,"key":"DIG"},{"floor":32.0,"key":"REST"}],"neow_cost":"NONE","seed_source_timestamp":245277085386700,"circlet_count":0,"master_deck":["AscendersBane","Defend_R","Defend_R","Defend_R","Defend_R","Feed","Ghostly Armor","Immolate+1","Apotheosis+1","Entrench","Second Wind","Offering","Burning Pact","Fiend Fire","Battle Trance+1","Body Slam","True Grit+1","Rampage","Feel No Pain+1","Wild Strike+1","Ghostly Armor+1","Armaments+1","Dual Wield+1","Deep Breath"],"special_seed":0,"relics":["Burning Blood","PreservedInsect","Sundial","Meat on the Bone","Shovel","Orichalcum","Empty Cage","Lantern","Pantograph","Mercury Hourglass","Strawberry","Astrolabe"],"potions_floor_usage":[40],"damage_taken":[{"damage":6.0,"enemies":"Jaw Worm","floor":1.0,"turns":6.0},{"damage":12.0,"enemies":"Cultist","floor":2.0,"turns":4.0},{"damage":1.0,"enemies":"Small Slimes","floor":4.0,"turns":4.0},{"damage":32.0,"enemies":"Gremlin Nob","floor":7.0,"turns":4.0},{"damage":3.0,"enemies":"Exordium Thugs","floor":8.0,"turns":5.0},{"damage":16.0,"enemies":"Lagavulin","floor":12.0,"turns":5.0},{"damage":24.0,"enemies":"Large Slime","floor":13.0,"turns":4.0},{"damage":10.0,"enemies":"3 Louse","floor":14.0,"turns":4.0},{"damage":42.0,"enemies":"The Guardian","floor":16.0,"turns":18.0},{"damage":12.0,"enemies":"2 Thieves","floor":18.0,"turns":4.0},{"damage":10.0,"enemies":"Spheric Guardian","floor":19.0,"turns":4.0},{"damage":24.0,"enemies":"Snake Plant","floor":22.0,"turns":4.0},{"damage":13.0,"enemies":"Cultist and Chosen","floor":25.0,"turns":6.0},{"damage":6.0,"enemies":"Centurion and Healer","floor":27.0,"turns":3.0},{"damage":33.0,"enemies":"Snecko","floor":28.0,"turns":5.0},{"damage":18.0,"enemies":"Slavers","floor":31.0,"turns":3.0},{"damage":69.0,"enemies":"Collector","floor":33.0,"turns":8.0},{"damage":23.0,"enemies":"3 Darklings","floor":35.0,"turns":3.0},{"damage":10.0,"enemies":"Orb Walker","floor":38.0,"turns":4.0},{"damage":60.0,"enemies":"Jaw Worm Horde","floor":39.0,"turns":5.0},{"damage":71,"enemies":"Reptomancer","floor":40,"turns":2}],"seed_played":"-7834063431211499638","potions_obtained":[{"floor":2.0,"key":"PowerPotion"},{"floor":14.0,"key":"AttackPotion"},{"floor":18.0,"key":"AttackPotion"},{"floor":28.0,"key":"PowerPotion"},{"floor":31.0,"key":"SkillPotion"},{"floor":35.0,"key":"PowerPotion"}],"is_trial":false,"path_per_floor":["M","M","?","M","$","R","E","M","T","R","T","E","M","M","R","B",null,"M","M","?","$","M","R","$","M","T","M","M","$","R","E","R","B",null,"M","?","?","M","M","E"],"character_chosen":"IRONCLAD","items_purchased":["Apotheosis","Lantern"],"campfire_rested":1,"item_purchase_floors":[5,21],"current_hp_per_floor":[71,65,65,73,73,73,50,57,57,57,57,63,61,61,61,41,88,86,82,82,82,68,68,68,65,65,68,57,57,57,67,106,80,120,107,107,97,97,59,0],"gold":224,"neow_bonus":"ONE_RANDOM_RARE_CARD","is_prod":false,"is_daily":false,"chose_seed":false,"campfire_upgraded":2,"win_rate":0,"timestamp":1554816599,"path_taken":["M","M","?","M","$","R","E","M","T","R","?","E","M","M","R","BOSS","M","M","?","?","M","R","?","?","T","M","M","$","R","E","R","BOSS","M","?","?","M","M","E"],"build_version":"2019-01-23","purchased_purges":1,"victory":false,"max_hp_per_floor":[78,78,78,81,81,81,84,88,88,88,88,92,96,100,100,104,104,108,108,108,108,112,112,112,116,116,119,123,123,123,133,133,133,133,137,137,137,141,145,145],"card_choices":[{"not_picked":["Sword Boomerang","Combust","Iron Wave"],"picked":"SKIP","floor":1.0},{"not_picked":["Headbutt","Clash","Ghostly Armor"],"picked":"SKIP","floor":2.0},{"not_picked":["Headbutt","Clash"],"picked":"Ghostly Armor","floor":2.0},{"not_picked":["Twin Strike","True Grit"],"picked":"Immolate","floor":4.0},{"not_picked":["Infernal Blade","Intimidate"],"picked":"Entrench","floor":7.0},{"not_picked":["Shrug It Off","Iron Wave"],"picked":"Second Wind","floor":8.0},{"not_picked":["Warcry","Feel No Pain"],"picked":"Offering","floor":12.0},{"not_picked":["Armaments","Flex"],"picked":"Burning Pact","floor":13.0},{"not_picked":["Sentinel","Clothesline","Wild Strike"],"picked":"SKIP","floor":14.0},{"not_picked":["Demon Form","Reaper"],"picked":"Fiend Fire","floor":16.0},{"not_picked":["Heavy Blade","Wild Strike"],"picked":"Battle Trance+1","floor":18.0},{"not_picked":["Headbutt","Sever Soul"],"picked":"Body Slam","floor":19.0},{"not_picked":["Clothesline","Rupture+1"],"picked":"True Grit+1","floor":22.0},{"not_picked":["Clothesline","Havoc","Sever Soul+1"],"picked":"SKIP","floor":25.0},{"not_picked":["Flex","Sentinel"],"picked":"Rampage","floor":27.0},{"not_picked":["Sword Boomerang","Immolate"],"picked":"Feel No Pain+1","floor":28.0},{"not_picked":["Pummel","Rampage","Perfected Strike"],"picked":"SKIP","floor":31.0},{"not_picked":["Carnage","Wild Strike"],"picked":"Dual Wield+1","floor":35.0},{"not_picked":["Violence","Blind"],"picked":"Deep Breath","floor":37.0},{"not_picked":["Clothesline","Anger","Clash"],"picked":"SKIP","floor":38.0},{"not_picked":["Heavy Blade","Anger+1","Havoc+1"],"picked":"SKIP","floor":39.0}],"player_experience":3021902,"relics_obtained":[{"floor":7.0,"key":"PreservedInsect"},{"floor":9.0,"key":"Sundial"},{"floor":11.0,"key":"Meat on the Bone"},{"floor":12.0,"key":"Shovel"},{"floor":15.0,"key":"Orichalcum"},{"floor":26.0,"key":"Pantograph"},{"floor":30.0,"key":"Mercury Hourglass"},{"floor":31.0,"key":"Strawberry"}],"event_choices":[{"damage_healed":0.0,"max_hp_gain":0.0,"max_hp_loss":0.0,"gold_gain":75.0,"event_name":"Golden Wing","player_choice":"Gained Gold","floor":3.0,"gold_loss":0.0,"damage_taken":0.0},{"damage_healed":0.0,"max_hp_gain":0.0,"max_hp_loss":0.0,"gold_gain":0.0,"event_name":"Vampires","player_choice":"Ignored","floor":20.0,"gold_loss":0.0,"damage_taken":0.0},{"damage_healed":0.0,"max_hp_gain":0.0,"max_hp_loss":0.0,"gold_gain":0.0,"event_name":"Mysterious Sphere","player_choice":"Ignored","floor":36.0,"gold_loss":0.0,"damage_taken":0.0},{"damage_healed":0.0,"max_hp_gain":0.0,"max_hp_loss":0.0,"gold_gain":0.0,"event_name":"SensoryStone","player_choice":"Memory 3","floor":37.0,"gold_loss":0.0,"damage_taken":10.0}],"is_beta":false,"boss_relics":[{"not_picked":["Black Star","Philosopher\u0027s Stone"],"picked":"Empty Cage"},{"not_picked":["Coffee Dripper","Cursed Key"],"picked":"Astrolabe"}],"items_purged_floors":[21],"is_endless":false,"potions_floor_spawned":[2,14,18,28,31,35],"killed_by":"Reptomancer","ascension_level":20}