{"gold_per_floor":[111,111,111,130,56,82,82,92,92,110,123,48,48,48,48,125,125,140,98,73,29,29],"floor_reached":22,"playtime":486,"items_purged":["Regret"],"score":418,"play_id":"51922850-6125-40b7-afeb-f3082f911228","local_time":"20190413203905","is_ascension_mode":true,"campfire_choices":[{"data":"Consume","floor":7,"key":"SMITH"},{"data":"Dualcast","floor":13,"key":"SMITH"},{"floor":15,"key":"RECALL"}],"neow_cost":"NONE","seed_source_timestamp":118946409326600,"circlet_count":0,"master_deck":["AscendersBane","Strike_B","Strike_B","Strike_B","Strike_B","Defend_B","Defend_B","Defend_B","Defend_B","Zap+1","Dualcast+1","Glacier","Cold Snap","Consume+1","Hyperbeam","Recycle+1","Capacitor","Self Repair"],"relics":["Cracked Core","NeowsBlessing","Blue Candle","Singing Bowl","Dodecahedron","Runic Dome"],"potions_floor_usage":[16,20],"damage_taken":[{"damage":0,"enemies":"Jaw Worm","floor":1,"turns":1},{"damage":0,"enemies":"Small Slimes","floor":4,"turns":1},{"damage":0,"enemies":"Gremlin Nob","floor":6,"turns":1},{"damage":0,"enemies":"Cultist","floor":8,"turns":3},{"damage":23,"enemies":"Gremlin Gang","floor":10,"turns":6},{"damage":6,"enemies":"Exordium Wildlife","floor":11,"turns":6},{"damage":28,"enemies":"The Guardian","floor":16,"turns":15},{"damage":24,"enemies":"Chosen","floor":18,"turns":6},{"damage":22,"enemies":"2 Thieves","floor":20,"turns":4},{"damage":0,"enemies":"Colosseum Slavers","floor":22,"turns":1}],"seed_played":"-2014849150169472423","potions_obtained":[{"floor":1,"key":"Energy Potion"},{"floor":10,"key":"Fire Potion"},{"floor":18,"key":"GamblersBrew"},{"floor":20,"key":"SkillPotion"}],"is_trial":false,"path_per_floor":["M","?","?","M","$","E","R","M","T","M","M","$","R","T","R","B",null,"M","$","M","$","?"],"character_chosen":"DEFECT","items_purchased":["Consume","Capacitor","Self Repair"],"campfire_rested":0,"item_purchase_floors":[5,19,21],"current_hp_per_floor":[64,64,64,64,64,66,66,68,68,47,43,43,43,43,43,15,63,39,39,19,19,19],"gold":29,"neow_bonus":"THREE_ENEMY_KILL","is_prod":false,"is_daily":false,"chose_seed":false,"campfire_upgraded":2,"win_rate":0,"timestamp":1555155545,"path_taken":["M","?","?","?","$","E","R","M","T","?","M","$","R","?","R","BOSS","M","$","?","$","?"],"build_version":"2019-01-23","purchased_purges":1,"victory":false,"max_hp_per_floor":[71,71,71,71,71,73,73,75,75,77,79,79,79,79,79,79,79,79,79,81,81,81],"card_choices":[{"not_picked":["Doom and Gloom","Hello World"],"picked":"Glacier","floor":1},{"not_picked":["Turbo","Beam Cell"],"picked":"Cold Snap","floor":4},{"not_picked":["Steam","Redo","Barrage"],"picked":"Singing Bowl","floor":6},{"not_picked":["Static Discharge","Reprogram","Steam"],"picked":"Singing Bowl","floor":8},{"not_picked":["Fusion","Conserve Battery","Streamline"],"picked":"Singing Bowl","floor":10},{"not_picked":["Beam Cell","Aggregate","Fusion"],"picked":"Singing Bowl","floor":11},{"not_picked":["Machine Learning","Meteor Strike"],"picked":"Hyperbeam","floor":16},{"not_picked":["Consume","Streamline"],"picked":"Recycle+1","floor":18},{"not_picked":["Barrage","Hologram","Stack"],"picked":"Singing Bowl","floor":20}],"player_experience":3109789,"relics_obtained":[{"floor":6,"key":"Singing Bowl"},{"floor":14,"key":"Dodecahedron"}],"event_choices":[{"damage_healed":0,"gold_gain":0,"player_choice":"Box","damage_taken":0,"relics_obtained":["Blue Candle"],"max_hp_gain":0,"max_hp_loss":0,"event_name":"Big Fish","floor":2,"gold_loss":0,"cards_obtained":["Regret"]},{"damage_healed":0,"gold_gain":0,"player_choice":"Upgraded","damage_taken":0,"max_hp_gain":0,"max_hp_loss":0,"event_name":"Upgrade Shrine","floor":3,"gold_loss":0,"cards_upgraded":["Zap"]},{"damage_healed":0,"gold_gain":0,"player_choice":"Fight","damage_taken":0,"max_hp_gain":0,"max_hp_loss":0,"event_name":"Colosseum","floor":22,"gold_loss":0}],"is_beta":false,"boss_relics":[{"not_picked":["White Beast Statue","Velvet Choker"],"picked":"Runic Dome"}],"items_purged_floors":[12],"is_endless":false,"potions_floor_spawned":[1,10,11,18,20],"killed_by":"Colosseum Slavers","ascension_level":20}