{"gold_per_floor":[118,118,193,193,193,193,225,287,314,314,139,171,221,288,288,361,361,380,355,405,425,13,13,63,63,114,184,234,284,346,356,356,431,431,447,497,547,597,647,647,666,676,703,374,92,161,174,201,201,201,201,201,201,41,71,71],"floor_reached":57,"playtime":2838,"items_purged":["Regret"],"score":2747,"play_id":"a710cfd5-e5ef-495e-be3a-6b9d5326dbb0","local_time":"20190331130652","is_ascension_mode":true,"campfire_choices":[{"data":"Bash","floor":6.0,"key":"SMITH"},{"floor":10.0,"key":"REST"},{"data":"Immolate","floor":15.0,"key":"SMITH"},{"data":"Fiend Fire","floor":23.0,"key":"SMITH"},{"data":"Spot Weakness","floor":25.0,"key":"SMITH"},{"data":"Defend_R","floor":32.0,"key":"SMITH"},{"floor":40.0,"key":"RECALL"},{"data":"Defend_R","floor":49.0,"key":"SMITH"},{"data":"Defend_R","floor":53.0,"key":"SMITH"}],"neow_cost":"NONE","seed_source_timestamp":176847277724600,"circlet_count":0,"master_deck":["AscendersBane","Strike_R+1","Strike_R","Defend_R+1","Defend_R+1","Defend_R+1","Defend_R+1","Bash+1","Spot Weakness+1","Immolate+1","Ghostly Armor+1","Fiend Fire+1","Shrug It Off+1","Exhume+1","Battle Trance+1","Shrug It Off+1","Ghostly+1","Ghostly+1","Ghostly+1","Warcry+1","True Grit+1","Armaments+1","Offering+1","Flame Barrier+1","Madness+1","Madness+1","Impatience+1","Deep Breath+1","Enlightenment+1","Burning Pact+1","Body Slam+1","Parasite","Feel No Pain+1","Second Wind+1"],"special_seed":0,"relics":["Burning Blood","NeowsBlessing","Mummified Hand","SsserpentHead","Question Card","Bronze Scales","Toxic Egg 2","Coffee Dripper","Paper Frog","Sundial","Oddly Smooth Stone","Mark of Pain","Medical Kit","Ancient Tea Set","Strawberry","Whetstone","Bag of Preparation","Ornamental Fan"],"potions_floor_usage":[],"damage_taken":[{"damage":0.0,"enemies":"2 Louse","floor":1.0,"turns":1.0},{"damage":0.0,"enemies":"3 Sentries","floor":7.0,"turns":2.0},{"damage":0.0,"enemies":"Jaw Worm","floor":8.0,"turns":1.0},{"damage":32.0,"enemies":"Lagavulin","floor":12.0,"turns":4.0},{"damage":10.0,"enemies":"Small Slimes","floor":14.0,"turns":3.0},{"damage":41.0,"enemies":"Slime Boss","floor":16.0,"turns":7.0},{"damage":0.0,"enemies":"Chosen","floor":18.0,"turns":3.0},{"damage":19.0,"enemies":"Spheric Guardian","floor":21.0,"turns":4.0},{"damage":0.0,"enemies":"Snake Plant","floor":27.0,"turns":5.0},{"damage":1.0,"enemies":"Snecko","floor":30.0,"turns":4.0},{"damage":8.0,"enemies":"Cultist and Chosen","floor":31.0,"turns":5.0},{"damage":16.0,"enemies":"Automaton","floor":33.0,"turns":17.0},{"damage":2.0,"enemies":"3 Shapes","floor":35.0,"turns":3.0},{"damage":1.0,"enemies":"Orb Walker","floor":41.0,"turns":3.0},{"damage":7.0,"enemies":"Maw","floor":42.0,"turns":8.0},{"damage":1.0,"enemies":"3 Darklings","floor":46.0,"turns":4.0},{"damage":6.0,"enemies":"Writhing Mass","floor":47.0,"turns":5.0},{"damage":6.0,"enemies":"Nemesis","floor":48.0,"turns":5.0},{"damage":12.0,"enemies":"Donu and Deca","floor":50.0,"turns":8.0},{"damage":10.0,"enemies":"Time Eater","floor":51.0,"turns":13.0},{"damage":19.0,"enemies":"Shield and Spear","floor":55.0,"turns":10.0},{"damage":19,"enemies":"The Heart","floor":56,"turns":9}],"seed_played":"543002221344325701","potions_obtained":[{"floor":8.0,"key":"Poison Potion"},{"floor":14.0,"key":"EssenceOfSteel"},{"floor":27.0,"key":"FearPotion"},{"floor":30.0,"key":"Ancient Potion"},{"floor":33.0,"key":"Weak Potion"},{"floor":42.0,"key":"GamblersBrew"},{"floor":47.0,"key":"Swift Potion"}],"is_trial":false,"path_per_floor":["M","?","?","?","?","R","E","M","T","R","$","E","?","M","R","B",null,"M","?","T","M","$","R","?","R","T","M","?","?","M","M","R","B",null,"M","?","?","?","?","R","M","M","T","$","$","M","M","E","R","B","B",null,"R","$","E","B",null],"character_chosen":"IRONCLAD","items_purchased":["PowerPotion","Spot Weakness","Sundial","Battle Trance+1","Shrug It Off+1","Medical Kit","Ancient Tea Set","Strawberry","Fruit Juice","Bag of Preparation"],"campfire_rested":1,"item_purchase_floors":[11,11,22,22,22,44,44,45,45,54],"current_hp_per_floor":[74,74,63,40,40,40,46,52,52,74,74,48,48,44,44,9,59,65,65,65,52,52,52,37,37,37,37,37,37,37,35,35,25,34,37,30,30,20,20,20,25,24,24,24,36,41,41,41,41,35,31,45,45,45,32,19],"gold":71,"neow_bonus":"THREE_ENEMY_KILL","is_prod":false,"is_daily":false,"chose_seed":false,"campfire_upgraded":7,"win_rate":0,"timestamp":1554005212,"path_taken":["M","?","?","?","?","R","E","?","T","R","$","E","?","?","R","BOSS","M","?","?","M","$","R","?","R","T","?","?","?","?","M","R","BOSS","M","?","?","?","?","R","M","M","T","?","$","?","M","E","R","BOSS","BOSS","R","$","E","BOSS"],"build_version":"2019-01-23","purchased_purges":1,"victory":true,"max_hp_per_floor":[75,75,75,75,75,75,75,75,75,75,75,75,75,75,75,75,75,75,75,75,75,75,75,37,37,37,37,37,37,37,37,37,37,37,37,37,37,37,37,37,37,37,37,37,49,49,49,49,49,49,49,49,49,49,49,49],"card_choices":[{"not_picked":["Cleave","Sever Soul","Warcry"],"picked":"SKIP","floor":1.0},{"not_picked":["Anger","Hemokinesis","Blood for Blood"],"picked":"SKIP","floor":7.0},{"not_picked":["Havoc","Heavy Blade","Blood for Blood","Burning Pact"],"picked":"SKIP","floor":8.0},{"not_picked":["Inflame","Burning Pact","Power Through"],"picked":"Immolate","floor":12.0},{"not_picked":["Heavy Blade","Combust","Power Through+1"],"picked":"Ghostly Armor+1","floor":14.0},{"not_picked":["Berserk","Double Tap+1","Dark Embrace"],"picked":"Fiend Fire","floor":16.0},{"not_picked":["Whirlwind","Armaments+1","Havoc+1"],"picked":"Shrug It Off+1","floor":18.0},{"not_picked":["Warcry+1","Perfected Strike","Fire Breathing"],"picked":"Exhume+1","floor":21.0},{"not_picked":["Pommel Strike","Combust","Armaments+1"],"picked":"Warcry+1","floor":27.0},{"not_picked":["Reckless Charge","Iron Wave","Twin Strike"],"picked":"True Grit+1","floor":30.0},{"not_picked":["Perfected Strike","Thunderclap","Warcry+1"],"picked":"Armaments+1","floor":31.0},{"not_picked":["Impervious+1","Brutality","Immolate"],"picked":"Offering+1","floor":33.0},{"not_picked":["Anger+1","Ghostly Armor+1","Warcry+1"],"picked":"Flame Barrier+1","floor":35.0},{"not_picked":["Dark Shackles+1","Blind+1","PanicButton+1"],"picked":"Impatience+1","floor":38.0},{"not_picked":["Mind Blast","Impatience+1","Magnetism"],"picked":"Deep Breath+1","floor":38.0},{"not_picked":["Panache","Discovery+1","Mind Blast"],"picked":"Enlightenment+1","floor":38.0},{"not_picked":["Pommel Strike+1","Havoc+1","Fire Breathing"],"picked":"Burning Pact+1","floor":41.0},{"not_picked":["Shrug It Off+1","Headbutt","Metallicize+1"],"picked":"Body Slam","floor":42.0},{"not_picked":["Carnage","Headbutt+1","Body Slam","Heavy Blade"],"picked":"SKIP","floor":46.0},{"not_picked":["Heavy Blade+1","Warcry+1","Shrug It Off+1","Headbutt"],"picked":"SKIP","floor":47.0},{"not_picked":["Sentinel+1","Flex+1","Battle Trance+1"],"picked":"Feel No Pain+1","floor":48.0},{"not_picked":["Anger","Perfected Strike","Shrug It Off+1"],"picked":"Second Wind+1","floor":55.0}],"player_experience":2769230,"relics_obtained":[{"floor":7.0,"key":"Question Card"},{"floor":9.0,"key":"Bronze Scales"},{"floor":12.0,"key":"Toxic Egg 2"},{"floor":20.0,"key":"Paper Frog"},{"floor":26.0,"key":"Oddly Smooth Stone"},{"floor":48.0,"key":"Whetstone"},{"floor":55.0,"key":"Ornamental Fan"}],"event_choices":[{"damage_healed":0.0,"max_hp_gain":0.0,"max_hp_loss":0.0,"gold_gain":0.0,"event_name":"Big Fish","player_choice":"Box","floor":2.0,"gold_loss":0.0,"damage_taken":0.0,"relics_obtained":["Mummified Hand"],"cards_obtained":["Regret"]},{"damage_healed":0.0,"max_hp_gain":0.0,"max_hp_loss":0.0,"gold_gain":75.0,"event_name":"World of Goop","player_choice":"Gather Gold","floor":3.0,"gold_loss":0.0,"damage_taken":11.0},{"damage_healed":0.0,"max_hp_gain":0.0,"max_hp_loss":0.0,"gold_gain":0.0,"event_name":"Shining Light","player_choice":"Entered Light","floor":4.0,"gold_loss":0.0,"damage_taken":23.0,"cards_upgraded":["Defend_R","Strike_R"]},{"damage_healed":0.0,"max_hp_gain":0.0,"max_hp_loss":0.0,"gold_gain":0.0,"event_name":"FaceTrader","player_choice":"Trade","floor":5.0,"gold_loss":0.0,"damage_taken":0.0,"relics_obtained":["SsserpentHead"]},{"cards_removed":["Strike_R"],"damage_healed":0.0,"max_hp_gain":0.0,"max_hp_loss":0.0,"gold_gain":0.0,"event_name":"Bonfire Elementals","player_choice":"Offered Basic","floor":13.0,"gold_loss":0.0,"damage_taken":0.0},{"cards_removed":["Strike_R"],"damage_healed":0.0,"max_hp_gain":0.0,"max_hp_loss":0.0,"gold_gain":0.0,"event_name":"Beggar","player_choice":"Gave Gold","floor":19.0,"gold_loss":75.0,"damage_taken":0.0},{"damage_healed":0.0,"max_hp_gain":0.0,"max_hp_loss":38.0,"gold_gain":0.0,"event_name":"Ghosts","player_choice":"Became a Ghost","floor":24.0,"gold_loss":0.0,"damage_taken":0.0,"cards_obtained":["Ghostly","Ghostly","Ghostly"]},{"damage_healed":0.0,"max_hp_gain":0.0,"max_hp_loss":0.0,"gold_gain":0.0,"event_name":"Vampires","player_choice":"Ignored","floor":28.0,"gold_loss":0.0,"damage_taken":0.0},{"damage_healed":0.0,"max_hp_gain":0.0,"max_hp_loss":0.0,"gold_gain":0.0,"event_name":"N\u0027loth","player_choice":"Ignored","floor":29.0,"gold_loss":0.0,"damage_taken":0.0},{"damage_healed":0.0,"max_hp_gain":0.0,"max_hp_loss":0.0,"gold_gain":0.0,"event_name":"Winding Halls","player_choice":"Embrace Madness","floor":36.0,"gold_loss":0.0,"damage_taken":7.0,"cards_obtained":["Madness","Madness"]},{"cards_removed":["Strike_R"],"damage_healed":0.0,"max_hp_gain":0.0,"max_hp_loss":0.0,"gold_gain":0.0,"event_name":"Falling","player_choice":"Removed Attack","floor":37.0,"gold_loss":0.0,"damage_taken":0.0},{"damage_healed":0.0,"max_hp_gain":0.0,"max_hp_loss":0.0,"gold_gain":0.0,"event_name":"SensoryStone","player_choice":"Memory 3","floor":38.0,"gold_loss":0.0,"damage_taken":10.0},{"damage_healed":0.0,"max_hp_gain":0.0,"max_hp_loss":0.0,"gold_gain":0.0,"event_name":"Tomb of Lord Red Mask","player_choice":"Ignored","floor":39.0,"gold_loss":0.0,"damage_taken":0.0}],"is_beta":false,"boss_relics":[{"not_picked":["Eternal Feather","Fusion Hammer"],"picked":"Coffee Dripper"},{"not_picked":["Empty Cage","Orrery"],"picked":"Mark of Pain"}],"items_purged_floors":[11],"is_endless":false,"potions_floor_spawned":[8,14,27,30,33,35,42,47],"ascension_level":20}