{"gold_per_floor":[112,112,122,122,139,165,184,184,184,218,233,233,233,61,61,140,140,116,391,401,401,401,401,316,316],"floor_reached":25,"playtime":764,"items_purged":[],"score":443,"play_id":"06588213-e15e-432c-9e18-4f810ef12dff","local_time":"20190306145020","is_ascension_mode":true,"campfire_choices":[{"data":"Barrage","floor":8,"key":"SMITH"},{"data":"Zap","floor":12,"key":"SMITH"},{"data":"Rainbow","floor":15,"key":"SMITH"},{"data":"Reboot","floor":23,"key":"SMITH"}],"neow_cost":"NONE","seed_source_timestamp":133798418620599,"circlet_count":0,"master_deck":["AscendersBane","Defend_B","Defend_B","Defend_B","Defend_B","Zap+1","Dualcast","Conserve Battery","Barrage+1","Rebound","Rainbow+1","Self Repair","Gash","Cold Snap","Reboot+1","Decay","Regret","Undo+1","Bite","Bite","Bite","Bite","Bite","Echo Form+1"],"relics":["Cracked Core","DataDisk","Shuriken","Pen Nib","Omamori","Happy Flower","Calling Bell","Vajra","Frozen Egg 2","Ginger","Mummified Hand"],"potions_floor_usage":[10,16,16,16,20,20],"damage_taken":[{"damage":0,"enemies":"Small Slimes","floor":1,"turns":2},{"damage":0,"enemies":"2 Louse","floor":3,"turns":3},{"damage":1,"enemies":"Cultist","floor":5,"turns":3},{"damage":32,"enemies":"Lagavulin","floor":6,"turns":8},{"damage":1,"enemies":"Looter","floor":7,"turns":3},{"damage":2,"enemies":"3 Sentries","floor":10,"turns":4},{"damage":4,"enemies":"Blue Slaver","floor":11,"turns":3},{"damage":11,"enemies":"The Guardian","floor":16,"turns":11},{"damage":30,"enemies":"2 Thieves","floor":18,"turns":4},{"damage":0,"enemies":"Chosen","floor":20,"turns":3},{"damage":42,"enemies":"Slavers","floor":25,"turns":3}],"seed_played":"2701946404984260378","potions_obtained":[{"floor":3,"key":"Dexterity Potion"},{"floor":7,"key":"AttackPotion"},{"floor":10,"key":"LiquidBronze"},{"floor":11,"key":"EntropicBrew"},{"floor":18,"key":"Explosive Potion"}],"is_trial":false,"path_per_floor":["M","?","M","?","M","E","M","R","T","E","M","R","?","$","R","B",null,"M","?","M","?","?","R","?","E"],"character_chosen":"DEFECT","items_purchased":["Happy Flower"],"campfire_rested":0,"item_purchase_floors":[14],"current_hp_per_floor":[64,59,59,59,58,26,25,25,25,30,33,33,33,33,33,44,64,41,41,41,41,41,41,41,5],"gold":316,"neow_bonus":"RANDOM_COMMON_RELIC","is_prod":false,"is_daily":false,"chose_seed":false,"campfire_upgraded":4,"win_rate":0,"timestamp":1551851420,"path_taken":["M","?","M","?","?","E","M","R","T","E","M","R","?","$","R","BOSS","M","?","?","?","?","R","?","E"],"build_version":"2019-01-23","purchased_purges":0,"victory":false,"max_hp_per_floor":[71,71,71,71,71,71,71,71,71,71,71,71,71,71,71,71,71,71,71,71,49,49,49,49,49],"card_choices":[{"not_picked":["Stack","Steam"],"picked":"Conserve Battery","floor":1},{"not_picked":["Scrape","Conserve Battery"],"picked":"Barrage","floor":3},{"not_picked":["Fusion","Steam","Rebound"],"picked":"SKIP","floor":5},{"not_picked":["Fusion","Steam"],"picked":"Rebound","floor":5},{"not_picked":["Turbo","Barrage"],"picked":"Rainbow","floor":6},{"not_picked":["Chill","Redo"],"picked":"Self Repair","floor":7},{"not_picked":["Rebound","Skim"],"picked":"Gash","floor":10},{"not_picked":["Go for the Eyes","Gash"],"picked":"Cold Snap","floor":11},{"not_picked":["All For One","Multi-Cast"],"picked":"Reboot","floor":16},{"not_picked":["Go for the Eyes","Genetic Algorithm","Turbo"],"picked":"SKIP","floor":18},{"not_picked":["Rebound","Barrage"],"picked":"Undo+1","floor":20}],"player_experience":2034465,"relics_obtained":[{"floor":6,"key":"Pen Nib"},{"floor":10,"key":"Omamori"},{"floor":17,"key":"Vajra"},{"floor":17,"key":"Frozen Egg 2"},{"floor":17,"key":"Ginger"}],"event_choices":[{"damage_healed":0,"gold_gain":0,"player_choice":"Success","damage_taken":5,"relics_obtained":["Shuriken"],"max_hp_gain":0,"max_hp_loss":0,"event_name":"Scrap Ooze","floor":2,"gold_loss":0},{"damage_healed":0,"gold_gain":0,"player_choice":"0 cards matched","damage_taken":0,"max_hp_gain":0,"max_hp_loss":0,"event_name":"Match and Keep!","floor":4,"gold_loss":0,"cards_obtained":[]},{"cards_removed":["Strike_B"],"damage_healed":0,"gold_gain":0,"player_choice":"Forget","damage_taken":0,"max_hp_gain":0,"max_hp_loss":0,"event_name":"Living Wall","floor":13,"gold_loss":0},{"damage_healed":0,"gold_gain":275,"player_choice":"Desecrate","damage_taken":0,"max_hp_gain":0,"max_hp_loss":0,"event_name":"Golden Shrine","floor":19,"gold_loss":0,"cards_obtained":["Regret"]},{"damage_healed":0,"gold_gain":0,"player_choice":"Became a vampire","damage_taken":0,"max_hp_gain":0,"max_hp_loss":22,"event_name":"Vampires","floor":21,"gold_loss":0,"cards_obtained":["Bite","Bite","Bite","Bite","Bite"]},{"damage_healed":0,"gold_gain":0,"player_choice":"Read","damage_taken":0,"max_hp_gain":0,"max_hp_loss":0,"event_name":"The Library","floor":22,"gold_loss":0,"cards_obtained":["Echo Form"]},{"damage_healed":0,"gold_gain":0,"player_choice":"Obtained Relic","damage_taken":0,"relics_obtained":["Mummified Hand"],"max_hp_gain":0,"max_hp_loss":0,"event_name":"Addict","floor":24,"gold_loss":85}],"is_beta":false,"boss_relics":[{"not_picked":["White Beast Statue","Snecko Eye"],"picked":"Calling Bell"}],"items_purged_floors":[],"is_endless":false,"potions_floor_spawned":[3,7,10,11,18],"killed_by":"Slavers","ascension_level":20}