{"gold_per_floor":[116,42,42,42,54,85,85,115,170,170,170],"floor_reached":11,"playtime":179,"items_purged":[],"score":208,"play_id":"7ee53c5f-86f4-4b66-93f1-1d36f7648f34","local_time":"20190420193725","is_ascension_mode":true,"campfire_choices":[{"data":"Creative AI","floor":7,"key":"SMITH"},{"floor":10,"key":"REST"}],"neow_cost":"NONE","seed_source_timestamp":402289260522900,"circlet_count":0,"master_deck":["AscendersBane","Strike_B","Strike_B","Strike_B","Strike_B","Defend_B+1","Defend_B","Defend_B","Defend_B","Zap","Dualcast+1","Coolheaded","Static Discharge","Creative AI+1","Cold Snap"],"relics":["Cracked Core","NeowsBlessing","Bag of Marbles","Anchor","Smiling Mask"],"potions_floor_usage":[8,11],"damage_taken":[{"damage":0,"enemies":"2 Louse","floor":1,"turns":1},{"damage":0,"enemies":"Jaw Worm","floor":5,"turns":1},{"damage":0,"enemies":"3 Sentries","floor":6,"turns":1},{"damage":29,"enemies":"Gremlin Nob","floor":8,"turns":4},{"damage":24,"enemies":"3 Sentries","floor":11,"turns":9}],"seed_played":"2481874998767433076","potions_obtained":[{"floor":5,"key":"FocusPotion"},{"floor":8,"key":"Weak Potion"}],"is_trial":false,"path_per_floor":["M","$","?","?","M","E","R","E","T","R","E"],"character_chosen":"DEFECT","items_purchased":["Static Discharge"],"campfire_rested":1,"item_purchase_floors":[2],"current_hp_per_floor":[64,64,43,33,33,33,33,4,4,25,1],"gold":170,"neow_bonus":"THREE_ENEMY_KILL","is_prod":false,"is_daily":false,"chose_seed":false,"campfire_upgraded":1,"win_rate":0,"timestamp":1555756645,"path_taken":["M","$","?","?","?","E","R","E","T","R","E"],"build_version":"2019-01-23","purchased_purges":0,"victory":false,"max_hp_per_floor":[71,71,71,71,71,71,71,71,71,71,71],"card_choices":[{"not_picked":["Streamline","Go for the Eyes"],"picked":"Coolheaded","floor":1},{"not_picked":["Sweeping Beam","Rebound","Gash"],"picked":"SKIP","floor":5},{"not_picked":["Melter","Reinforced Body"],"picked":"Creative AI","floor":6},{"not_picked":["Skim","Fusion"],"picked":"Cold Snap","floor":8}],"player_experience":3255678,"relics_obtained":[{"floor":6,"key":"Bag of Marbles"},{"floor":8,"key":"Anchor"},{"floor":9,"key":"Smiling Mask"}],"event_choices":[{"damage_healed":0,"gold_gain":0,"player_choice":"Entered Light","damage_taken":21,"max_hp_gain":0,"max_hp_loss":0,"event_name":"Shining Light","floor":3,"gold_loss":0,"cards_upgraded":["Defend_B","Dualcast"]},{"damage_healed":0,"gold_gain":0,"player_choice":"Damaged","damage_taken":10,"max_hp_gain":0,"max_hp_loss":0,"event_name":"Wheel of Change","floor":4,"gold_loss":0}],"is_beta":false,"boss_relics":[],"items_purged_floors":[],"is_endless":false,"potions_floor_spawned":[5,8],"killed_by":"3 Sentries","ascension_level":20}