{"gold_per_floor":[110,121,121,141,66,66,91,91,146,146,171,171,121,133,133,207,207,220,238,238,238,27,62,62,81,104,104,104,104,54,67,67,140,140,153,60,78,78,97,126,126,126,126,126,126,146,146,171,171,171,171],"floor_reached":52,"playtime":1918,"items_purged":["Strike_R","Strike_R+1","Writhe","Strike_R+1"],"score":2023,"play_id":"a98639cf-f656-4dad-8fd5-886c4d3ae843","local_time":"20190326132627","is_ascension_mode":true,"campfire_choices":[{"data":"Carnage","floor":6,"key":"SMITH"},{"data":"Armaments","floor":10,"key":"SMITH"},{"data":"Demon Form","floor":12,"key":"SMITH"},{"data":"Bash","floor":15,"key":"SMITH"},{"data":"Battle Trance","floor":29,"key":"SMITH"},{"data":"Ghostly","floor":32,"key":"SMITH"},{"data":"Power Through","floor":42,"key":"SMITH"},{"data":"Ghostly","floor":49,"key":"SMITH"}],"neow_cost":"NONE","seed_source_timestamp":151454830798900,"circlet_count":0,"master_deck":["AscendersBane","Defend_R+1","Defend_R+1","Defend_R+1","Defend_R+1","Bash+1","Demon Form+1","Carnage+1","Armaments+1","Shrug It Off","Fiend Fire","Second Wind+1","Battle Trance+1","Evolve+1","Ghostly+1","Ghostly","Ghostly+1","Exhume","Barricade","Sentinel","Entrench+1","Power Through+1"],"relics":["Burning Blood","Art of War","Smiling Mask","Black Star","Bag of Marbles","Paper Frog","Red Skull","Juzu Bracelet","Mummified Hand","Snecko Eye","The Courier","Kunai","Girya","Question Card","Self Forming Clay","Gremlin Horn"],"potions_floor_usage":[11,14,23],"damage_taken":[{"damage":7,"enemies":"Cultist","floor":1,"turns":4},{"damage":20,"enemies":"Small Slimes","floor":2,"turns":5},{"damage":0,"enemies":"2 Louse","floor":4,"turns":2},{"damage":10,"enemies":"Gremlin Nob","floor":11,"turns":4},{"damage":6,"enemies":"Blue Slaver","floor":14,"turns":4},{"damage":11,"enemies":"The Guardian","floor":16,"turns":11},{"damage":22,"enemies":"Chosen","floor":18,"turns":5},{"damage":29,"enemies":"2 Thieves","floor":19,"turns":5},{"damage":8,"enemies":"Book of Stabbing","floor":23,"turns":4},{"damage":2,"enemies":"Snecko","floor":25,"turns":3},{"damage":0,"enemies":"Snake Plant","floor":31,"turns":1},{"damage":34,"enemies":"Automaton","floor":33,"turns":12},{"damage":0,"enemies":"3 Darklings","floor":35,"turns":9},{"damage":0,"enemies":"Orb Walker","floor":37,"turns":3},{"damage":0,"enemies":"Spire Growth","floor":39,"turns":4},{"damage":0,"enemies":"Nemesis","floor":40,"turns":5},{"damage":0,"enemies":"Sphere and 2 Shapes","floor":46,"turns":5},{"damage":0,"enemies":"Giant Head","floor":48,"turns":6},{"damage":0,"enemies":"Time Eater","floor":50,"turns":16},{"damage":2,"enemies":"Donu and Deca","floor":51,"turns":19}],"seed_played":"3225200754352013596","potions_obtained":[{"floor":2,"key":"Weak Potion"},{"floor":4,"key":"PowerPotion"},{"floor":11,"key":"BloodPotion"},{"floor":23,"key":"Poison Potion"},{"floor":31,"key":"SteroidPotion"},{"floor":35,"key":"Strength Potion"}],"is_trial":false,"path_per_floor":["M","M","?","M","?","R","T","?","T","R","E","R","$","M","R","B",null,"M","M","?","?","$","E","?","M","T","?","?","R","$","M","R","B",null,"M","$","M","?","M","E","?","R","T","?","T","M","?","E","R","B","B",null],"character_chosen":"IRONCLAD","items_purchased":["Bag of Marbles","Sentinel"],"campfire_rested":0,"item_purchase_floors":[22,36],"current_hp_per_floor":[67,53,46,52,52,52,52,52,52,52,48,48,48,55,55,50,69,53,30,30,30,30,28,28,32,32,32,32,32,32,37,37,9,30,36,36,37,35,35,35,35,35,35,35,35,35,35,35,35,35,35],"gold":171,"neow_bonus":"ONE_RANDOM_RARE_CARD","is_prod":false,"is_daily":false,"chose_seed":false,"campfire_upgraded":8,"win_rate":0,"timestamp":1553574387,"path_taken":["M","?","?","M","?","R","?","?","T","R","E","R","$","M","R","BOSS","M","M","?","?","$","E","?","M","T","?","?","R","$","M","R","BOSS","M","$","M","?","M","E","?","R","T","?","?","M","?","E","R","BOSS","BOSS"],"build_version":"2019-01-23","purchased_purges":4,"victory":true,"max_hp_per_floor":[75,75,75,75,75,75,75,75,75,75,75,75,75,75,75,75,75,75,75,75,75,75,75,75,75,75,37,37,37,37,37,37,37,37,37,37,37,35,35,35,35,35,35,35,35,35,35,35,35,35,35],"card_choices":[{"not_picked":["Body Slam","Corruption"],"picked":"Carnage","floor":1},{"not_picked":["Headbutt","Clothesline"],"picked":"Armaments","floor":2},{"not_picked":["Carnage","Pummel","Warcry"],"picked":"SKIP","floor":4},{"not_picked":["Heavy Blade","Power Through","Body Slam"],"picked":"SKIP","floor":11},{"not_picked":["Fire Breathing","Infernal Blade"],"picked":"Shrug It Off","floor":14},{"not_picked":["Exhume","Dark Embrace"],"picked":"Fiend Fire","floor":16},{"not_picked":["Perfected Strike","Twin Strike","Bloodletting+1"],"picked":"SKIP","floor":18},{"not_picked":["Spot Weakness","Twin Strike"],"picked":"Second Wind","floor":19},{"not_picked":["Flex","Body Slam","Clash"],"picked":"SKIP","floor":23},{"not_picked":["Heavy Blade","Iron Wave"],"picked":"Evolve+1","floor":25},{"not_picked":["Flex+1","Dual Wield"],"picked":"Exhume","floor":31},{"not_picked":["Limit Break","Juggernaut"],"picked":"Barricade","floor":33},{"not_picked":["Anger","Headbutt","Thunderclap"],"picked":"SKIP","floor":35},{"not_picked":["Shockwave+1","Metallicize"],"picked":"Entrench+1","floor":37},{"not_picked":["Flex","Seeing Red","Combust+1"],"picked":"SKIP","floor":39},{"not_picked":["Pommel Strike","Rage+1"],"picked":"Power Through","floor":40},{"not_picked":["True Grit","Reckless Charge","Armaments","Perfected Strike"],"picked":"SKIP","floor":46},{"not_picked":["Disarm","Berserk","Flex","Armaments"],"picked":"SKIP","floor":48}],"player_experience":2597141,"relics_obtained":[{"floor":7,"key":"Art of War"},{"floor":11,"key":"Smiling Mask"},{"floor":23,"key":"Paper Frog"},{"floor":23,"key":"Red Skull"},{"floor":26,"key":"Juzu Bracelet"},{"floor":40,"key":"The Courier"},{"floor":40,"key":"Kunai"},{"floor":43,"key":"Girya"},{"floor":45,"key":"Question Card"},{"floor":48,"key":"Self Forming Clay"},{"floor":48,"key":"Gremlin Horn"}],"event_choices":[{"cards_removed":["Strike_R"],"damage_healed":0,"gold_gain":0,"player_choice":"Card Removal","damage_taken":7,"max_hp_gain":0,"max_hp_loss":0,"event_name":"Golden Wing","floor":3,"gold_loss":0},{"cards_removed":["Strike_R"],"damage_healed":0,"gold_gain":0,"player_choice":"Card Removal","damage_taken":0,"max_hp_gain":0,"max_hp_loss":0,"event_name":"The Cleric","floor":5,"gold_loss":75},{"damage_healed":0,"gold_gain":0,"player_choice":"Ignored","damage_taken":0,"max_hp_gain":0,"max_hp_loss":0,"event_name":"Liars Game","floor":8,"gold_loss":0},{"damage_healed":0,"gold_gain":0,"player_choice":"Simplicity","damage_taken":0,"max_hp_gain":0,"max_hp_loss":0,"event_name":"Back to Basics","floor":20,"gold_loss":0,"cards_upgraded":["Strike_R","Strike_R","Defend_R","Defend_R","Defend_R","Defend_R"]},{"damage_healed":0,"gold_gain":0,"player_choice":"Read","damage_taken":0,"max_hp_gain":0,"max_hp_loss":0,"event_name":"The Library","floor":21,"gold_loss":0,"cards_obtained":["Battle Trance"]},{"damage_healed":0,"gold_gain":0,"player_choice":"Became a Ghost","damage_taken":0,"max_hp_gain":0,"max_hp_loss":38,"event_name":"Ghosts","floor":27,"gold_loss":0,"cards_obtained":["Ghostly","Ghostly","Ghostly"]},{"damage_healed":0,"gold_gain":0,"player_choice":"Opened","damage_taken":0,"relics_obtained":["Mummified Hand"],"max_hp_gain":0,"max_hp_loss":0,"event_name":"The Mausoleum","floor":28,"gold_loss":0,"cards_obtained":["Writhe"]},{"damage_healed":0,"gold_gain":0,"player_choice":"Max HP","damage_taken":0,"max_hp_gain":0,"max_hp_loss":2,"event_name":"Winding Halls","floor":38,"gold_loss":0},{"damage_healed":0,"gold_gain":0,"player_choice":"Ignored","damage_taken":0,"max_hp_gain":0,"max_hp_loss":0,"event_name":"SecretPortal","floor":41,"gold_loss":0},{"damage_healed":0,"gold_gain":0,"player_choice":"Ignored","damage_taken":0,"max_hp_gain":0,"max_hp_loss":0,"event_name":"Mysterious Sphere","floor":44,"gold_loss":0},{"damage_healed":0,"gold_gain":0,"player_choice":"Upgraded","damage_taken":0,"max_hp_gain":0,"max_hp_loss":0,"event_name":"Upgrade Shrine","floor":47,"gold_loss":0,"cards_upgraded":["Second Wind"]}],"is_beta":false,"boss_relics":[{"not_picked":["Runic Cube","Busted Crown"],"picked":"Black Star"},{"not_picked":["Fusion Hammer","Mark of Pain"],"picked":"Snecko Eye"}],"items_purged_floors":[13,22,30,36],"is_endless":false,"potions_floor_spawned":[2,4,11,23,31,35],"ascension_level":20}