{"gold_per_floor":[115,115,132,77,2,2,37,57,57,57,83,83,116,10,10,10],"floor_reached":16,"playtime":523,"items_purged":[],"score":212,"play_id":"0591f6c5-a2b9-4d6f-b223-481824c54d3a","local_time":"20190222222921","is_ascension_mode":true,"campfire_choices":[{"data":"Loop","floor":6,"key":"SMITH"},{"data":"Zap","floor":10,"key":"SMITH"},{"data":"Chill","floor":12,"key":"SMITH"},{"floor":15,"key":"REST"}],"neow_cost":"NONE","seed_source_timestamp":211033925013100,"circlet_count":0,"master_deck":["AscendersBane","Strike_B","Strike_B","Strike_B","Strike_B","Defend_B","Defend_B","Defend_B","Zap+1","Dualcast","White Noise","Loop+1","Cold Snap","Chill+1","Coolheaded","Ball Lightning+1","Defragment","Bandage Up"],"relics":["Inserter","GremlinMask","Nunchaku","Molten Egg 2","Odd Mushroom","Regal Pillow"],"potions_floor_usage":[7,11],"damage_taken":[{"damage":0,"enemies":"2 Louse","floor":1,"turns":3},{"damage":2,"enemies":"Cultist","floor":3,"turns":4},{"damage":29,"enemies":"3 Sentries","floor":7,"turns":9},{"damage":0,"enemies":"Small Slimes","floor":8,"turns":4},{"damage":9,"enemies":"The Mushroom Lair","floor":11,"turns":5},{"damage":22,"enemies":"Gremlin Nob","floor":13,"turns":5},{"damage":43,"enemies":"Slime Boss","floor":16,"turns":8}],"seed_played":"3183281790772465631","potions_obtained":[{"floor":1,"key":"LiquidBronze"},{"floor":3,"key":"Block Potion"},{"floor":7,"key":"AttackPotion"}],"is_trial":false,"path_per_floor":["M","?","M","$","?","R","E","M","T","R","?","R","E","$","R","B"],"character_chosen":"DEFECT","items_purchased":["Cold Snap","Bandage Up"],"campfire_rested":1,"item_purchase_floors":[4,14],"current_hp_per_floor":[64,64,62,62,62,62,33,33,33,33,24,24,2,2,38,0],"gold":10,"neow_bonus":"BOSS_RELIC","is_prod":false,"is_daily":false,"chose_seed":false,"campfire_upgraded":3,"win_rate":0,"timestamp":1550842161,"path_taken":["M","?","?","$","?","R","E","M","T","R","?","R","E","?","R","BOSS"],"build_version":"2019-01-23","purchased_purges":0,"victory":false,"max_hp_per_floor":[71,71,71,71,71,71,71,71,71,71,71,71,71,71,71,71],"card_choices":[{"not_picked":["Stack","Hologram"],"picked":"White Noise","floor":1},{"not_picked":["Redo","Stack"],"picked":"Loop","floor":3},{"not_picked":["Rip and Tear","Amplify"],"picked":"Chill","floor":7},{"not_picked":["Leap","White Noise"],"picked":"Coolheaded","floor":8},{"not_picked":["Melter+1","Redo"],"picked":"Ball Lightning+1","floor":11},{"not_picked":["Turbo","Ball Lightning+1"],"picked":"Defragment","floor":13}],"player_experience":1748786,"relics_obtained":[{"floor":7,"key":"Nunchaku"},{"floor":9,"key":"Molten Egg 2"},{"floor":11,"key":"Odd Mushroom"},{"floor":13,"key":"Regal Pillow"}],"event_choices":[{"damage_healed":0,"gold_gain":0,"player_choice":"Trade","damage_taken":0,"relics_obtained":["GremlinMask"],"max_hp_gain":0,"max_hp_loss":0,"event_name":"FaceTrader","floor":2,"gold_loss":0},{"cards_removed":["Defend_B"],"damage_healed":0,"gold_gain":0,"player_choice":"Card Removal","damage_taken":0,"max_hp_gain":0,"max_hp_loss":0,"event_name":"The Cleric","floor":5,"gold_loss":75},{"damage_healed":0,"gold_gain":0,"player_choice":"Fought Mushrooms","damage_taken":0,"max_hp_gain":0,"max_hp_loss":0,"event_name":"Mushrooms","floor":11,"gold_loss":0}],"is_beta":false,"boss_relics":[],"items_purged_floors":[],"is_endless":false,"potions_floor_spawned":[1,3,7],"killed_by":"Slime Boss","ascension_level":20}