{"gold_per_floor":[218,78,28,42,9,42,62,74,74,88,88,88,88,119,119,219,219,236,49,64,64,64,93,93,93,118,130,130,160,160,160,160,263,313,325,325,339,359,359,359,384,116,166,196,18,33,33,33,33,33],"floor_reached":51,"playtime":3423,"items_purged":["Pain","Normality"],"score":1089,"play_id":"1a8233ea-94cf-40f9-9c88-f20a95fd277c","local_time":"20180804115059","is_ascension_mode":true,"campfire_choices":[{"floor":11,"key":"REST"},{"data":"White Noise","floor":13,"key":"SMITH"},{"data":"Storm","floor":15,"key":"SMITH"},{"floor":24,"key":"REST"},{"data":"White Noise","floor":28,"key":"SMITH"},{"floor":30,"key":"REST"},{"floor":32,"key":"REST"},{"floor":40,"key":"REST"},{"floor":47,"key":"REST"},{"floor":49,"key":"REST"}],"neow_cost":"NONE","seed_source_timestamp":1093618171558487,"circlet_count":0,"master_deck":["Strike_B","Strike_B","Strike_B","Strike_B","Defend_B+1","Defend_B","Defend_B","Defend_B","Zap","Dualcast","Self Repair","Heatsinks","Sunder","Storm+1","White Noise+1","Thunder Strike+1","Chill","White Noise+1","Redo","Force Field+1","Force Field","Electrodynamics","White Noise+1","Apotheosis","Reboot","Defragment","White Noise","Ball Lightning","Dramatic Entrance","Seek","Ball Lightning+1","White Noise","Deep Breath","Sadistic Nature","Auto Shields+1","Force Field+1","Storm","Doubt","White Noise+1","Capacitor","Defragment+1","BootSequence","Conserve Battery"],"special_seed":0,"relics":["Cracked Core","Dream Catcher","Shuriken","Calipers","Cursed Key","War Paint","Oddly Smooth Stone","Vajra","Tiny House","Matryoshka","Ancient Tea Set","Blood Vial","Pen Nib","Anchor","Art of War"],"potions_floor_usage":[6,10,14,18,23,23,27,37,41,46,46],"damage_taken":[{"damage":1.0,"enemies":"Cultist","floor":1.0,"turns":3.0},{"damage":4.0,"enemies":"Small Slimes","floor":4.0,"turns":3.0},{"damage":29,"enemies":"Gremlin Nob","floor":6,"turns":4},{"damage":7,"enemies":"Jaw Worm","floor":7,"turns":3},{"damage":8,"enemies":"3 Louse","floor":8,"turns":2},{"damage":3,"enemies":"Gremlin Gang","floor":10,"turns":3},{"damage":4,"enemies":"3 Sentries","floor":14,"turns":7},{"damage":22,"enemies":"Slime Boss","floor":16,"turns":8},{"damage":12,"enemies":"Shell Parasite","floor":18,"turns":3},{"damage":12,"enemies":"Chosen","floor":20,"turns":3},{"damage":35,"enemies":"Slavers","floor":23,"turns":4},{"damage":6,"enemies":"Centurion and Healer","floor":27,"turns":4},{"damage":49,"enemies":"Book of Stabbing","floor":29,"turns":7},{"damage":46,"enemies":"Collector","floor":33,"turns":7},{"damage":27,"enemies":"3 Darklings","floor":35,"turns":4},{"damage":10,"enemies":"Orb Walker","floor":37,"turns":2},{"damage":1,"enemies":"Maw","floor":38,"turns":7},{"damage":45,"enemies":"Giant Head","floor":41,"turns":6},{"damage":39,"enemies":"2 Orb Walkers","floor":44,"turns":5},{"damage":9,"enemies":"Transient","floor":46,"turns":5},{"damage":44,"enemies":"Time Eater","floor":50,"turns":5}],"seed_played":"5976091451317177084","potions_obtained":[{"floor":1.0,"key":"Block Potion"},{"floor":4.0,"key":"EssenceOfSteel"},{"floor":8,"key":"Dexterity Potion"},{"floor":10,"key":"EssenceOfSteel"},{"floor":16,"key":"Poison Potion"},{"floor":18,"key":"Strength Potion"},{"floor":20,"key":"Weak Potion"},{"floor":23,"key":"Swift Potion"},{"floor":34,"key":"Weak Potion"},{"floor":35,"key":"Swift Potion"},{"floor":37,"key":"Strength Potion"},{"floor":44,"key":"SteroidPotion"}],"is_trial":false,"path_per_floor":["M","$","?","M","$","E","M","M","T","M","R","?","R","E","R","B",null,"M","$","M","?","?","E","R","?","T","M","R","E","R","?","R","B",null,"M","T","M","M","?","R","E","$","T","E","$","M","R","?","R","B"],"character_chosen":"DEFECT","items_purchased":["Heatsinks","Sunder","White Noise","Apotheosis","Blood Vial","Storm","Capacitor"],"campfire_rested":7,"item_purchase_floors":[2,2,5,19,42,42,45],"current_hp_per_floor":[67,67,67,70,70,48,48,40,40,44,66,66,66,69,69,54,70,72,72,60,60,75,54,75,75,75,75,75,33,55,55,75,49,74,57,57,54,67,62,80,49,49,49,19,19,12,36,36,60,18],"gold":33,"neow_bonus":"HUNDRED_GOLD","is_prod":false,"is_daily":false,"chose_seed":false,"campfire_upgraded":3,"win_rate":0,"timestamp":1533372659,"path_taken":["M","?","?","M","$","E","M","M","T","?","R","?","R","E","R","BOSS","M","$","M","?","?","E","R","?","T","M","R","E","R","?","R","BOSS","M","?","M","?","?","R","E","$","T","E","$","M","R","?","R","BOSS"],"build_version":"2018-08-02","purchased_purges":2,"victory":true,"max_hp_per_floor":[75,75,75,75,75,75,75,75,75,75,75,75,75,75,75,75,75,75,75,75,75,75,75,75,75,75,75,75,75,75,75,75,75,80,80,80,80,80,80,80,80,80,80,80,80,80,80,80,80,80],"card_choices":[{"not_picked":["Compile Driver","Streamline"],"picked":"Self Repair","floor":1.0},{"not_picked":["Leap","Conserve Battery"],"picked":"Storm","floor":4.0},{"not_picked":["Steam","Go for the Eyes"],"picked":"Thunder Strike","floor":6},{"not_picked":["Leap","Hologram"],"picked":"Chill","floor":7},{"not_picked":["Cold Snap","Streamline"],"picked":"White Noise","floor":8},{"not_picked":["Steam","Barrage"],"picked":"Redo","floor":10},{"not_picked":["Tempest","Gash"],"picked":"Force Field","floor":11},{"not_picked":["Beam Cell","Compile Driver"],"picked":"Force Field","floor":14},{"not_picked":["Multi-Cast","Reboot"],"picked":"Electrodynamics","floor":16},{"not_picked":["Coolheaded+1","Cold Snap"],"picked":"White Noise","floor":18},{"not_picked":["Beam Cell","Leap+1","Steam Power+1"],"picked":"SKIP","floor":20},{"not_picked":["Leap+1","Scrape"],"picked":"Reboot","floor":23},{"not_picked":["Barrage+1","Rebound"],"picked":"Defragment","floor":24},{"not_picked":["Static Discharge+1","Blizzard"],"picked":"White Noise","floor":27},{"not_picked":["Rip and Tear","Tempest+1","Skim"],"picked":"SKIP","floor":29},{"not_picked":["Compile Driver","Rebound"],"picked":"Ball Lightning","floor":30},{"not_picked":["Electrodynamics","Fission"],"picked":"Seek","floor":33},{"not_picked":["Steam","Sweeping Beam"],"picked":"Ball Lightning+1","floor":34},{"not_picked":["Rainbow","Stack+1"],"picked":"White Noise","floor":35},{"not_picked":["Rebound+1","Turbo","Sweeping Beam+1"],"picked":"SKIP","floor":37},{"not_picked":["Compile Driver+1","Go for the Eyes+1","Sweeping Beam+1"],"picked":"SKIP","floor":38},{"not_picked":["Transmutation","Enlightenment"],"picked":"Deep Breath","floor":39},{"not_picked":["Trip","Blind"],"picked":"Sadistic Nature","floor":39},{"not_picked":["FTL","Redo+1"],"picked":"Auto Shields+1","floor":40},{"not_picked":["Scrape+1","Turbo+1"],"picked":"Force Field+1","floor":41},{"not_picked":["Conserve Battery","Defragment+1"],"picked":"White Noise+1","floor":44},{"not_picked":["Compile Driver+1","Leap+1"],"picked":"Defragment+1","floor":46},{"not_picked":["Recycle","Hologram+1"],"picked":"BootSequence","floor":47},{"not_picked":["Coolheaded","Go for the Eyes+1"],"picked":"Conserve Battery","floor":49}],"player_experience":623624,"relics_obtained":[{"floor":6,"key":"Dream Catcher"},{"floor":9,"key":"Shuriken"},{"floor":14,"key":"Calipers"},{"floor":23,"key":"War Paint"},{"floor":26,"key":"Oddly Smooth Stone"},{"floor":29,"key":"Vajra"},{"floor":36,"key":"Matryoshka"},{"floor":41,"key":"Ancient Tea Set"},{"floor":43,"key":"Pen Nib"},{"floor":43,"key":"Anchor"},{"floor":44,"key":"Art of War"}],"event_choices":[{"event_name":"World of Goop","player_choice":"Left","floor":3.0,"damage_taken":0.0},{"event_name":"Upgrade Shrine","player_choice":"Upgraded","floor":12,"damage_taken":0},{"event_name":"Vampires","player_choice":"Ignored","floor":21,"damage_taken":0},{"event_name":"The Library","player_choice":"Heal","floor":22,"damage_taken":0},{"event_name":"N\u0027loth","player_choice":"Ignored","floor":25,"damage_taken":0},{"event_name":"Match and Keep!","player_choice":"1 cards matched","floor":31,"damage_taken":0},{"event_name":"SensoryStone","player_choice":"Memory 2","floor":39,"damage_taken":0},{"event_name":"Mysterious Sphere","player_choice":"Ignore","floor":48,"damage_taken":0}],"is_beta":false,"boss_relics":[{"not_picked":["Busted Crown","Pandora\u0027s Box"],"picked":"Cursed Key"},{"not_picked":["Coffee Dripper","Empty Cage"],"picked":"Tiny House"}],"items_purged_floors":[42,45],"is_endless":false,"potions_floor_spawned":[1,4,8,10,16,18,20,23,35,37,44],"ascension_level":9}