{"gold_per_floor":[115,134,149,167,167,167,197,197,197,197,215,119,119,119,119,217,217,227,142,155,70,85,85,419,419,487,487,487,487,487],"floor_reached":30,"playtime":1754,"items_purged":[],"score":394,"play_id":"05a085e7-6caa-41c3-a95b-5939422c8860","local_time":"20181014125716","is_ascension_mode":true,"campfire_choices":[{"data":"Leap","floor":6,"key":"SMITH"},{"data":"Dualcast","floor":8,"key":"SMITH"},{"data":"Bandage Up","floor":13,"key":"SMITH"},{"data":"BootSequence","floor":15,"key":"SMITH"},{"data":"Loop","floor":23,"key":"SMITH"},{"floor":27,"key":"REST"},{"data":"Go for the Eyes","floor":29,"key":"SMITH"}],"neow_cost":"NONE","seed_source_timestamp":1625496188510024,"circlet_count":0,"master_deck":["Strike_B","Strike_B","Strike_B","Strike_B","Defend_B","Defend_B","Defend_B","Defend_B","Zap+1","Dualcast+1","AscendersBane","Compile Driver","Consume+1","Leap+1","BootSequence+1","Bandage Up+1","Core Surge","Loop+1","Ball Lightning","Go for the Eyes+1","Genetic Algorithm","Conserve Battery","Glacier","Writhe"],"special_seed":0,"relics":["Cracked Core","Dead Branch","Prayer Wheel","Turnip","StoneCalendar","Snecko Eye","Calipers","Old Coin","PreservedInsect","Bottled Tornado"],"potions_floor_usage":[7,20,20],"damage_taken":[{"damage":0.0,"enemies":"2 Louse","floor":1.0,"turns":2.0},{"damage":1.0,"enemies":"Cultist","floor":2.0,"turns":3.0},{"damage":7.0,"enemies":"Jaw Worm","floor":3.0,"turns":3.0},{"damage":2.0,"enemies":"Looter","floor":4.0,"turns":4.0},{"damage":14,"enemies":"Gremlin Nob","floor":7,"turns":3},{"damage":4,"enemies":"Blue Slaver","floor":11,"turns":4},{"damage":16,"enemies":"Hexaghost","floor":16,"turns":9},{"damage":0,"enemies":"Spheric Guardian","floor":18,"turns":4},{"damage":19,"enemies":"Shell Parasite","floor":20,"turns":5},{"damage":8,"enemies":"Sentry and Sphere","floor":22,"turns":7},{"damage":41,"enemies":"Slavers","floor":24,"turns":7},{"damage":56,"enemies":"3 Cultists","floor":30,"turns":5}],"seed_played":"-2830000190258527913","potions_obtained":[{"floor":1.0,"key":"FocusPotion"},{"floor":3.0,"key":"Fire Potion"},{"floor":18,"key":"SneckoOil"}],"is_trial":false,"path_per_floor":["M","M","M","M","?","R","E","R","T","T","M","$","R","?","R","B",null,"M","$","M","?","M","R","E","?","T","R","?","R"],"character_chosen":"DEFECT","items_purchased":["Bandage Up","Go for the Eyes","Genetic Algorithm"],"campfire_rested":1,"item_purchase_floors":[12,19,19],"current_hp_per_floor":[68,67,60,58,58,58,44,44,44,44,40,40,40,33,33,23,62,68,68,55,55,53,53,18,18,18,40,40,40,0],"gold":487,"neow_bonus":"UPGRADE_CARD","is_prod":false,"is_daily":false,"chose_seed":false,"campfire_upgraded":6,"win_rate":0,"timestamp":1539493036,"path_taken":["M","M","M","M","?","R","E","R","T","?","M","$","R","?","R","BOSS","M","$","M","?","M","R","E","?","T","R","?","R","?"],"build_version":"2018-10-11","purchased_purges":0,"victory":false,"max_hp_per_floor":[75,75,75,75,75,75,75,75,75,75,75,75,75,75,75,75,75,75,75,75,75,75,75,75,75,75,75,75,75,75],"card_choices":[{"not_picked":["Rip and Tear","Steam"],"picked":"Compile Driver","floor":1.0},{"not_picked":["Compile Driver","Steam"],"picked":"Consume","floor":2.0},{"not_picked":["Coolheaded","Chill"],"picked":"Leap","floor":3.0},{"not_picked":["Rebound","Streamline","Turbo"],"picked":"SKIP","floor":4.0},{"not_picked":["Stack","Barrage","Sweeping Beam"],"picked":"SKIP","floor":7},{"not_picked":["Cold Snap","Tempest"],"picked":"BootSequence","floor":11},{"not_picked":["Chaos","Doom and Gloom","Streamline"],"picked":"SKIP","floor":11},{"not_picked":["Machine Learning","Buffer"],"picked":"Core Surge","floor":16},{"not_picked":["Tempest","Defragment"],"picked":"Loop","floor":18},{"not_picked":["Steam","Rebound"],"picked":"Ball Lightning","floor":18},{"not_picked":["Turbo","Barrage"],"picked":"Conserve Battery","floor":20},{"not_picked":["Steam","Stack"],"picked":"Glacier","floor":20},{"not_picked":["Scrape","Static Discharge","Compile Driver"],"picked":"SKIP","floor":22},{"not_picked":["Gash","Leap","White Noise"],"picked":"SKIP","floor":22},{"not_picked":["Fusion","Steam","Redo"],"picked":"SKIP","floor":24}],"player_experience":493569,"relics_obtained":[{"floor":7,"key":"Dead Branch"},{"floor":9,"key":"Prayer Wheel"},{"floor":10,"key":"Turnip"},{"floor":24,"key":"Old Coin"},{"floor":26,"key":"Bottled Tornado"}],"event_choices":[{"event_name":"Living Wall","player_choice":"Grow","floor":5,"damage_taken":0},{"event_name":"Scrap Ooze","player_choice":"success","floor":14,"damage_taken":7},{"event_name":"Addict","player_choice":"Obtained Relic","floor":21,"damage_taken":0},{"event_name":"The Mausoleum","player_choice":"Yes","floor":25,"damage_taken":0},{"event_name":"Ghosts","player_choice":"Ignored","floor":28,"damage_taken":0}],"is_beta":true,"boss_relics":[{"not_picked":["Philosopher\u0027s Stone","Nuclear Battery"],"picked":"Snecko Eye"}],"items_purged_floors":[],"is_endless":false,"potions_floor_spawned":[1,3,18],"killed_by":"3 Cultists","ascension_level":12}