{"path_per_floor":["M","M","?","?","M","E","M","M","T","R","?","M","R","M","R","B",null,"M","M","$","?","M","R","E","?","T","M","M","R","?","M","R"],"character_chosen":"IRONCLAD","items_purchased":["Whetstone","War Paint"],"gold_per_floor":[116,133,133,308,326,356,366,383,383,383,405,420,420,439,439,537,537,549,569,203,203,216,216,242,242,242,261,275,275,175,191,191],"floor_reached":33,"campfire_rested":3,"playtime":2435,"current_hp_per_floor":[74,67,67,67,73,42,44,49,49,73,78,79,79,82,82,51,86,72,75,75,75,74,74,36,36,36,36,33,59,59,44,70],"items_purged":["Parasite"],"gold":191,"play_id":"b2ca1320-b579-4f81-974a-cc9f4f4b7154","is_prod":false,"is_daily":false,"is_ascension_mode":false,"campfire_upgraded":3,"path_taken":["M","M","?","?","M","E","?","M","T","R","?","M","R","M","R","BOSS","M","M","$","?","?","R","E","?","T","M","M","R","?","?","R","BOSS"],"build_version":"2018-01-25-PROD3","purchased_purges":1,"victory":false,"master_deck":["Strike_R","Strike_R","Strike_R","Strike_R+1","Strike_R","Defend_R+1","Defend_R","Defend_R+1","Defend_R","Bash","Headbutt+1","Flame Barrier","Doubt","Iron Wave","Burning Pact","Iron Wave","Feed+1","Inflame+1","Armaments","Infernal Blade+1","Bludgeon","Doubt","Pummel+1","Heavy Blade+1","Iron Wave+1","Seeing Red+1","Decay","Clothesline","Uppercut","Anger+1","J.A.X.","Perfected Strike+1"],"max_hp_per_floor":[80,80,80,80,80,80,80,80,80,80,83,86,86,86,86,86,86,86,90,87,87,87,87,87,87,87,87,87,87,87,87,87],"relics":["Burning Blood","Bag of Preparation","Bronze Scales","Ginger","Odd Mushroom","Calling Bell","Oddly Smooth Stone","Letter Opener","Mercury Hourglass","Whetstone","War Paint","Prayer Wheel","Shovel"],"card_choices":[{"not_picked":["Pummel","Flex"],"picked":"Headbutt"},{"not_picked":["Battle Trance","Uppercut"],"picked":"Flame Barrier"},{"not_picked":["Perfected Strike","Power Through"],"picked":"Iron Wave"},{"not_picked":["Warcry","Bloodletting"],"picked":"Burning Pact"},{"not_picked":["Sever Soul","Flame Barrier"],"picked":"Iron Wave"},{"not_picked":["Disarm","Twin Strike"],"picked":"Feed"},{"not_picked":["Iron Wave","Dual Wield"],"picked":"Inflame"},{"not_picked":["Sword Boomerang","Limit Break"],"picked":"Armaments"},{"not_picked":["Twin Strike","Clothesline"],"picked":"Infernal Blade"},{"not_picked":["Limit Break","Impervious"],"picked":"Bludgeon"},{"not_picked":["Whirlwind","Burning Pact"],"picked":"Pummel"},{"not_picked":["Infernal Blade","Disarm"],"picked":"Heavy Blade"},{"not_picked":["Feel No Pain","Perfected Strike"],"picked":"Iron Wave"},{"not_picked":["Thunderclap","Perfected Strike"],"picked":"Seeing Red"},{"not_picked":["Pummel","Twin Strike"],"picked":"Clothesline"},{"not_picked":["Body Slam","Pommel Strike"],"picked":"Uppercut"},{"not_picked":["Shrug It Off","Thunderclap"],"picked":"Anger"},{"not_picked":["Offering","Disarm"],"picked":"Perfected Strike"}],"player_experience":50026,"potions_floor_usage":[6,16,16,16,28],"damage_taken":[{"damage":12,"enemies":"Small Slimes","floor":1,"turns":4},{"damage":13,"enemies":"Blue Slaver","floor":2,"turns":5},{"damage":0,"enemies":"Cultist","floor":5,"turns":5},{"damage":37,"enemies":"Gremlin Nob","floor":6,"turns":7},{"damage":4,"enemies":"Exordium Wildlife","floor":7,"turns":4},{"damage":1,"enemies":"3 Louse","floor":8,"turns":2},{"damage":4,"enemies":"The Mushroom Lair","floor":11,"turns":5},{"damage":8,"enemies":"Lots of Slimes","floor":12,"turns":3},{"damage":3,"enemies":"2 Fungi Beasts","floor":14,"turns":3},{"damage":37,"enemies":"Hexaghost","floor":16,"turns":9},{"damage":20,"enemies":"Chosen","floor":18,"turns":5},{"damage":7,"enemies":"3 Byrds","floor":19,"turns":3},{"damage":13,"enemies":"Snake Plant","floor":22,"turns":4},{"damage":44,"enemies":"Gremlin Leader","floor":24,"turns":7},{"damage":6,"enemies":"Snecko","floor":27,"turns":3},{"damage":9,"enemies":"Sentry and Sphere","floor":28,"turns":3},{"damage":21,"enemies":"Snake Plant","floor":31,"turns":3},{"damage":71,"enemies":"Champ","floor":33,"turns":14}],"event_choices":[{"event_name":"Purifier","player_choice":"Skipped","floor":3,"damage_taken":0},{"event_name":"Liars Game","player_choice":"agreed","floor":4,"damage_taken":0},{"event_name":"Mushrooms","player_choice":"Fought Mushrooms","floor":11,"damage_taken":0},{"event_name":"Back to Basics","player_choice":"Elegance","floor":21,"damage_taken":0},{"event_name":"Forgotten Altar","player_choice":"Smashed Altar","floor":25,"damage_taken":0},{"event_name":"Drug Dealer","player_choice":"Got JAXXED","floor":30,"damage_taken":0}],"boss_relics":[{"not_picked":["Snecko Eye","Question Card"],"picked":"Calling Bell"}],"potions_floor_spawned":[5,6,7,11,12,24],"seed_played":"-3527209446025668399","killed_by":"Champ","ascension_level":0,"is_trial":false}