{"gold_per_floor":[115,115,133,133,154,154,195,216,266,300,153,123],"floor_reached":12,"playtime":703,"items_purged":["Strike_G"],"score":145,"play_id":"20ee6061-a309-4636-b695-36be15cae711","local_time":"20181108144159","is_ascension_mode":true,"campfire_choices":[{"data":"Neutralize","floor":6,"key":"SMITH"}],"neow_cost":"NONE","seed_source_timestamp":1295394983018258,"circlet_count":0,"master_deck":["AscendersBane","Defend_G","Defend_G","Defend_G","Defend_G","Defend_G","Strike_G","Strike_G","Strike_G","Strike_G","Survivor","Neutralize+1","Infinite Blades","Dagger Spray","Sucker Punch","Infinite Blades","Noxious Fumes"],"relics":["Coffee Dripper","Golden Idol","Shuriken","Bag of Preparation","Dream Catcher"],"potions_floor_usage":[7],"damage_taken":[{"damage":2,"enemies":"Jaw Worm","floor":1,"turns":5},{"damage":7,"enemies":"Small Slimes","floor":3,"turns":4},{"damage":3,"enemies":"2 Louse","floor":5,"turns":4},{"damage":18,"enemies":"Lagavulin","floor":7,"turns":7},{"damage":5,"enemies":"Lots of Slimes","floor":8,"turns":3},{"damage":20,"enemies":"Gremlin Nob","floor":10,"turns":4},{"damage":9,"enemies":"Exordium Thugs","floor":12,"turns":3}],"seed_played":"5117014131944708578","potions_obtained":[{"floor":1,"key":"Energy Potion"},{"floor":3,"key":"SkillPotion"}],"is_trial":false,"path_per_floor":["M","$","M","?","M","R","E","M","T","E","$","M"],"character_chosen":"THE_SILENT","items_purchased":["Noxious Fumes"],"campfire_rested":0,"item_purchase_floors":[11],"current_hp_per_floor":[61,61,54,54,51,51,33,28,28,8,8,0],"gold":123,"neow_bonus":"BOSS_RELIC","is_prod":false,"is_daily":false,"chose_seed":false,"campfire_upgraded":1,"win_rate":0,"timestamp":1541659319,"path_taken":["M","$","M","?","M","R","E","M","T","E","$","M"],"build_version":"2018-11-06","purchased_purges":1,"victory":false,"max_hp_per_floor":[70,70,70,65,65,65,65,65,65,65,65,65],"card_choices":[{"not_picked":["Acrobatics","Well Laid Plans"],"picked":"Infinite Blades","floor":1},{"not_picked":["Calculated Gamble","Bouncing Flask"],"picked":"Dagger Spray","floor":3},{"not_picked":["Outmaneuver","Masterful Stab","Underhanded Strike"],"picked":"SKIP","floor":5},{"not_picked":["Slice","Escape Plan"],"picked":"Sucker Punch","floor":7},{"not_picked":["Deadly Poison","Flying Knee"],"picked":"Infinite Blades","floor":8},{"not_picked":["Prepared","Slice","Distraction"],"picked":"SKIP","floor":10}],"player_experience":504418,"relics_obtained":[{"floor":7,"key":"Shuriken"},{"floor":9,"key":"Bag of Preparation"},{"floor":10,"key":"Dream Catcher"}],"event_choices":[{"damage_healed":0,"gold_gain":0,"player_choice":"Lose Max HP","damage_taken":0,"relics_obtained":["Golden Idol"],"max_hp_gain":0,"max_hp_loss":5,"event_name":"Golden Idol","floor":4,"gold_loss":0}],"is_beta":true,"boss_relics":[],"items_purged_floors":[11],"is_endless":false,"potions_floor_spawned":[1,3],"killed_by":"Exordium Thugs","ascension_level":13}