{"gold_per_floor":[114,127,127,8,24,24,49,49,102,102,49,82,82,102,102,173,173,192,210,210],"floor_reached":20,"playtime":512,"items_purged":["Pain"],"score":364,"play_id":"73ccab2c-549f-4697-b0a2-ab0241d22ab9","local_time":"20190307163947","is_ascension_mode":true,"campfire_choices":[{"data":"Loop","floor":6,"key":"SMITH"},{"data":"Zap","floor":8,"key":"SMITH"},{"data":"Dualcast","floor":13,"key":"SMITH"},{"data":"Reboot","floor":15,"key":"SMITH"}],"neow_cost":"NONE","seed_source_timestamp":4270097779300,"circlet_count":0,"master_deck":["AscendersBane","Strike_B","Strike_B","Strike_B","Strike_B","Defend_B","Defend_B","Defend_B","Zap+1","Dualcast+1","Cold Snap","Gash","Loop+1","Chill","Reboot+1","Gash","Cold Snap","Electrodynamics","Chill+1"],"relics":["Cracked Core","NeowsBlessing","WarpedTongs","Dream Catcher","Regal Pillow","Ancient Tea Set","Black Star"],"potions_floor_usage":[7,18],"damage_taken":[{"damage":0,"enemies":"Cultist","floor":1,"turns":1},{"damage":0,"enemies":"Jaw Worm","floor":2,"turns":1},{"damage":0,"enemies":"2 Louse","floor":5,"turns":1},{"damage":26,"enemies":"Gremlin Nob","floor":7,"turns":4},{"damage":4,"enemies":"3 Sentries","floor":12,"turns":7},{"damage":2,"enemies":"2 Fungi Beasts","floor":14,"turns":3},{"damage":18,"enemies":"Hexaghost","floor":16,"turns":9},{"damage":22,"enemies":"3 Byrds","floor":18,"turns":4},{"damage":26,"enemies":"Shell Parasite","floor":19,"turns":6}],"seed_played":"-1079396495726544777","potions_obtained":[{"floor":1,"key":"Ancient Potion"},{"floor":7,"key":"Block Potion"},{"floor":16,"key":"Block Potion"}],"is_trial":false,"path_per_floor":["M","M","?","$","M","R","E","R","T","?","$","E","R","M","R","B",null,"M","M","?"],"character_chosen":"DEFECT","items_purchased":["Loop","Gash"],"campfire_rested":0,"item_purchase_floors":[4,11],"current_hp_per_floor":[64,64,64,64,64,64,38,38,38,31,31,27,27,25,25,7,55,33,7,0],"gold":210,"neow_bonus":"THREE_ENEMY_KILL","is_prod":false,"is_daily":false,"chose_seed":false,"campfire_upgraded":4,"win_rate":0,"timestamp":1551944387,"path_taken":["M","M","?","$","?","R","E","R","T","?","$","E","R","M","R","BOSS","M","M","?"],"build_version":"2019-01-23","purchased_purges":1,"victory":false,"max_hp_per_floor":[71,71,71,71,71,71,71,71,71,71,71,71,71,71,71,71,71,71,71,71],"card_choices":[{"not_picked":["Doom and Gloom","Compile Driver"],"picked":"Cold Snap","floor":1},{"not_picked":["Ball Lightning","Sweeping Beam"],"picked":"Gash","floor":2},{"not_picked":["Stack","Go for the Eyes"],"picked":"Chill","floor":5},{"not_picked":["Static Discharge","Steam"],"picked":"Reboot","floor":7},{"not_picked":["Lockon","Turbo"],"picked":"Cold Snap","floor":12},{"not_picked":["Leap","Sweeping Beam","Reinforced Body"],"picked":"SKIP","floor":14},{"not_picked":["Thunder Strike","Multi-Cast"],"picked":"Electrodynamics","floor":16},{"not_picked":["Stack+1","Hologram"],"picked":"Chill+1","floor":18},{"not_picked":["Compile Driver","Leap","Rebound"],"picked":"SKIP","floor":19}],"player_experience":2048892,"relics_obtained":[{"floor":7,"key":"Dream Catcher"},{"floor":9,"key":"Regal Pillow"},{"floor":12,"key":"Ancient Tea Set"}],"event_choices":[{"damage_healed":0,"gold_gain":0,"player_choice":"Rummage","damage_taken":0,"relics_obtained":["WarpedTongs"],"max_hp_gain":0,"max_hp_loss":0,"event_name":"Accursed Blacksmith","floor":3,"gold_loss":0,"cards_obtained":["Pain"]},{"cards_removed":["Defend_B"],"damage_healed":0,"gold_gain":0,"player_choice":"Card Removal","damage_taken":7,"max_hp_gain":0,"max_hp_loss":0,"event_name":"Golden Wing","floor":10,"gold_loss":0}],"is_beta":false,"boss_relics":[{"not_picked":["Velvet Choker","Calling Bell"],"picked":"Black Star"}],"items_purged_floors":[4],"is_endless":false,"potions_floor_spawned":[1,7,16],"ascension_level":20}