{"path_per_floor":["M","?","?","?","M","R","M","R","T","R","M","$","R","M","R","B",null,"M","M","?"],"character_chosen":"IRONCLAD","items_purchased":["Clash"],"gold_per_floor":[116,116,116,116,132,132,144,144,144,144,156,32,32,51,51,151,151,125,136,136],"floor_reached":21,"campfire_rested":0,"playtime":1016,"current_hp_per_floor":[74,67,67,67,73,73,79,79,79,79,80,80,80,80,80,31,68,43,17,17],"items_purged":["Strike_R"],"gold":136,"score":219,"play_id":"b71cbe5e-5643-446f-bfae-5abfa3d60c33","local_time":"20180310200253","is_prod":false,"is_daily":false,"is_ascension_mode":true,"campfire_upgraded":5,"timestamp":1520704973,"path_taken":["M","?","?","?","M","R","M","R","T","R","M","$","R","M","R","BOSS","M","M","?","?"],"build_version":"2018-03-09","purchased_purges":1,"victory":false,"master_deck":["Strike_R","Strike_R","Strike_R","Strike_R","Defend_R+1","Defend_R","Defend_R","Bash+1","Iron Wave+1","Metallicize+1","Clash+1","Writhe","Doubt","Pain","Clash+1"],"max_hp_per_floor":[80,80,80,80,80,80,80,80,80,80,80,80,80,80,80,80,80,80,80,80],"relics":["Burning Blood","Thread and Needle","Spirit Poop","Sundial","Calling Bell","Happy Flower","Frozen Egg 2","Toolbox","Ice Cream"],"card_choices":[{"not_picked":["Perfected Strike","Havoc"],"picked":"Iron Wave"},{"not_picked":["Double Tap","Uppercut"],"picked":"Metallicize"},{"not_picked":["Entrench","Carnage"],"picked":"Clash"}],"player_experience":270780,"potions_floor_usage":[5,16,16,18,19,19],"damage_taken":[{"damage":4,"enemies":"Jaw Worm","floor":1,"turns":5},{"damage":0,"enemies":"2 Louse","floor":5,"turns":2},{"damage":0,"enemies":"Small Slimes","floor":7,"turns":3},{"damage":0,"enemies":"Looter","floor":11,"turns":4},{"damage":0,"enemies":"3 Louse","floor":14,"turns":4},{"damage":55,"enemies":"Hexaghost","floor":16,"turns":9},{"damage":31,"enemies":"2 Thieves","floor":18,"turns":5},{"damage":32,"enemies":"Spheric Guardian","floor":19,"turns":8},{"damage":20,"enemies":"Snake Plant","floor":21,"turns":4}],"event_choices":[{"event_name":"Golden Wing","player_choice":"Card Removal","floor":2,"damage_taken":0},{"event_name":"Big Fish","player_choice":"Box","floor":3,"damage_taken":0},{"event_name":"Bonfire Elementals","player_choice":"CURSE","floor":4,"damage_taken":0},{"event_name":"The Mausoleum","player_choice":"Yes","floor":20,"damage_taken":0}],"boss_relics":[{"not_picked":["Astrolabe","Mark of Pain"],"picked":"Calling Bell"}],"potions_floor_spawned":[11,14,16,18],"seed_played":"-2234477263149982453","killed_by":"Snake Plant","ascension_level":6,"is_trial":false}