{"path_per_floor":["M","?","?","M","M","R","E","R","T","$","R","E","M","M","R","B",null,"M","M","$","?","M","R","E","M","T","E","$","R","E","M","R","B",null,"M","?","M","$","M","E","R","E","T","?","?","T","M","M","R"],"character_chosen":"THE_SILENT","items_purchased":["Flying Knee","Apotheosis","Meat on the Bone","Block Potion"],"gold_per_floor":[114,114,64,78,96,96,127,127,178,103,103,131,142,159,159,258,258,278,294,144,144,159,159,187,197,197,227,68,68,101,121,121,226,226,239,239,252,10,20,46,46,378,428,428,428,503,517,535,535],"floor_reached":50,"campfire_rested":2,"playtime":4097,"current_hp_per_floor":[70,63,63,65,67,67,46,46,46,46,46,61,63,65,65,6,54,56,50,50,50,44,44,44,46,46,48,48,48,42,38,59,32,61,48,48,49,49,42,24,24,15,15,61,61,61,46,42,60],"items_purged":["Strike_G","Strike_G"],"gold":535,"score":769,"play_id":"92823a19-e0a0-4d27-b089-7a5d048f7990","local_time":"20180305152336","is_prod":false,"is_daily":false,"is_ascension_mode":true,"campfire_upgraded":7,"timestamp":1520234616,"path_taken":["M","?","?","M","M","R","E","R","T","?","R","E","M","M","R","BOSS","M","?","$","?","M","R","E","M","T","E","$","R","E","?","R","BOSS","M","?","M","$","M","E","R","E","T","?","?","?","M","M","R","BOSS"],"build_version":"2018-03-02-BETA2","purchased_purges":3,"victory":false,"master_deck":["Defend_G+1","Defend_G","Defend_G","Survivor+1","Neutralize+1","Dagger Spray+1","Footwork+1","Escape Plan","Adrenaline","Predator+1","Tools of the Trade+1","Endless Agony+1","Backstab+1","Masterful Stab+1","Dodge and Roll+1","Well Laid Plans+1","Flying Knee","Underhanded Strike","Die Die Die","Malaise+1","Tactician+1","Outmaneuver+1","Terror+1","Acrobatics+1","Flechettes+1","Noxious Fumes+1","Noxious Fumes+1","Dagger Throw+1","Bane","Deadly Poison+1","PiercingWail+1","Sucker Punch+1"],"max_hp_per_floor":[70,70,70,70,70,70,70,70,70,70,70,70,70,70,70,70,70,70,70,70,70,70,70,70,70,70,70,70,70,70,70,70,70,70,70,70,70,70,70,70,70,70,70,61,61,61,61,61,61],"relics":["Ring of the Snake","War Paint","Blood Vial","Torii","Prayer Wheel","Ancient Tea Set","Astrolabe","The Courier","Gambling Chip","Frozen Egg 2","Snake Skull","Orrery","Meat on the Bone","Vajra","Old Coin","Dream Catcher","Toolbox"],"card_choices":[{"not_picked":["Poisoned Stab","Sucker Punch"],"picked":"Dagger Spray"},{"not_picked":["Backflip","Accuracy"],"picked":"Footwork"},{"not_picked":["Dagger Throw","Heel Hook"],"picked":"Escape Plan"},{"not_picked":["Accuracy","Deadly Poison"],"picked":"Adrenaline"},{"not_picked":["PiercingWail","Dagger Spray"],"picked":"Predator"},{"not_picked":["A Thousand Cuts","Wraith Form"],"picked":"Tools of the Trade"},{"not_picked":["Slice","Deadly Poison"],"picked":"Dodge and Roll"},{"not_picked":["Deadly Poison","Quick Slash"],"picked":"Well Laid Plans"},{"not_picked":["Backflip","Riddle With Holes"],"picked":"Underhanded Strike"},{"not_picked":["Sucker Punch","Quick Slash"],"picked":"Die Die Die"},{"not_picked":["Underhanded Strike","Deflect"],"picked":"Malaise"},{"not_picked":["Storm of Steel","Unload"],"picked":"Tactician"},{"not_picked":["Flying Knee","Bane"],"picked":"Outmaneuver"},{"not_picked":["Setup","Leg Sweep"],"picked":"Terror"},{"not_picked":["Bane","Caltrops"],"picked":"Acrobatics"},{"not_picked":["Cloak And Dagger","Predator"],"picked":"Flechettes"},{"not_picked":["Quick Slash","Dagger Throw"],"picked":"Noxious Fumes"},{"not_picked":["Outmaneuver","Endless Agony"],"picked":"Noxious Fumes"},{"not_picked":["Tactician","Deflect"],"picked":"Dagger Throw"},{"not_picked":["Flying Knee","Prepared"],"picked":"Deadly Poison"},{"not_picked":["Underhanded Strike","Outmaneuver"],"picked":"PiercingWail"},{"not_picked":["Noxious Fumes","All Out Attack"],"picked":"Sucker Punch"}],"player_experience":155949,"potions_floor_usage":[40,42,50,50,50],"damage_taken":[{"damage":0.0,"enemies":"2 Louse","floor":1.0,"turns":4.0},{"damage":0.0,"enemies":"Small Slimes","floor":4.0,"turns":4.0},{"damage":0.0,"enemies":"Jaw Worm","floor":5.0,"turns":5.0},{"damage":23.0,"enemies":"3 Sentries","floor":7.0,"turns":9.0},{"damage":2.0,"enemies":"Lagavulin","floor":12.0,"turns":11.0},{"damage":0.0,"enemies":"Gremlin Gang","floor":13.0,"turns":3.0},{"damage":0.0,"enemies":"3 Louse","floor":14.0,"turns":2.0},{"damage":61.0,"enemies":"Hexaghost","floor":16.0,"turns":16.0},{"damage":0.0,"enemies":"3 Byrds","floor":18.0,"turns":2.0},{"damage":8.0,"enemies":"Chosen","floor":19.0,"turns":6.0},{"damage":8.0,"enemies":"Snake Plant","floor":22.0,"turns":4.0},{"damage":2.0,"enemies":"Book of Stabbing","floor":24.0,"turns":4.0},{"damage":0.0,"enemies":"Chosen and Byrds","floor":25.0,"turns":3.0},{"damage":0.0,"enemies":"Gremlin Leader","floor":27.0,"turns":7.0},{"damage":8.0,"enemies":"Slavers","floor":30.0,"turns":2.0},{"damage":6.0,"enemies":"3 Cultists","floor":31.0,"turns":4.0},{"damage":29.0,"enemies":"Automaton","floor":33.0,"turns":11.0},{"damage":15,"enemies":"3 Shapes","floor":35,"turns":5},{"damage":1,"enemies":"3 Darklings","floor":37,"turns":6},{"damage":21,"enemies":"Flame Bruiser 2 Orb","floor":39,"turns":4},{"damage":32,"enemies":"Nemesis","floor":40,"turns":7},{"damage":23,"enemies":"2 Orb Walkers","floor":42,"turns":4},{"damage":15,"enemies":"Sphere and 2 Shapes","floor":47,"turns":4},{"damage":6,"enemies":"4 Shapes","floor":48,"turns":6},{"damage":65,"enemies":"Awakened One","floor":50,"turns":6}],"event_choices":[{"event_name":"Scrap Ooze","player_choice":"success","floor":2.0,"damage_taken":7.0},{"event_name":"The Cleric","player_choice":"Card Removal","floor":3.0,"damage_taken":0.0},{"event_name":"The Woman in Blue","player_choice":"Bought 0 Potions","floor":21.0,"damage_taken":0.0},{"event_name":"The Moai Head","player_choice":"Heal","floor":44,"damage_taken":0},{"event_name":"Transmorgrifier","player_choice":"Transform","floor":45,"damage_taken":0}],"boss_relics":[{"not_picked":["Tiny House","Runic Pyramid"],"picked":"Orrery"}],"potions_floor_spawned":[4,12,13,16,24,25,30,37,47,48],"seed_played":"-5247194343788305941","killed_by":"Awakened One","ascension_level":5,"is_trial":false}