{"gold_per_floor":[115,115,115,40,54,54,86,86,86,86,105,255,99,374,374,453,453,466,466,516,86,1,1,12,12],"floor_reached":25,"playtime":686,"items_purged":["Doubt","Regret"],"score":390,"play_id":"a469133b-8a1f-42e3-b037-dc3c71538053","local_time":"20190421194145","is_ascension_mode":true,"campfire_choices":[{"data":"Twin Strike","floor":6,"key":"SMITH"},{"data":"Whirlwind","floor":8,"key":"SMITH"},{"data":"Carnage","floor":15,"key":"SMITH"},{"floor":23,"key":"REST"}],"neow_cost":"NONE","seed_source_timestamp":488442231709200,"circlet_count":0,"master_deck":["AscendersBane","Strike_R","Strike_R","Defend_R","Defend_R","Defend_R","Defend_R","Bash","Battle Trance","Twin Strike+1","Whirlwind+1","Evolve","Carnage+1","Feed","Pain","Injury","Injury","Burning Pact"],"relics":["Velvet Choker","Pear","Pantograph","Calling Bell","Bag of Preparation","Shuriken","Shovel","Happy Flower","Regal Pillow","Pen Nib"],"potions_floor_usage":[25,25],"damage_taken":[{"damage":2,"enemies":"Jaw Worm","floor":1,"turns":3},{"damage":0,"enemies":"2 Louse","floor":5,"turns":3},{"damage":8,"enemies":"Gremlin Nob","floor":7,"turns":3},{"damage":2,"enemies":"Small Slimes","floor":11,"turns":3},{"damage":61,"enemies":"The Guardian","floor":16,"turns":9},{"damage":32,"enemies":"Spheric Guardian","floor":18,"turns":4},{"damage":3,"enemies":"3 Byrds","floor":24,"turns":4},{"damage":30,"enemies":"Book of Stabbing","floor":25,"turns":4}],"seed_played":"8715684933538430207","potions_obtained":[{"floor":5,"key":"SpeedPotion"},{"floor":16,"key":"SteroidPotion"}],"is_trial":false,"path_per_floor":["M","?","?","?","M","R","E","R","T","$","M","?","$","?","R","B",null,"M","?","?","$","?","R","M","E"],"character_chosen":"IRONCLAD","items_purchased":["Carnage","Happy Flower","Regal Pillow"],"campfire_rested":1,"item_purchase_floors":[13,21,21],"current_hp_per_floor":[66,59,59,59,59,59,61,61,61,61,59,59,59,59,59,23,70,38,13,13,13,13,55,52,22],"gold":12,"neow_bonus":"BOSS_RELIC","is_prod":false,"is_daily":false,"chose_seed":false,"campfire_upgraded":3,"win_rate":0,"timestamp":1555843305,"path_taken":["M","?","?","?","M","R","E","R","T","?","?","?","$","?","R","BOSS","M","?","?","$","?","R","?","E"],"build_version":"2019-01-23","purchased_purges":2,"victory":false,"max_hp_per_floor":[75,75,75,75,75,75,85,85,85,85,85,85,85,85,85,85,85,85,90,90,90,90,90,90,90],"card_choices":[{"not_picked":["Iron Wave","Heavy Blade","Twin Strike"],"picked":"SKIP","floor":1},{"not_picked":["Wild Strike","Anger"],"picked":"Twin Strike","floor":5},{"not_picked":["Iron Wave","Dual Wield"],"picked":"Whirlwind","floor":7},{"not_picked":["Clothesline","Headbutt"],"picked":"Evolve","floor":11},{"not_picked":["Impervious","Berserk"],"picked":"Feed","floor":16},{"not_picked":["Battle Trance","Carnage"],"picked":"Burning Pact","floor":18},{"not_picked":["Flex","Twin Strike","Bloodletting"],"picked":"SKIP","floor":24}],"player_experience":3283240,"relics_obtained":[{"floor":7,"key":"Pear"},{"floor":9,"key":"Pantograph"},{"floor":17,"key":"Bag of Preparation"},{"floor":17,"key":"Shuriken"},{"floor":17,"key":"Shovel"}],"event_choices":[{"cards_removed":["Strike_R"],"damage_healed":0,"gold_gain":0,"player_choice":"Card Removal","damage_taken":7,"max_hp_gain":0,"max_hp_loss":0,"event_name":"Golden Wing","floor":2,"gold_loss":0},{"damage_healed":0,"gold_gain":0,"cards_transformed":["Strike_R"],"player_choice":"Change","damage_taken":0,"max_hp_gain":0,"max_hp_loss":0,"event_name":"Living Wall","floor":3,"gold_loss":0,"cards_obtained":["Battle Trance"]},{"cards_removed":["Strike_R"],"damage_healed":0,"gold_gain":0,"player_choice":"Card Removal","damage_taken":0,"max_hp_gain":0,"max_hp_loss":0,"event_name":"The Cleric","floor":4,"gold_loss":75},{"damage_healed":0,"gold_gain":150,"player_choice":"AGREE","damage_taken":0,"max_hp_gain":0,"max_hp_loss":0,"event_name":"Liars Game","floor":12,"gold_loss":0,"cards_obtained":["Doubt"]},{"damage_healed":0,"gold_gain":275,"player_choice":"Desecrate","damage_taken":0,"max_hp_gain":0,"max_hp_loss":0,"event_name":"Golden Shrine","floor":14,"gold_loss":0,"cards_obtained":["Regret"]},{"damage_healed":0,"gold_gain":0,"player_choice":"Shed Blood","damage_taken":30,"max_hp_gain":5,"max_hp_loss":0,"event_name":"Forgotten Altar","floor":19,"gold_loss":0},{"damage_healed":0,"gold_gain":50,"player_choice":"Stole From Cult","damage_taken":0,"max_hp_gain":0,"max_hp_loss":0,"event_name":"Nest","floor":20,"gold_loss":0},{"damage_healed":0,"gold_gain":0,"player_choice":"Obtained Relic","damage_taken":0,"relics_obtained":["Pen Nib"],"max_hp_gain":0,"max_hp_loss":0,"event_name":"Addict","floor":22,"gold_loss":85}],"is_beta":false,"boss_relics":[{"not_picked":["Philosopher\u0027s Stone","Cursed Key"],"picked":"Calling Bell"}],"items_purged_floors":[13,21],"is_endless":false,"potions_floor_spawned":[5,16,18,24],"killed_by":"Book of Stabbing","ascension_level":20}