{"gold_per_floor":[113,188,463,482,499,528,528,545,592,592,2,37,37],"floor_reached":13,"playtime":293,"items_purged":["Regret"],"score":186,"play_id":"c178861b-e8ea-4c09-9281-d127de50693a","local_time":"20190304160827","is_ascension_mode":true,"campfire_choices":[{"data":"Zap","floor":7,"key":"SMITH"},{"data":"Beam Cell","floor":10,"key":"SMITH"}],"neow_cost":"NONE","seed_source_timestamp":230684625872500,"circlet_count":0,"master_deck":["AscendersBane","Strike_B","Strike_B","Strike_B","Strike_B","Defend_B","Defend_B+1","Defend_B","Defend_B+1","Zap+1","Dualcast","Cold Snap","Self Repair","FTL","Capacitor","Beam Cell+1","Panacea","Ball Lightning"],"relics":["Cracked Core","NeowsBlessing","The Courier","Vajra","Letter Opener","Pantograph","War Paint"],"potions_floor_usage":[6,8,12],"damage_taken":[{"damage":0,"enemies":"Small Slimes","floor":1,"turns":1},{"damage":0,"enemies":"Cultist","floor":4,"turns":1},{"damage":0,"enemies":"Jaw Worm","floor":5,"turns":1},{"damage":28,"enemies":"Lagavulin","floor":6,"turns":7},{"damage":2,"enemies":"Looter","floor":8,"turns":4},{"damage":32,"enemies":"Gremlin Nob","floor":12,"turns":4},{"damage":0,"enemies":"Exordium Thugs","floor":13,"turns":1}],"seed_played":"-989751286594270775","potions_obtained":[{"floor":4,"key":"Fire Potion"},{"floor":6,"key":"AttackPotion"},{"floor":12,"key":"EssenceOfSteel"}],"is_trial":false,"path_per_floor":["M","?","?","M","M","E","R","M","T","R","$","E","M"],"character_chosen":"DEFECT","items_purchased":["Panacea","PowerPotion","Letter Opener","Pantograph"],"campfire_rested":0,"item_purchase_floors":[11,11,11,11],"current_hp_per_floor":[64,53,53,53,53,32,32,37,37,37,37,12,12],"gold":37,"neow_bonus":"THREE_ENEMY_KILL","is_prod":false,"is_daily":false,"chose_seed":false,"campfire_upgraded":2,"win_rate":0,"timestamp":1551683307,"path_taken":["M","?","?","?","M","E","R","M","T","R","$","E","M"],"build_version":"2019-01-23","purchased_purges":1,"victory":false,"max_hp_per_floor":[71,71,71,71,71,71,71,71,71,71,71,71,71],"card_choices":[{"not_picked":["Reinforced Body","Coolheaded"],"picked":"Cold Snap","floor":1},{"not_picked":["Leap","Compile Driver"],"picked":"Self Repair","floor":4},{"not_picked":["Recycle","Self Repair"],"picked":"FTL","floor":5},{"not_picked":["Aggregate","Streamline"],"picked":"Capacitor","floor":6},{"not_picked":["Turbo","Compile Driver"],"picked":"Beam Cell","floor":8},{"not_picked":["Streamline","Auto Shields"],"picked":"Ball Lightning","floor":12}],"player_experience":2001511,"relics_obtained":[{"floor":6,"key":"The Courier"},{"floor":9,"key":"Vajra"},{"floor":12,"key":"War Paint"}],"event_choices":[{"damage_healed":0,"gold_gain":75,"player_choice":"Gather Gold","damage_taken":11,"max_hp_gain":0,"max_hp_loss":0,"event_name":"World of Goop","floor":2,"gold_loss":0},{"damage_healed":0,"gold_gain":275,"player_choice":"Desecrate","damage_taken":0,"max_hp_gain":0,"max_hp_loss":0,"event_name":"Golden Shrine","floor":3,"gold_loss":0,"cards_obtained":["Regret"]}],"is_beta":false,"boss_relics":[],"items_purged_floors":[11],"is_endless":false,"potions_floor_spawned":[4,6,12],"killed_by":"Exordium Thugs","ascension_level":20}