{"gold_per_floor":[109,127,127,127,143,143,178,143,143,143,143,143,156,196,196,315,315,335,260,21,21,46,46,82,82,82,103,202,88,128,20,20,20],"floor_reached":33,"playtime":786,"items_purged":["Pain"],"score":350,"play_id":"913c22d0-a4b7-4c9c-afbd-33ae7bfa6541","local_time":"20190216140637","is_ascension_mode":true,"campfire_choices":[{"data":"Rip and Tear","floor":6,"key":"SMITH"},{"data":"Barrage","floor":10,"key":"SMITH"},{"data":"Capacitor","floor":15,"key":"SMITH"},{"data":"Streamline","floor":23,"key":"SMITH"},{"floor":25,"key":"REST"},{"data":"Loop","floor":32,"key":"SMITH"}],"neow_cost":"NONE","seed_source_timestamp":187685415323600,"circlet_count":0,"master_deck":["Strike_B","Strike_B","Defend_B","Defend_B","Defend_B+1","Defend_B","Zap+1","Dualcast","Rip and Tear+1","Reboot","Capacitor+1","Barrage+1","Streamline+1","BootSequence","Compile Driver+1","Cold Snap","FTL","Barrage+1","Defragment+1","Loop","Loop+1","Blizzard"],"relics":["Cracked Core","Potion Belt","Golden Idol","Orichalcum","War Paint","Sundial","Cursed Key","Lantern","Singing Bowl","Emotion Chip","Red Mask"],"potions_floor_usage":[24,24,30,33,33],"damage_taken":[{"damage":0,"enemies":"Cultist","floor":1,"turns":4},{"damage":3,"enemies":"2 Louse","floor":2,"turns":2},{"damage":7,"enemies":"Small Slimes","floor":5,"turns":2},{"damage":35,"enemies":"3 Sentries","floor":7,"turns":7},{"damage":3,"enemies":"3 Louse","floor":13,"turns":4},{"damage":14,"enemies":"Lagavulin","floor":14,"turns":5},{"damage":8,"enemies":"Hexaghost","floor":16,"turns":7},{"damage":5,"enemies":"Spheric Guardian","floor":18,"turns":3},{"damage":0,"enemies":"Chosen","floor":22,"turns":3},{"damage":16,"enemies":"Book of Stabbing","floor":24,"turns":5},{"damage":22,"enemies":"Shelled Parasite and Fungi","floor":27,"turns":4},{"damage":2,"enemies":"Masked Bandits","floor":30,"turns":3},{"damage":50,"enemies":"Collector","floor":33,"turns":7}],"seed_played":"3153902776374590690","potions_obtained":[{"floor":13,"key":"Dexterity Potion"},{"floor":14,"key":"Dexterity Potion"},{"floor":18,"key":"SteroidPotion"},{"floor":21,"key":"Block Potion"},{"floor":21,"key":"SkillPotion"}],"is_trial":false,"path_per_floor":["M","M","?","?","M","R","E","?","T","R","?","?","M","E","R","B",null,"M","?","$","?","M","R","E","R","T","M","?","$","?","$","R","B"],"character_chosen":"DEFECT","items_purchased":["Lantern","Cold Snap","FTL","Loop","Loop","Blizzard"],"campfire_rested":1,"item_purchase_floors":[20,20,20,29,31,31],"current_hp_per_floor":[68,65,65,65,58,58,23,40,40,40,33,33,30,16,16,8,54,49,49,49,49,49,49,35,56,56,34,34,34,34,34,34,0],"gold":20,"neow_bonus":"RANDOM_COMMON_RELIC","is_prod":false,"is_daily":false,"chose_seed":false,"campfire_upgraded":5,"win_rate":0,"timestamp":1550293597,"path_taken":["M","M","?","?","M","R","E","?","T","R","?","?","M","E","R","BOSS","M","?","$","?","M","R","E","R","T","?","?","?","?","$","R","BOSS"],"build_version":"2019-01-23","purchased_purges":1,"victory":false,"max_hp_per_floor":[75,75,75,69,69,69,69,69,69,69,69,69,69,69,69,69,69,69,69,69,69,69,69,71,71,71,71,71,71,73,73,73,73],"card_choices":[{"not_picked":["Beam Cell","Conserve Battery"],"picked":"Rip and Tear","floor":1},{"not_picked":["Beam Cell","Steam","Hello World"],"picked":"SKIP","floor":2},{"not_picked":["Stack","Cold Snap"],"picked":"Capacitor","floor":5},{"not_picked":["White Noise","Melter"],"picked":"Barrage","floor":7},{"not_picked":["Lockon","Fission"],"picked":"Streamline","floor":13},{"not_picked":["Melter","Leap"],"picked":"BootSequence","floor":14},{"not_picked":["Static Discharge+1","Conserve Battery"],"picked":"Compile Driver+1","floor":18},{"not_picked":["Scrape+1","Double Energy"],"picked":"Barrage+1","floor":22},{"not_picked":["Heatsinks","Force Field","FTL"],"picked":"Singing Bowl","floor":24},{"not_picked":["Go for the Eyes+1","Beam Cell"],"picked":"Defragment+1","floor":27},{"not_picked":["Rebound","Heatsinks","Sweeping Beam"],"picked":"Singing Bowl","floor":30}],"player_experience":74622,"relics_obtained":[{"floor":9,"key":"Orichalcum"},{"floor":14,"key":"Sundial"},{"floor":24,"key":"Singing Bowl"},{"floor":26,"key":"Emotion Chip"},{"floor":30,"key":"Red Mask"}],"event_choices":[{"damage_healed":0,"gold_gain":0,"cards_transformed":["Strike_B"],"player_choice":"Change","damage_taken":0,"max_hp_gain":0,"max_hp_loss":0,"event_name":"Living Wall","floor":3,"gold_loss":0,"cards_obtained":["Reboot"]},{"damage_healed":0,"gold_gain":0,"player_choice":"Lose Max HP","damage_taken":0,"relics_obtained":["Golden Idol"],"max_hp_gain":0,"max_hp_loss":6,"event_name":"Golden Idol","floor":4,"gold_loss":0},{"damage_healed":17,"gold_gain":0,"player_choice":"Healed","damage_taken":0,"max_hp_gain":0,"max_hp_loss":0,"event_name":"The Cleric","floor":8,"gold_loss":35},{"damage_healed":0,"gold_gain":0,"player_choice":"Success","damage_taken":7,"relics_obtained":["War Paint"],"max_hp_gain":0,"max_hp_loss":0,"event_name":"Scrap Ooze","floor":11,"gold_loss":0},{"damage_healed":0,"gold_gain":0,"player_choice":"Ignored","damage_taken":0,"max_hp_gain":0,"max_hp_loss":0,"event_name":"Liars Game","floor":12,"gold_loss":0},{"cards_removed":["Strike_B"],"damage_healed":0,"gold_gain":0,"player_choice":"Gave Gold","damage_taken":0,"max_hp_gain":0,"max_hp_loss":0,"event_name":"Beggar","floor":19,"gold_loss":75},{"damage_healed":0,"gold_gain":0,"player_choice":"Got Potions","damage_taken":0,"max_hp_gain":0,"max_hp_loss":0,"event_name":"Lab","floor":21,"gold_loss":0},{"damage_healed":0,"gold_gain":99,"player_choice":"Stole From Cult","damage_taken":0,"max_hp_gain":0,"max_hp_loss":0,"event_name":"Nest","floor":28,"gold_loss":0},{"damage_healed":0,"gold_gain":0,"player_choice":"Fought Bandits","damage_taken":0,"max_hp_gain":0,"max_hp_loss":0,"event_name":"Masked Bandits","floor":30,"gold_loss":0}],"is_beta":false,"boss_relics":[{"not_picked":["Lizard Tail","Snecko Eye"],"picked":"Cursed Key"}],"items_purged_floors":[29],"is_endless":false,"potions_floor_spawned":[13,14,18,22],"killed_by":"Collector","ascension_level":6}