{"gold_per_floor":[112,124,199,199,93,93,122,122,122,151,151,161,181,210,210,283,283,298,298,317,242,254,254,281,299,323,351,351,351,368,388,388,459,459,475,475,486,586,604,636,636,636,648,680,719,741,769,797,809,821,833,845,857,73,108,108],"floor_reached":57,"playtime":4292,"items_purged":["Zap+1"],"score":3098,"play_id":"175d099c-cf1d-458c-ba98-b24d0fc77115","local_time":"20190313154805","is_ascension_mode":true,"campfire_choices":[{"data":"Defragment","floor":6,"key":"SMITH"},{"data":"Zap","floor":8,"key":"SMITH"},{"data":"Dualcast","floor":11,"key":"SMITH"},{"floor":15,"key":"REST"},{"data":"Coolheaded","floor":23,"key":"SMITH"},{"floor":29,"key":"REST"},{"data":"Hologram","floor":32,"key":"SMITH"},{"floor":42,"key":"DIG"},{"floor":49,"key":"RECALL"},{"floor":53,"key":"DIG"}],"neow_cost":"NONE","seed_source_timestamp":361731774650100,"circlet_count":0,"master_deck":["AscendersBane","Dualcast+1","Ball Lightning","Defragment+1","Coolheaded+1","Cold Snap+1","Cold Snap+1","Recycle","Consume+1","Double Energy","Buffer+1","Loop+1","Self Repair+1","Chaos+1","Coolheaded","Hologram+1","All For One+1","Reboot","Sunder+1","Heatsinks+1","Fission+1","Buffer+1","Chill","Tempest+1","Rebound+1","Coolheaded+1","Compile Driver+1","Blizzard+1","Coolheaded+1","Creative AI+1","Tempest","Reinforced Body","Stack","Hologram","Static Discharge+1","Buffer+1"],"relics":["Cracked Core","NeowsBlessing","Molten Egg 2","Happy Flower","PreservedInsect","Frozen Egg 2","Snecko Eye","Boot","Smiling Mask","Pear","Pandora\u0027s Box","Shovel","Bag of Preparation","MawBank","Blue Candle","Strawberry","Cables","Ice Cream","FossilizedHelix","Blood Vial"],"potions_floor_usage":[14,18,33,35,40,56,56],"damage_taken":[{"damage":0,"enemies":"2 Louse","floor":1,"turns":1},{"damage":0,"enemies":"Cultist","floor":2,"turns":1},{"damage":0,"enemies":"Lagavulin","floor":7,"turns":1},{"damage":17,"enemies":"3 Sentries","floor":10,"turns":7},{"damage":4,"enemies":"Jaw Worm","floor":12,"turns":2},{"damage":10,"enemies":"Red Slaver","floor":13,"turns":2},{"damage":0,"enemies":"Gremlin Nob","floor":14,"turns":3},{"damage":0,"enemies":"The Guardian","floor":16,"turns":13},{"damage":2,"enemies":"3 Byrds","floor":18,"turns":3},{"damage":0,"enemies":"Spheric Guardian","floor":20,"turns":6},{"damage":16,"enemies":"Centurion and Healer","floor":22,"turns":7},{"damage":10,"enemies":"Book of Stabbing","floor":24,"turns":6},{"damage":1,"enemies":"Snecko","floor":25,"turns":4},{"damage":58,"enemies":"Slavers","floor":27,"turns":6},{"damage":20,"enemies":"Cultist and Chosen","floor":30,"turns":7},{"damage":0,"enemies":"Centurion and Healer","floor":31,"turns":9},{"damage":42,"enemies":"Automaton","floor":33,"turns":10},{"damage":0,"enemies":"3 Darklings","floor":35,"turns":5},{"damage":0,"enemies":"Orb Walker","floor":37,"turns":3},{"damage":0,"enemies":"Mind Bloom Boss Battle","floor":38,"turns":6},{"damage":0,"enemies":"Transient","floor":39,"turns":6},{"damage":0,"enemies":"Reptomancer","floor":40,"turns":5},{"damage":0,"enemies":"Sphere and 2 Shapes","floor":44,"turns":3},{"damage":0,"enemies":"Giant Head","floor":45,"turns":7},{"damage":3,"enemies":"Writhing Mass","floor":46,"turns":4},{"damage":0,"enemies":"Transient","floor":47,"turns":6},{"damage":0,"enemies":"3 Darklings","floor":48,"turns":6},{"damage":39,"enemies":"Time Eater","floor":50,"turns":12},{"damage":18,"enemies":"Awakened One","floor":51,"turns":11},{"damage":40,"enemies":"Shield and Spear","floor":55,"turns":6},{"damage":11,"enemies":"The Heart","floor":56,"turns":13}],"seed_played":"-2632939678087752103","potions_obtained":[{"floor":2,"key":"LiquidBronze"},{"floor":10,"key":"AttackPotion"},{"floor":14,"key":"SmokeBomb"},{"floor":18,"key":"SteroidPotion"},{"floor":25,"key":"Strength Potion"},{"floor":30,"key":"Dexterity Potion"},{"floor":33,"key":"AttackPotion"},{"floor":35,"key":"SpeedPotion"},{"floor":38,"key":"SkillPotion"},{"floor":47,"key":"LiquidBronze"},{"floor":48,"key":"PowerPotion"},{"floor":55,"key":"EntropicBrew"}],"is_trial":false,"path_per_floor":["M","M","?","?","$","R","E","R","T","E","R","M","M","E","R","B",null,"M","?","M","?","M","R","E","M","T","E","T","R","M","M","R","B",null,"M","?","M","?","M","E","?","R","T","M","E","M","M","M","R","B","B",null,"R","$","E","B",null],"character_chosen":"DEFECT","items_purchased":["Defragment","Coolheaded","Ice Cream","FossilizedHelix","Hologram","Static Discharge+1"],"campfire_rested":2,"item_purchase_floors":[5,5,54,54,54,54],"current_hp_per_floor":[64,64,53,53,53,53,53,53,53,36,36,32,22,22,43,43,64,62,62,62,62,56,56,56,65,65,27,27,51,41,51,51,19,66,76,76,81,81,81,81,81,81,81,81,88,88,88,88,88,59,51,79,79,79,49,50],"gold":108,"neow_bonus":"THREE_ENEMY_KILL","is_prod":false,"is_daily":false,"chose_seed":false,"campfire_upgraded":5,"win_rate":0,"timestamp":1552459685,"path_taken":["M","M","?","?","$","R","E","R","T","E","R","?","?","E","R","BOSS","M","?","?","?","M","R","E","M","T","E","?","R","M","M","R","BOSS","M","?","?","?","M","E","?","R","T","M","E","M","?","M","R","BOSS","BOSS","R","$","E","BOSS"],"build_version":"2019-01-23","purchased_purges":1,"victory":true,"max_hp_per_floor":[71,71,71,71,71,71,71,71,71,71,71,71,71,71,71,71,71,71,71,71,71,71,71,71,71,71,81,81,81,81,81,81,81,81,81,81,81,81,81,81,81,81,81,81,88,88,88,88,88,88,88,88,88,88,88,88],"card_choices":[{"not_picked":["Sweeping Beam","Beam Cell","Barrage"],"picked":"SKIP","floor":1},{"not_picked":["Leap","Hologram","Stack"],"picked":"SKIP","floor":2},{"not_picked":["Beam Cell","All For One"],"picked":"Cold Snap","floor":7},{"not_picked":["Force Field","Compile Driver+1"],"picked":"Cold Snap+1","floor":10},{"not_picked":["Heatsinks","Stack"],"picked":"Recycle","floor":12},{"not_picked":["Barrage+1","Stack"],"picked":"Consume","floor":13},{"not_picked":["Steam","Chaos"],"picked":"Double Energy","floor":14},{"not_picked":["Machine Learning+1","Fission"],"picked":"Buffer+1","floor":16},{"not_picked":["Gash+1","Reinforced Body"],"picked":"Loop+1","floor":18},{"not_picked":["Darkness+1","Rip and Tear+1"],"picked":"Self Repair+1","floor":20},{"not_picked":["Cold Snap+1","Go for the Eyes+1"],"picked":"Chaos+1","floor":22},{"not_picked":["Ball Lightning+1","Compile Driver+1","Leap"],"picked":"SKIP","floor":24},{"not_picked":["Leap","Cold Snap+1"],"picked":"Coolheaded","floor":25},{"not_picked":["Compile Driver+1","Static Discharge+1"],"picked":"Hologram","floor":27},{"not_picked":["Reinforced Body+1","Barrage+1"],"picked":"All For One+1","floor":30},{"not_picked":["Beam Cell+1","Ball Lightning+1","Auto Shields"],"picked":"SKIP","floor":31},{"not_picked":["Amplify","Multi-Cast"],"picked":"Reboot","floor":33},{"not_picked":["Turbo","Streamline+1"],"picked":"Tempest+1","floor":35},{"not_picked":["Conserve Battery","Stack"],"picked":"Coolheaded+1","floor":37},{"not_picked":["Tempest","Rip and Tear+1"],"picked":"Compile Driver+1","floor":38},{"not_picked":["Hologram","Barrage+1"],"picked":"Blizzard+1","floor":39},{"not_picked":["Cold Snap+1","Auto Shields"],"picked":"Coolheaded+1","floor":40},{"not_picked":["Hologram+1","Gash+1"],"picked":"Creative AI+1","floor":44},{"not_picked":["Redo+1","Rebound+1"],"picked":"Tempest","floor":45},{"not_picked":["Rebound+1","Go for the Eyes+1","Compile Driver+1"],"picked":"SKIP","floor":46},{"not_picked":["Double Energy","Turbo"],"picked":"Reinforced Body","floor":47},{"not_picked":["Stack","Redo","Leap"],"picked":"SKIP","floor":48},{"not_picked":["Redo","Leap"],"picked":"Stack","floor":48},{"not_picked":["Go for the Eyes+1","BootSequence"],"picked":"Buffer+1","floor":55}],"player_experience":2228146,"relics_obtained":[{"floor":7,"key":"Molten Egg 2"},{"floor":9,"key":"Happy Flower"},{"floor":10,"key":"PreservedInsect"},{"floor":14,"key":"Frozen Egg 2"},{"floor":24,"key":"Boot"},{"floor":26,"key":"Smiling Mask"},{"floor":27,"key":"Pear"},{"floor":38,"key":"Shovel"},{"floor":40,"key":"Bag of Preparation"},{"floor":42,"key":"MawBank"},{"floor":43,"key":"Blue Candle"},{"floor":45,"key":"Strawberry"},{"floor":53,"key":"Cables"},{"floor":55,"key":"Blood Vial"}],"event_choices":[{"damage_healed":0,"gold_gain":75,"player_choice":"Gather Gold","damage_taken":11,"max_hp_gain":0,"max_hp_loss":0,"event_name":"World of Goop","floor":3,"gold_loss":0},{"damage_healed":0,"gold_gain":0,"cards_transformed":["Strike_B"],"player_choice":"Transformed","damage_taken":0,"max_hp_gain":0,"max_hp_loss":0,"event_name":"Transmorgrifier","floor":4,"gold_loss":0,"cards_obtained":["Ball Lightning"]},{"damage_healed":0,"gold_gain":0,"player_choice":"Upgraded","damage_taken":0,"max_hp_gain":0,"max_hp_loss":0,"event_name":"Upgrade Shrine","floor":19,"gold_loss":0,"cards_upgraded":["Consume"]},{"cards_removed":["Defend_B"],"damage_healed":0,"gold_gain":0,"player_choice":"Gave Gold","damage_taken":0,"max_hp_gain":0,"max_hp_loss":0,"event_name":"Beggar","floor":21,"gold_loss":75},{"damage_healed":0,"gold_gain":0,"cards_transformed":["Consume"],"player_choice":"Transformed","damage_taken":0,"max_hp_gain":0,"max_hp_loss":0,"event_name":"Transmorgrifier","floor":36,"gold_loss":0,"cards_obtained":["Rebound"]},{"damage_healed":0,"gold_gain":0,"player_choice":"Fight","damage_taken":0,"max_hp_gain":0,"max_hp_loss":0,"event_name":"MindBloom","floor":38,"gold_loss":0},{"damage_healed":0,"gold_gain":0,"player_choice":"Forge","damage_taken":0,"max_hp_gain":0,"max_hp_loss":0,"event_name":"Accursed Blacksmith","floor":41,"gold_loss":0,"cards_upgraded":["Fission"]}],"is_beta":false,"boss_relics":[{"not_picked":["Velvet Choker","Astrolabe"],"picked":"Snecko Eye"},{"not_picked":["Coffee Dripper","Lizard Tail"],"picked":"Pandora\u0027s Box"}],"items_purged_floors":[54],"is_endless":false,"potions_floor_spawned":[2,10,14,16,18,25,27,30,33,35,38,47,48,55],"ascension_level":20}