{"gold_per_floor":[111,111,14,34,44,44,57,71,96,96,96,16,28,0,0,76,76,86,1,1,0,0,0,15,15],"floor_reached":25,"playtime":1243,"items_purged":[],"score":458,"play_id":"6c364b17-1c52-49c2-b896-1e5c1fa1a954","local_time":"20190321200245","is_ascension_mode":true,"campfire_choices":[{"data":"Bandage Up","floor":6.0,"key":"SMITH"},{"data":"Defragment","floor":11.0,"key":"SMITH"},{"floor":15.0,"key":"REST"},{"floor":23,"key":"REST"}],"neow_cost":"NONE","seed_source_timestamp":0,"circlet_count":0,"master_deck":["AscendersBane","Strike_B","Strike_B","Strike_B","Strike_B","Defend_B","Defend_B","Defend_B","Defend_B","Zap","Dualcast","Defragment","Bandage Up+1","Ball Lightning","Cold Snap","Darkness","Defragment+1","Chaos","Creative AI","Force Field","Hello World","Storm","Hologram+1"],"special_seed":0,"relics":["FrozenCore","DataDisk"],"potions_floor_usage":[25],"damage_taken":[{"damage":14.0,"enemies":"Small Slimes","floor":1.0,"turns":4.0},{"damage":1.0,"enemies":"Cultist","floor":4.0,"turns":4.0},{"damage":0.0,"enemies":"2 Louse","floor":5.0,"turns":3.0},{"damage":4.0,"enemies":"Looter","floor":7.0,"turns":3.0},{"damage":11.0,"enemies":"Blue Slaver","floor":8.0,"turns":3.0},{"damage":0.0,"enemies":"Exordium Thugs","floor":13.0,"turns":3.0},{"damage":0.0,"enemies":"The Guardian","floor":16.0,"turns":8.0},{"damage":42.0,"enemies":"3 Byrds","floor":18.0,"turns":8.0},{"damage":16,"enemies":"2 Thieves","floor":21,"turns":5},{"damage":41,"enemies":"Shelled Parasite and Fungi","floor":24,"turns":7},{"damage":31,"enemies":"Gremlin Leader","floor":25,"turns":5}],"seed_played":"1002509542224065013","potions_obtained":[{"floor":1.0,"key":"Block Potion"},{"floor":7.0,"key":"FocusPotion"},{"floor":8.0,"key":"Fire Potion"},{"floor":13.0,"key":"GamblersBrew"},{"floor":24,"key":"Swift Potion"}],"is_trial":false,"path_per_floor":["M","?","$","M","M","R","M","M","T","?","R","$","M","?","R","B",null,"M","$","?","M","?","R","M","E"],"character_chosen":"DEFECT","items_purchased":["Bandage Up","Chaos","Hello World"],"campfire_rested":2,"item_purchase_floors":[3,12,19],"current_hp_per_floor":[57,57,57,60,64,64,66,61,61,61,61,61,61,61,78,78,78,42,42,42,32,32,55,20,0],"gold":15,"neow_bonus":"TEN_PERCENT_HP_BONUS","is_prod":false,"is_daily":false,"chose_seed":false,"campfire_upgraded":2,"win_rate":0,"timestamp":1553191365,"path_taken":["M","?","?","M","M","R","M","M","T","?","R","$","M","?","R","BOSS","M","$","?","M","?","R","M","E"],"build_version":"2019-01-23","purchased_purges":0,"victory":false,"max_hp_per_floor":[78,78,78,78,78,78,78,78,78,78,78,78,78,78,78,78,78,78,78,78,78,78,78,78,78],"card_choices":[{"not_picked":["Steam","Cold Snap"],"picked":"Defragment","floor":1.0},{"not_picked":["Hologram","Rebound"],"picked":"Ball Lightning","floor":4.0},{"not_picked":["Gash","Rip and Tear"],"picked":"Cold Snap","floor":5.0},{"not_picked":["Meteor Strike","Blizzard"],"picked":"Darkness","floor":7.0},{"not_picked":["Barrage","Hologram"],"picked":"Defragment","floor":8.0},{"not_picked":["Streamline","Barrage","Go for the Eyes"],"picked":"SKIP","floor":13.0},{"not_picked":["All For One","Biased Cognition"],"picked":"Creative AI","floor":16.0},{"not_picked":["Barrage","Turbo"],"picked":"Force Field","floor":18},{"not_picked":["Consume","Beam Cell"],"picked":"Storm","floor":21},{"not_picked":["Sweeping Beam","Rebound+1"],"picked":"Hologram+1","floor":24}],"player_experience":1119860,"relics_obtained":[{"floor":9.0,"key":"DataDisk"}],"event_choices":[{"damage_healed":0.0,"max_hp_gain":0.0,"max_hp_loss":0.0,"gold_gain":0.0,"event_name":"Purifier","player_choice":"Ignored","floor":2.0,"gold_loss":0.0,"damage_taken":0.0},{"damage_healed":0.0,"max_hp_gain":0.0,"max_hp_loss":0.0,"gold_gain":0.0,"event_name":"Golden Wing","player_choice":"Ignored","floor":10.0,"gold_loss":0.0,"damage_taken":0.0},{"damage_healed":0.0,"max_hp_gain":0.0,"max_hp_loss":0.0,"gold_gain":0.0,"event_name":"World of Goop","player_choice":"Left Gold","floor":14.0,"gold_loss":28.0,"damage_taken":0.0},{"damage_healed":0,"gold_gain":0,"player_choice":"Ignored","damage_taken":0,"max_hp_gain":0,"max_hp_loss":0,"event_name":"Ghosts","floor":20,"gold_loss":0}],"is_beta":false,"boss_relics":[{"not_picked":["Inserter","Snecko Eye"],"picked":"FrozenCore"}],"items_purged_floors":[],"is_endless":false,"potions_floor_spawned":[1,7,8,13,24],"killed_by":"Gremlin Leader","ascension_level":18}