{"gold_per_floor":[112,112,77,77,89,116,38,38,62,72,89,89,104,120,120,194,194,204,119,129,140,140,140,7,7],"floor_reached":25,"playtime":992,"items_purged":[],"score":365,"play_id":"37caca16-1a14-4a83-b433-f0696e400e03","local_time":"20181216145820","is_ascension_mode":true,"campfire_choices":[{"data":"Storm","floor":12,"key":"SMITH"},{"floor":15,"key":"REST"},{"floor":23,"key":"REST"}],"neow_cost":"NONE","seed_source_timestamp":7019879076360,"circlet_count":0,"master_deck":["AscendersBane","Strike_B","Strike_B","Strike_B","Strike_B","Defend_B","Defend_B","Defend_B","Defend_B","Zap","Dualcast","Ball Lightning","Ball Lightning","Auto Shields","FTL","Storm+1","Storm","Reboot","Chill","Buffer","Loop","Sunder","Loop","Cold Snap","Loop","Leap+1","Ball Lightning","Hello World"],"relics":["Cracked Core","Smiling Mask","DataDisk","Orrery","Omamori"],"potions_floor_usage":[11,13,18,25],"damage_taken":[{"damage":2,"enemies":"Jaw Worm","floor":1,"turns":3},{"damage":7,"enemies":"Small Slimes","floor":5,"turns":3},{"damage":25,"enemies":"3 Sentries","floor":6,"turns":6},{"damage":0,"enemies":"2 Louse","floor":10,"turns":2},{"damage":0,"enemies":"Exordium Wildlife","floor":11,"turns":3},{"damage":11,"enemies":"Exordium Thugs","floor":13,"turns":3},{"damage":1,"enemies":"Looter","floor":14,"turns":3},{"damage":44,"enemies":"Slime Boss","floor":16,"turns":8},{"damage":0,"enemies":"Chosen","floor":18,"turns":4},{"damage":19,"enemies":"Shell Parasite","floor":20,"turns":4},{"damage":39,"enemies":"Centurion and Healer","floor":21,"turns":4},{"damage":36,"enemies":"Slavers","floor":25,"turns":2}],"seed_played":"-6111809466466358486","potions_obtained":[{"floor":6,"key":"Block Potion"},{"floor":11,"key":"Explosive Potion"},{"floor":16,"key":"Block Potion"}],"is_trial":false,"path_per_floor":["M","?","?","?","M","E","$","?","T","M","M","R","M","M","R","B",null,"M","?","M","M","?","R","$","E"],"character_chosen":"DEFECT","items_purchased":["FTL","SkillPotion","Hello World"],"campfire_rested":2,"item_purchase_floors":[7,24,24],"current_hp_per_floor":[69,69,78,78,71,46,46,72,72,72,72,72,61,60,78,34,67,67,67,48,9,9,32,32,0],"gold":7,"neow_bonus":"TEN_PERCENT_HP_BONUS","is_prod":false,"is_daily":false,"chose_seed":false,"campfire_upgraded":1,"win_rate":0,"timestamp":1544965100,"path_taken":["M","?","?","?","M","E","$","?","T","M","?","R","M","M","R","BOSS","M","?","M","M","?","R","$","E"],"build_version":"2018-12-13","purchased_purges":0,"victory":false,"max_hp_per_floor":[78,78,78,78,78,78,78,78,78,78,78,78,78,78,78,78,78,78,78,78,78,78,78,78,78],"card_choices":[{"not_picked":["Leap","Aggregate"],"picked":"Ball Lightning","floor":1},{"not_picked":["Rebound","Turbo"],"picked":"Ball Lightning","floor":5},{"not_picked":["Skim","Compile Driver"],"picked":"Auto Shields","floor":6},{"not_picked":["Turbo","Leap"],"picked":"Storm","floor":10},{"not_picked":["Chill","Barrage"],"picked":"Storm","floor":11},{"not_picked":["Coolheaded","Turbo"],"picked":"Reboot","floor":13},{"not_picked":["Leap","Barrage"],"picked":"Chill","floor":14},{"not_picked":["Core Surge","Thunder Strike"],"picked":"Buffer","floor":16},{"not_picked":["Turbo","Stack"],"picked":"Loop","floor":17},{"not_picked":["Sweeping Beam","Tempest"],"picked":"Sunder","floor":17},{"not_picked":["Hologram","Beam Cell"],"picked":"Loop","floor":17},{"not_picked":["Streamline","Compile Driver"],"picked":"Cold Snap","floor":17},{"not_picked":["Scrape","Skim"],"picked":"Loop","floor":18},{"not_picked":["Skim","Multi-Cast"],"picked":"Leap+1","floor":20},{"not_picked":["Conserve Battery","Rebound"],"picked":"Ball Lightning","floor":21}],"player_experience":831567,"relics_obtained":[{"floor":6,"key":"Smiling Mask"},{"floor":9,"key":"DataDisk"}],"event_choices":[{"damage_healed":0,"gold_gain":0,"player_choice":"Ignored","damage_taken":0,"max_hp_gain":0,"max_hp_loss":0,"event_name":"Golden Wing","floor":2,"gold_loss":0},{"damage_healed":19,"gold_gain":0,"player_choice":"Healed","damage_taken":0,"max_hp_gain":0,"max_hp_loss":0,"event_name":"The Cleric","floor":3,"gold_loss":35},{"damage_healed":0,"gold_gain":0,"player_choice":"Ignored","damage_taken":0,"max_hp_gain":0,"max_hp_loss":0,"event_name":"Golden Idol","floor":4,"gold_loss":0},{"damage_healed":26,"gold_gain":0,"player_choice":"Banana","damage_taken":0,"max_hp_gain":0,"max_hp_loss":0,"event_name":"Big Fish","floor":8,"gold_loss":0},{"damage_healed":0,"gold_gain":0,"player_choice":"Obtained Relic","damage_taken":0,"relics_obtained":["Omamori"],"max_hp_gain":0,"max_hp_loss":0,"event_name":"Addict","floor":19,"gold_loss":85},{"damage_healed":0,"gold_gain":0,"player_choice":"Ignored","damage_taken":0,"max_hp_gain":0,"max_hp_loss":0,"event_name":"Beggar","floor":22,"gold_loss":0}],"is_beta":false,"boss_relics":[{"not_picked":["Velvet Choker","Cursed Key"],"picked":"Orrery"}],"items_purged_floors":[],"is_endless":false,"potions_floor_spawned":[6,11,16],"killed_by":"Slavers","ascension_level":16}