{"gold_per_floor":[109,109,109,109,126,126,159,209,209,243,243,268,288,312,312,387,387,397,667,680,123,134,134,151,151,151,14,14,24,52,68,68,143,143,153,29,49,49,72,72,107,107,107,120,120,67,67,67,67,67,67,67,67,17,52,52],"floor_reached":57,"playtime":2402,"items_purged":["Strike_B","Strike_B","Strike_B","Zap+1"],"score":2678,"play_id":"8b02db71-3828-497b-96b3-f77fb2f5b0a9","local_time":"20190326151427","is_ascension_mode":true,"campfire_choices":[{"data":"Zap","floor":6.0,"key":"SMITH"},{"data":"Consume","floor":11.0,"key":"SMITH"},{"data":"Streamline","floor":15.0,"key":"SMITH"},{"data":"Self Repair","floor":23.0,"key":"SMITH"},{"data":"Loop","floor":25.0,"key":"SMITH"},{"data":"Defragment","floor":28.0,"key":"SMITH"},{"data":"Multi-Cast","floor":32,"key":"SMITH"},{"data":"Darkness","floor":40,"key":"SMITH"},{"data":"Heatsinks","floor":45,"key":"SMITH"},{"floor":47,"key":"RECALL"},{"data":"Coolheaded","floor":49,"key":"SMITH"},{"data":"Echo Form","floor":53,"key":"SMITH"}],"neow_cost":"NONE","seed_source_timestamp":157365718262600,"circlet_count":0,"master_deck":["AscendersBane","Defend_B","Defend_B","Defend_B","Defend_B","Dualcast","Compile Driver","Coolheaded+1","Streamline+1","Consume+1","Chill","Coolheaded","Ball Lightning","Multi-Cast+1","Self Repair+1","Loop+1","Glacier+1","Defragment+1","Echo Form+1","Amplify","Darkness+1","Heatsinks+1","Leap+1","Multi-Cast"],"special_seed":0,"relics":["Cracked Core","NeowsBlessing","Bag of Preparation","Symbiotic Virus","Smiling Mask","Odd Mushroom","Philosopher\u0027s Stone","Mummified Hand","Lee\u0027s Waffle","Matryoshka","Darkstone Periapt","Snecko Eye","Sundial","DataDisk","Mercury Hourglass","Art of War","Ornamental Fan","Happy Flower"],"potions_floor_usage":[56,56],"damage_taken":[{"damage":0.0,"enemies":"2 Louse","floor":1.0,"turns":1.0},{"damage":0.0,"enemies":"Jaw Worm","floor":5.0,"turns":1.0},{"damage":0.0,"enemies":"Lagavulin","floor":7.0,"turns":1.0},{"damage":9.0,"enemies":"Gremlin Nob","floor":10.0,"turns":3.0},{"damage":20.0,"enemies":"Lagavulin","floor":12.0,"turns":5.0},{"damage":0.0,"enemies":"Small Slimes","floor":13.0,"turns":2.0},{"damage":15.0,"enemies":"The Mushroom Lair","floor":14.0,"turns":4.0},{"damage":13.0,"enemies":"Hexaghost","floor":16.0,"turns":10.0},{"damage":7.0,"enemies":"Spheric Guardian","floor":18.0,"turns":3.0},{"damage":8.0,"enemies":"Chosen","floor":20.0,"turns":4.0},{"damage":44.0,"enemies":"Snake Plant","floor":22.0,"turns":5.0},{"damage":17.0,"enemies":"Sentry and Sphere","floor":24.0,"turns":7.0},{"damage":23.0,"enemies":"3 Cultists","floor":29.0,"turns":6.0},{"damage":14.0,"enemies":"Gremlin Leader","floor":30.0,"turns":7.0},{"damage":0,"enemies":"Centurion and Healer","floor":31,"turns":8},{"damage":2,"enemies":"Automaton","floor":33,"turns":13},{"damage":0,"enemies":"3 Shapes","floor":35,"turns":6},{"damage":0,"enemies":"3 Darklings","floor":37,"turns":4},{"damage":3,"enemies":"Giant Head","floor":41,"turns":4},{"damage":0,"enemies":"Transient","floor":44,"turns":6},{"damage":19,"enemies":"Donu and Deca","floor":50,"turns":6},{"damage":54,"enemies":"Awakened One","floor":51,"turns":18},{"damage":47,"enemies":"Shield and Spear","floor":55,"turns":7},{"damage":20,"enemies":"The Heart","floor":56,"turns":10}],"seed_played":"-4166021773099199100","potions_obtained":[{"floor":7.0,"key":"Block Potion"},{"floor":10.0,"key":"SteroidPotion"},{"floor":16.0,"key":"Weak Potion"},{"floor":20.0,"key":"Swift Potion"},{"floor":24.0,"key":"Swift Potion"},{"floor":33,"key":"Weak Potion"},{"floor":37,"key":"FocusPotion"}],"is_trial":false,"path_per_floor":["M","?","$","?","M","R","E","?","T","E","R","E","M","?","R","B",null,"M","?","M","$","M","R","M","R","T","$","R","M","E","M","R","B",null,"M","$","M","?","T","R","E","?","T","M","R","$","R","$","R","B","B",null,"R","$","E","B",null],"character_chosen":"DEFECT","items_purchased":["Mummified Hand","Lee\u0027s Waffle","Defragment","Heatsinks","PowerPotion"],"campfire_rested":0,"item_purchase_floors":[21,21,27,36,46],"current_hp_per_floor":[64,64,64,64,64,64,64,64,64,55,55,35,35,20,20,7,55,48,20,19,78,41,41,34,34,34,34,34,21,17,27,27,25,65,75,75,78,68,68,68,78,78,78,78,78,78,78,78,78,69,35,67,67,67,30,20],"gold":52,"neow_bonus":"THREE_ENEMY_KILL","is_prod":false,"is_daily":false,"chose_seed":false,"campfire_upgraded":11,"win_rate":0,"timestamp":1553580867,"path_taken":["M","?","$","?","M","R","E","?","T","E","R","E","?","?","R","BOSS","M","?","M","$","M","R","?","R","T","$","R","M","E","M","R","BOSS","M","$","M","?","?","R","E","?","T","M","R","$","R","?","R","BOSS","BOSS","R","$","E","BOSS"],"build_version":"2019-01-23","purchased_purges":4,"victory":true,"max_hp_per_floor":[71,71,71,71,71,71,71,71,71,71,71,71,71,71,71,71,71,71,71,71,78,78,78,78,78,78,78,78,78,78,78,78,78,78,78,78,78,78,78,78,78,78,78,78,78,78,78,78,78,78,78,78,78,78,78,78],"card_choices":[{"not_picked":["Leap","Steam","Ball Lightning"],"picked":"SKIP","floor":1.0},{"not_picked":["Rebound","Blizzard"],"picked":"Coolheaded","floor":5.0},{"not_picked":["Leap","Steam Power"],"picked":"Streamline","floor":7.0},{"not_picked":["Doom and Gloom","Recycle"],"picked":"Consume","floor":10.0},{"not_picked":["Reinforced Body","Auto Shields"],"picked":"Chill","floor":12.0},{"not_picked":["Rebound","Redo"],"picked":"Coolheaded","floor":13.0},{"not_picked":["Force Field","Undo"],"picked":"Ball Lightning","floor":14.0},{"not_picked":["Amplify","Fission"],"picked":"Multi-Cast","floor":16.0},{"not_picked":["Hologram","Glacier"],"picked":"Self Repair","floor":18.0},{"not_picked":["Ball Lightning","Steam Power","Steam"],"picked":"SKIP","floor":20.0},{"not_picked":["Ball Lightning","Conserve Battery"],"picked":"Loop","floor":22.0},{"not_picked":["Compile Driver","Streamline"],"picked":"Glacier+1","floor":24.0},{"not_picked":["Steam","Go for the Eyes+1","Streamline"],"picked":"SKIP","floor":29.0},{"not_picked":["Aggregate","Coolheaded+1"],"picked":"Echo Form","floor":30.0},{"not_picked":["Leap","Genetic Algorithm","Rebound"],"picked":"SKIP","floor":31},{"not_picked":["Fission","Machine Learning"],"picked":"Amplify","floor":33},{"not_picked":["Beam Cell","Ball Lightning+1"],"picked":"Darkness","floor":35},{"not_picked":["Chaos","Compile Driver","Barrage+1"],"picked":"SKIP","floor":37},{"not_picked":["Scrape","Compile Driver","Sweeping Beam"],"picked":"SKIP","floor":41},{"not_picked":["Chaos","Reprogram"],"picked":"Leap+1","floor":44},{"not_picked":["Chill","BootSequence"],"picked":"Multi-Cast","floor":55}],"player_experience":2602677,"relics_obtained":[{"floor":7.0,"key":"Bag of Preparation"},{"floor":10.0,"key":"Symbiotic Virus"},{"floor":12.0,"key":"Smiling Mask"},{"floor":14.0,"key":"Odd Mushroom"},{"floor":26.0,"key":"Matryoshka"},{"floor":30.0,"key":"Darkstone Periapt"},{"floor":39,"key":"Sundial"},{"floor":39,"key":"DataDisk"},{"floor":41,"key":"Mercury Hourglass"},{"floor":43,"key":"Art of War"},{"floor":43,"key":"Ornamental Fan"},{"floor":55,"key":"Happy Flower"}],"event_choices":[{"damage_healed":0.0,"max_hp_gain":0.0,"max_hp_loss":0.0,"gold_gain":0.0,"cards_transformed":["Strike_B"],"event_name":"Living Wall","player_choice":"Change","floor":2.0,"gold_loss":0.0,"damage_taken":0.0,"cards_obtained":["Compile Driver"]},{"damage_healed":0.0,"max_hp_gain":0.0,"max_hp_loss":0.0,"gold_gain":0.0,"event_name":"Liars Game","player_choice":"Ignored","floor":4.0,"gold_loss":0.0,"damage_taken":0.0},{"damage_healed":0.0,"max_hp_gain":0.0,"max_hp_loss":0.0,"gold_gain":50.0,"event_name":"Golden Shrine","player_choice":"Pray","floor":8.0,"gold_loss":0.0,"damage_taken":0.0},{"damage_healed":0.0,"max_hp_gain":0.0,"max_hp_loss":0.0,"gold_gain":0.0,"event_name":"Mushrooms","player_choice":"Fought Mushrooms","floor":14.0,"gold_loss":0.0,"damage_taken":0.0},{"damage_healed":0.0,"max_hp_gain":0.0,"max_hp_loss":0.0,"gold_gain":270.0,"event_name":"Knowing Skull","player_choice":"GOLD GOLD GOLD ","floor":19.0,"potions_obtained":[],"gold_loss":0.0,"damage_taken":28.0,"cards_obtained":[]},{"damage_healed":0,"gold_gain":0,"player_choice":"Memory 3","damage_taken":10,"max_hp_gain":0,"max_hp_loss":0,"event_name":"SensoryStone","floor":38,"gold_loss":0},{"damage_healed":0,"gold_gain":0,"player_choice":"Ignored","damage_taken":0,"max_hp_gain":0,"max_hp_loss":0,"event_name":"Tomb of Lord Red Mask","floor":42,"gold_loss":0}],"is_beta":false,"boss_relics":[{"not_picked":["FrozenCore","Black Star"],"picked":"Philosopher\u0027s Stone"},{"not_picked":["Empty Cage","Coffee Dripper"],"picked":"Snecko Eye"}],"items_purged_floors":[21,27,36,54],"is_endless":false,"potions_floor_spawned":[7,10,12,13,16,20,24,29,33,37,44],"ascension_level":20}