{"gold_per_floor":[113,113,113,126,51,51,76,76,102,134,150,200,200],"floor_reached":13,"playtime":257,"items_purged":["Defend_B"],"score":232,"play_id":"a706ebbb-81a7-4dc5-adc7-c9a736fc51f4","local_time":"20190419193614","is_ascension_mode":true,"campfire_choices":[{"data":"Consume","floor":6,"key":"SMITH"},{"data":"Zap","floor":8,"key":"SMITH"}],"neow_cost":"NONE","seed_source_timestamp":315745731501000,"circlet_count":0,"master_deck":["AscendersBane","Strike_B","Strike_B","Strike_B","Defend_B","Defend_B","Zap+1","Dualcast","Consume+1","Echo Form","Conserve Battery"],"relics":["Cracked Core","NeowsBlessing","Dream Catcher","Regal Pillow","Dead Branch"],"potions_floor_usage":[10,13],"damage_taken":[{"damage":0,"enemies":"Cultist","floor":1,"turns":1},{"damage":0,"enemies":"Jaw Worm","floor":4,"turns":1},{"damage":0,"enemies":"3 Sentries","floor":7,"turns":1},{"damage":41,"enemies":"Gremlin Nob","floor":10,"turns":4},{"damage":1,"enemies":"2 Louse","floor":11,"turns":2},{"damage":11,"enemies":"Lots of Slimes","floor":13,"turns":3}],"seed_played":"-7192271230423168331","potions_obtained":[{"floor":4,"key":"Block Potion"},{"floor":7,"key":"Explosive Potion"}],"is_trial":false,"path_per_floor":["M","?","?","M","$","R","E","R","T","E","M","?","M"],"character_chosen":"DEFECT","items_purchased":[],"campfire_rested":0,"item_purchase_floors":[],"current_hp_per_floor":[64,64,57,57,57,57,57,57,57,16,15,15,4],"gold":200,"neow_bonus":"THREE_ENEMY_KILL","is_prod":false,"is_daily":false,"chose_seed":false,"campfire_upgraded":2,"win_rate":0,"timestamp":1555670174,"path_taken":["M","?","?","?","$","R","E","R","T","E","M","?","?"],"build_version":"2019-01-23","purchased_purges":1,"victory":false,"max_hp_per_floor":[71,71,71,71,71,71,71,71,71,71,71,71,71],"card_choices":[{"not_picked":["Beam Cell","Hello World","Reinforced Body"],"picked":"SKIP","floor":1},{"not_picked":["Sweeping Beam","Hologram","Barrage"],"picked":"SKIP","floor":4},{"not_picked":["Steam","Chill"],"picked":"Echo Form","floor":7},{"not_picked":["Meteor Strike","Streamline","Skim"],"picked":"SKIP","floor":10},{"not_picked":["Ball Lightning","Leap"],"picked":"Conserve Battery","floor":11}],"player_experience":3232088,"relics_obtained":[{"floor":7,"key":"Dream Catcher"},{"floor":9,"key":"Regal Pillow"},{"floor":10,"key":"Dead Branch"}],"event_choices":[{"damage_healed":0,"gold_gain":0,"cards_transformed":["Defend_B"],"player_choice":"Change","damage_taken":0,"max_hp_gain":0,"max_hp_loss":0,"event_name":"Living Wall","floor":2,"gold_loss":0,"cards_obtained":["Consume"]},{"cards_removed":["Strike_B"],"damage_healed":0,"gold_gain":0,"player_choice":"Card Removal","damage_taken":7,"max_hp_gain":0,"max_hp_loss":0,"event_name":"Golden Wing","floor":3,"gold_loss":0},{"damage_healed":0,"gold_gain":50,"player_choice":"Pray","damage_taken":0,"max_hp_gain":0,"max_hp_loss":0,"event_name":"Golden Shrine","floor":12,"gold_loss":0}],"is_beta":false,"boss_relics":[],"items_purged_floors":[5],"is_endless":false,"potions_floor_spawned":[4,7],"killed_by":"Lots of Slimes","ascension_level":20}