{"gold_per_floor":[118,118,138,148,148,148,175,175,201,211,260,284,284,309,309,383,383,395,395,414,339,339,339,371,382,382,297,313,10,45,64,64,138,138,155,165,42,87,102,102,28,60,60,94,94,129,147,9,9,9],"floor_reached":51,"playtime":3178,"items_purged":["Strike_G","Defend_G","Strike_G"],"score":1348,"play_id":"d5e619bb-49fb-4b06-83b7-7fd518ddd5a4","local_time":"20181206125501","is_ascension_mode":true,"campfire_choices":[{"data":"Dash","floor":6.0,"key":"SMITH"},{"data":"Predator","floor":8.0,"key":"SMITH"},{"data":"Terror","floor":13.0,"key":"SMITH"},{"data":"Backflip","floor":15.0,"key":"SMITH"},{"data":"Dagger Spray","floor":23.0,"key":"SMITH"},{"data":"Sucker Punch","floor":32.0,"key":"SMITH"},{"data":"Cloak And Dagger","floor":40.0,"key":"SMITH"},{"data":"Noxious Fumes","floor":49,"key":"SMITH"}],"neow_cost":"NONE","seed_source_timestamp":942840545922549,"circlet_count":0,"master_deck":["AscendersBane","Defend_G","Defend_G","Defend_G+1","Strike_G","Survivor+1","Neutralize+1","Predator+1","Dash+1","Terror+1","Backflip+1","Adrenaline","RitualDagger","Dagger Spray+1","Adrenaline","Blade Dance","All Out Attack+1","Backflip+1","Slice","Burst","Sucker Punch+1","Die Die Die","Flying Knee","Noxious Fumes+1","Cloak And Dagger+1","PiercingWail","Cloak And Dagger","Bane+1","Blur","Backstab","Riddle With Holes","Blade Dance"],"special_seed":0,"relics":["Ring of the Snake","Smiling Mask","PreservedInsect","War Paint","Odd Mushroom","Shuriken","Black Star","Centennial Puzzle","Juzu Bracelet","Paper Crane","Sundial","Meat on the Bone","Art of War","Bag of Marbles","Empty Cage","Mango","Oddly Smooth Stone","Snake Skull","Vajra","Dream Catcher","Boot","Orichalcum","Anchor"],"potions_floor_usage":[50,50],"damage_taken":[{"damage":0.0,"enemies":"2 Louse","floor":1.0,"turns":3.0},{"damage":2.0,"enemies":"Cultist","floor":3.0,"turns":4.0},{"damage":1.0,"enemies":"Jaw Worm","floor":4.0,"turns":5.0},{"damage":8.0,"enemies":"Lagavulin","floor":7.0,"turns":6.0},{"damage":0.0,"enemies":"2 Fungi Beasts","floor":10.0,"turns":5.0},{"damage":3.0,"enemies":"The Mushroom Lair","floor":12.0,"turns":5.0},{"damage":1.0,"enemies":"3 Sentries","floor":14.0,"turns":5.0},{"damage":20.0,"enemies":"Slime Boss","floor":16.0,"turns":8.0},{"damage":14.0,"enemies":"Spheric Guardian","floor":18.0,"turns":4.0},{"damage":10.0,"enemies":"2 Thieves","floor":20.0,"turns":5.0},{"damage":1.0,"enemies":"Book of Stabbing","floor":24.0,"turns":4.0},{"damage":0.0,"enemies":"Chosen and Byrds","floor":25.0,"turns":5.0},{"damage":0.0,"enemies":"Snake Plant","floor":28.0,"turns":4.0},{"damage":9.0,"enemies":"Slavers","floor":30.0,"turns":4.0},{"damage":6.0,"enemies":"Sentry and Sphere","floor":31.0,"turns":3.0},{"damage":5.0,"enemies":"Collector","floor":33.0,"turns":7.0},{"damage":6.0,"enemies":"3 Darklings","floor":35.0,"turns":3.0},{"damage":1.0,"enemies":"3 Shapes","floor":36.0,"turns":3.0},{"damage":11.0,"enemies":"2 Orb Walkers","floor":38.0,"turns":2.0},{"damage":8.0,"enemies":"3 Darklings","floor":39.0,"turns":5.0},{"damage":25.0,"enemies":"Nemesis","floor":42.0,"turns":5.0},{"damage":4,"enemies":"Giant Head","floor":44,"turns":5},{"damage":9,"enemies":"Nemesis","floor":46,"turns":5},{"damage":0,"enemies":"Maw","floor":47,"turns":5},{"damage":41,"enemies":"Donu and Deca","floor":50,"turns":7}],"seed_played":"5564157235890407730","potions_obtained":[{"floor":1.0,"key":"Block Potion"},{"floor":2.0,"key":"EntropicBrew"},{"floor":16.0,"key":"SkillPotion"},{"floor":20.0,"key":"Ancient Potion"},{"floor":28.0,"key":"Strength Potion"},{"floor":35.0,"key":"Strength Potion"},{"floor":46,"key":"Strength Potion"}],"is_trial":false,"path_per_floor":["M","?","M","M","?","R","E","R","T","M","T","?","R","E","R","B",null,"M","?","M","?","?","R","E","M","T","?","M","$","E","M","R","B",null,"M","M","$","?","M","R","$","E","T","E","?","E","M","$","R","B",null],"character_chosen":"THE_SILENT","items_purchased":["Meat on the Bone","Slice","Noxious Fumes","Cloak And Dagger","Riddle With Holes","Blade Dance"],"campfire_rested":0,"item_purchase_floors":[29,29,37,41,48,48],"current_hp_per_floor":[59,59,57,56,61,61,53,53,53,53,53,50,50,49,49,29,61,47,41,31,31,31,31,30,30,30,30,30,30,33,39,39,46,65,59,58,58,61,53,53,53,40,40,48,48,51,51,51,51,22],"gold":9,"neow_bonus":"UPGRADE_CARD","is_prod":false,"is_daily":false,"chose_seed":false,"campfire_upgraded":8,"win_rate":0,"timestamp":1544072101,"path_taken":["M","?","M","?","?","R","E","R","T","M","?","?","R","E","R","BOSS","M","?","M","?","?","R","E","M","T","?","M","$","E","M","R","BOSS","M","M","$","?","M","R","$","E","T","E","?","E","M","$","R","BOSS"],"build_version":"2018-11-15","purchased_purges":3,"victory":true,"max_hp_per_floor":[66,66,66,66,71,71,71,71,71,71,71,71,71,71,71,71,71,71,71,71,71,71,71,71,71,71,71,71,71,71,71,71,71,71,71,71,71,85,85,85,85,85,85,85,81,81,81,81,81,81],"card_choices":[{"not_picked":["PiercingWail","Underhanded Strike"],"picked":"Predator","floor":1.0},{"not_picked":["Dodge and Roll","Sucker Punch"],"picked":"Dash","floor":3.0},{"not_picked":["Eviscerate","Poisoned Stab"],"picked":"Terror","floor":4.0},{"not_picked":["Deflect","Predator","Slice"],"picked":"SKIP","floor":7.0},{"not_picked":["Slice","Deadly Poison","Underhanded Strike"],"picked":"SKIP","floor":10.0},{"not_picked":["Deadly Poison","Concentrate"],"picked":"Backflip","floor":12.0},{"not_picked":["Sucker Punch","Concentrate","Deflect"],"picked":"SKIP","floor":14.0},{"not_picked":["Burst","Storm of Steel"],"picked":"Adrenaline","floor":16.0},{"not_picked":["Quick Slash","Underhanded Strike","Bane"],"picked":"SKIP","floor":18.0},{"not_picked":["Slice","Well Laid Plans"],"picked":"Dagger Spray","floor":20.0},{"not_picked":["PiercingWail","Dodge and Roll"],"picked":"Blade Dance","floor":24.0},{"not_picked":["Calculated Gamble","Dagger Throw"],"picked":"All Out Attack+1","floor":25.0},{"not_picked":["Blade Dance","Bane"],"picked":"Backflip+1","floor":28.0},{"not_picked":["Accuracy","Dodge and Roll"],"picked":"Burst","floor":30.0},{"not_picked":["PiercingWail+1","Poisoned Stab+1"],"picked":"Sucker Punch","floor":31.0},{"not_picked":["Bullet Time","Corpse Explosion"],"picked":"Die Die Die","floor":33.0},{"not_picked":["Underhanded Strike+1","Deadly Poison"],"picked":"Flying Knee","floor":35.0},{"not_picked":["Dash+1","Outmaneuver","Tactician"],"picked":"SKIP","floor":36.0},{"not_picked":["Dagger Spray","Choke"],"picked":"Cloak And Dagger","floor":38.0},{"not_picked":["Blade Dance","Expertise"],"picked":"PiercingWail","floor":39.0},{"not_picked":["Outmaneuver+1","Calculated Gamble"],"picked":"Bane+1","floor":42.0},{"not_picked":["Dodge and Roll","Sucker Punch+1"],"picked":"Blur","floor":44},{"not_picked":["Corpse Explosion","Dagger Throw+1","Blade Dance"],"picked":"SKIP","floor":46},{"not_picked":["Underhanded Strike","Poisoned Stab"],"picked":"Backstab","floor":47}],"player_experience":598459,"relics_obtained":[{"floor":7.0,"key":"Smiling Mask"},{"floor":9.0,"key":"PreservedInsect"},{"floor":11.0,"key":"War Paint"},{"floor":12.0,"key":"Odd Mushroom"},{"floor":14.0,"key":"Shuriken"},{"floor":24.0,"key":"Centennial Puzzle"},{"floor":24.0,"key":"Juzu Bracelet"},{"floor":26.0,"key":"Paper Crane"},{"floor":30.0,"key":"Art of War"},{"floor":30.0,"key":"Bag of Marbles"},{"floor":38.0,"key":"Mango"},{"floor":42.0,"key":"Oddly Smooth Stone"},{"floor":42.0,"key":"Snake Skull"},{"floor":43.0,"key":"Vajra"},{"floor":44,"key":"Dream Catcher"},{"floor":44,"key":"Boot"},{"floor":46,"key":"Orichalcum"},{"floor":46,"key":"Anchor"}],"event_choices":[{"damage_healed":0.0,"max_hp_gain":0.0,"max_hp_loss":0.0,"gold_gain":0.0,"event_name":"Lab","player_choice":"Got Potions","floor":2.0,"gold_loss":0.0,"damage_taken":0.0},{"damage_healed":0.0,"max_hp_gain":5.0,"max_hp_loss":0.0,"gold_gain":0.0,"event_name":"Big Fish","player_choice":"Donut","floor":5.0,"gold_loss":0.0,"damage_taken":0.0},{"damage_healed":0.0,"max_hp_gain":0.0,"max_hp_loss":0.0,"gold_gain":0.0,"event_name":"Mushrooms","player_choice":"Fought Mushrooms","floor":12.0,"gold_loss":0.0,"damage_taken":0.0},{"damage_healed":0.0,"max_hp_gain":0.0,"max_hp_loss":0.0,"gold_gain":0.0,"event_name":"Nest","player_choice":"Joined the Cult","floor":19.0,"gold_loss":0.0,"damage_taken":6.0,"cards_obtained":["RitualDagger"]},{"cards_removed":["Strike_G"],"damage_healed":0.0,"max_hp_gain":0.0,"max_hp_loss":0.0,"gold_gain":0.0,"event_name":"Beggar","player_choice":"Gave Gold","floor":21.0,"gold_loss":75.0,"damage_taken":0.0},{"damage_healed":0.0,"max_hp_gain":0.0,"max_hp_loss":0.0,"gold_gain":0.0,"event_name":"Duplicator","player_choice":"Copied","floor":22.0,"gold_loss":0.0,"damage_taken":0.0,"cards_obtained":["Adrenaline"]},{"damage_healed":0.0,"max_hp_gain":0.0,"max_hp_loss":0.0,"gold_gain":0.0,"event_name":"Addict","player_choice":"Obtained Relic","floor":27.0,"gold_loss":85.0,"damage_taken":0.0,"relics_obtained":["Sundial"]},{"damage_healed":0.0,"max_hp_gain":0.0,"max_hp_loss":0.0,"gold_gain":0.0,"event_name":"Mysterious Sphere","player_choice":"Fight","floor":38.0,"gold_loss":0.0,"damage_taken":0.0},{"damage_healed":0,"gold_gain":0,"player_choice":"Max HP","damage_taken":0,"max_hp_gain":0,"max_hp_loss":4,"event_name":"Winding Halls","floor":45,"gold_loss":0}],"is_beta":true,"boss_relics":[{"not_picked":["Cursed Key","Fusion Hammer"],"picked":"Black Star"},{"not_picked":["White Beast Statue","Orrery"],"picked":"Empty Cage"}],"items_purged_floors":[37,41,48],"is_endless":false,"potions_floor_spawned":[1,7,12,16,20,28,30,35,39,46,47],"ascension_level":15}