{"gold_per_floor":[367,379,454,28,28,60,60,80,149,149,178,178,178,195,195,273,273,289,10,210,222,0,0,12,23,23,23,23,23],"floor_reached":29,"playtime":692,"items_purged":["Regret"],"score":520,"play_id":"c7784048-7e43-4709-bd0e-16aa43d5e136","local_time":"20190216195217","is_ascension_mode":true,"campfire_choices":[{"floor":7,"key":"REST"},{"floor":12,"key":"REST"},{"data":"Zap","floor":15,"key":"SMITH"},{"data":"Defragment","floor":23,"key":"SMITH"},{"data":"Loop","floor":27,"key":"SMITH"}],"neow_cost":"CURSE","seed_source_timestamp":208516869026500,"circlet_count":0,"master_deck":["AscendersBane","Strike_B","Strike_B","Strike_B","Strike_B","Defend_B","Defend_B","Defend_B","Defend_B","Zap+1","Dualcast","White Noise","Conserve Battery","Chill","Creative AI","Defragment+1","Glacier","Loop+1"],"relics":["Cracked Core","Bag of Preparation","Bronze Scales","Bag of Marbles","Kunai","Singing Bowl","Snecko Eye","Mummified Hand","Toxic Egg 2"],"potions_floor_usage":[6,11,16,16,29,29],"damage_taken":[{"damage":19,"enemies":"2 Louse","floor":1,"turns":3},{"damage":10,"enemies":"Small Slimes","floor":2,"turns":4},{"damage":3,"enemies":"Lagavulin","floor":6,"turns":7},{"damage":1,"enemies":"Cultist","floor":8,"turns":4},{"damage":18,"enemies":"Gremlin Nob","floor":11,"turns":3},{"damage":7,"enemies":"Looter","floor":14,"turns":4},{"damage":0,"enemies":"Slime Boss","floor":16,"turns":6},{"damage":21,"enemies":"Shell Parasite","floor":18,"turns":6},{"damage":9,"enemies":"Chosen","floor":21,"turns":5},{"damage":0,"enemies":"Centurion and Healer","floor":24,"turns":6},{"damage":0,"enemies":"3 Cultists","floor":25,"turns":4},{"damage":52,"enemies":"Slavers","floor":29,"turns":3}],"seed_played":"2605570916496756049","potions_obtained":[{"floor":1,"key":"SkillPotion"},{"floor":6,"key":"Poison Potion"},{"floor":13,"key":"Poison Potion"},{"floor":13,"key":"LiquidBronze"},{"floor":14,"key":"SkillPotion"},{"floor":21,"key":"Dexterity Potion"},{"floor":25,"key":"Regen Potion"}],"is_trial":false,"path_per_floor":["M","M","?","$","?","E","R","M","T","?","E","R","?","M","R","B",null,"M","$","?","M","$","R","M","M","T","R","?","E"],"character_chosen":"DEFECT","items_purchased":["Bag of Preparation","Conserve Battery","Bronze Scales","Mummified Hand","Glacier","Fire Potion","Loop"],"campfire_rested":2,"item_purchase_floors":[4,4,4,19,22,22,22],"current_hp_per_floor":[45,35,24,24,24,21,42,41,41,30,14,35,35,28,28,28,62,43,43,43,34,34,34,36,38,38,38,38,0],"gold":23,"neow_bonus":"TWO_FIFTY_GOLD","is_prod":false,"is_daily":false,"chose_seed":false,"campfire_upgraded":3,"win_rate":0,"timestamp":1550314337,"path_taken":["M","M","?","$","?","E","R","M","T","?","E","R","?","M","R","BOSS","M","?","?","M","$","R","?","M","T","R","?","E"],"build_version":"2019-01-23","purchased_purges":1,"victory":false,"max_hp_per_floor":[71,71,71,71,71,71,71,71,71,71,73,73,73,73,73,73,73,75,75,75,75,75,75,77,79,79,79,79,79],"card_choices":[{"not_picked":["Compile Driver","Rebound","Heatsinks"],"picked":"SKIP","floor":1},{"not_picked":["Beam Cell","Redo"],"picked":"White Noise","floor":2},{"not_picked":["Lockon","Go for the Eyes","Turbo"],"picked":"SKIP","floor":6},{"not_picked":["Stack","Aggregate","Recycle"],"picked":"SKIP","floor":8},{"not_picked":["Blizzard","Double Energy","Barrage"],"picked":"Singing Bowl","floor":11},{"not_picked":["Blizzard","Gash"],"picked":"Chill","floor":14},{"not_picked":["Thunder Strike","Rainbow"],"picked":"Creative AI","floor":16},{"not_picked":["Blizzard","Gash","Ball Lightning"],"picked":"Singing Bowl","floor":18},{"not_picked":["Fusion+1","Coolheaded"],"picked":"Defragment","floor":21},{"not_picked":["Hologram","Rebound","Beam Cell"],"picked":"Singing Bowl","floor":24},{"not_picked":["Hyperbeam","Barrage","Chaos"],"picked":"Singing Bowl","floor":25}],"player_experience":95133,"relics_obtained":[{"floor":6,"key":"Bag of Marbles"},{"floor":9,"key":"Kunai"},{"floor":26,"key":"Toxic Egg 2"}],"event_choices":[{"damage_healed":0,"gold_gain":75,"player_choice":"Gather Gold","damage_taken":11,"max_hp_gain":0,"max_hp_loss":0,"event_name":"World of Goop","floor":3,"gold_loss":0},{"damage_healed":0,"gold_gain":0,"player_choice":"Ignored","damage_taken":0,"max_hp_gain":0,"max_hp_loss":0,"event_name":"Golden Wing","floor":5,"gold_loss":0},{"damage_healed":0,"gold_gain":0,"player_choice":"Success","damage_taken":11,"relics_obtained":["Singing Bowl"],"max_hp_gain":0,"max_hp_loss":0,"event_name":"Scrap Ooze","floor":10,"gold_loss":0},{"damage_healed":0,"gold_gain":0,"player_choice":"Got Potions","damage_taken":0,"max_hp_gain":0,"max_hp_loss":0,"event_name":"Lab","floor":13,"gold_loss":0},{"damage_healed":0,"gold_gain":200,"player_choice":"Gold","damage_taken":0,"max_hp_gain":0,"max_hp_loss":0,"event_name":"Wheel of Change","floor":20,"gold_loss":0},{"damage_healed":0,"gold_gain":0,"player_choice":"Ignored","damage_taken":0,"max_hp_gain":0,"max_hp_loss":0,"event_name":"The Mausoleum","floor":28,"gold_loss":0}],"is_beta":false,"boss_relics":[{"not_picked":["Busted Crown","Velvet Choker"],"picked":"Snecko Eye"}],"items_purged_floors":[4],"is_endless":false,"potions_floor_spawned":[1,6,14,21,25],"killed_by":"Slavers","ascension_level":17}