{"gold_per_floor":[109,129,49,67,83,83,100,100,100,100,120,131,131,150,150,248,248,258,258,271,285,210,210,210,230,277,277,287,35,47,63,63,163,213,223,241,258,271,78,78,78,78,78,78,89,101,101,121,121,121],"floor_reached":50,"playtime":5226,"items_purged":[],"score":494,"play_id":"3b2fd89a-5e24-416a-add2-d82245ad4ebe","local_time":"20190427083002","is_ascension_mode":false,"campfire_choices":[{"data":"Armaments","floor":6.0,"key":"SMITH"},{"data":"Flex","floor":10.0,"key":"SMITH"},{"data":"Perfected Strike","floor":13.0,"key":"SMITH"},{"data":"Perfected Strike","floor":15.0,"key":"SMITH"},{"data":"Cleave","floor":23.0,"key":"SMITH"},{"data":"Barricade","floor":27.0,"key":"SMITH"},{"floor":32.0,"key":"REST"},{"floor":40.0,"key":"REST"},{"data":"Demon Form","floor":47.0,"key":"SMITH"},{"floor":49.0,"key":"REST"}],"neow_cost":"NONE","seed_source_timestamp":0,"circlet_count":0,"master_deck":["Strike_R","Strike_R","Strike_R","Strike_R","Strike_R","Defend_R","Defend_R","Defend_R","Bash","Armaments+1","Iron Wave","Perfected Strike+1","Flex+1","Thunderclap","Pummel","Wild Strike","Perfected Strike+1","Metallicize","Cleave+1","Barricade+1","Shrug It Off+1","Shockwave","Uppercut+1","Shrug It Off+1","Shrug It Off+1","Body Slam+1","Demon Form+1","Seeing Red+1","Anger+1","Wild Strike+1","Shrug It Off+1","Cleave+1","Flame Barrier","Doubt","Madness","Madness","Shrug It Off+1","Flame Barrier+1","Perfected Strike"],"special_seed":0,"relics":["Burning Blood","Bottled Lightning","Sozu","Enchiridion","Ancient Tea Set","Mummified Hand","Tiny House","Anchor","Paper Frog"],"potions_floor_usage":[],"damage_taken":[{"damage":13.0,"enemies":"Cultist","floor":1.0,"turns":5.0},{"damage":4.0,"enemies":"Small Slimes","floor":2.0,"turns":3.0},{"damage":6.0,"enemies":"Jaw Worm","floor":4.0,"turns":2.0},{"damage":0.0,"enemies":"Large Slime","floor":5.0,"turns":4.0},{"damage":9.0,"enemies":"2 Fungi Beasts","floor":7.0,"turns":3.0},{"damage":3.0,"enemies":"Lots of Slimes","floor":11.0,"turns":5.0},{"damage":10.0,"enemies":"Looter","floor":12.0,"turns":3.0},{"damage":6.0,"enemies":"2 Fungi Beasts","floor":14.0,"turns":2.0},{"damage":43.0,"enemies":"Hexaghost","floor":16.0,"turns":8.0},{"damage":17.0,"enemies":"3 Byrds","floor":18.0,"turns":5.0},{"damage":7.0,"enemies":"Spheric Guardian","floor":20.0,"turns":3.0},{"damage":0.0,"enemies":"Snecko","floor":21.0,"turns":3.0},{"damage":1.0,"enemies":"Snake Plant","floor":25.0,"turns":2.0},{"damage":16.0,"enemies":"Cultist and Chosen","floor":28.0,"turns":7.0},{"damage":16.0,"enemies":"Sentry and Sphere","floor":30.0,"turns":6.0},{"damage":9.0,"enemies":"Centurion and Healer","floor":31.0,"turns":3.0},{"damage":55.0,"enemies":"Collector","floor":33.0,"turns":12.0},{"damage":20.0,"enemies":"Orb Walker","floor":35.0,"turns":3.0},{"damage":17.0,"enemies":"3 Shapes","floor":36.0,"turns":3.0},{"damage":26.0,"enemies":"Sphere and 2 Shapes","floor":37.0,"turns":5.0},{"damage":22.0,"enemies":"Jaw Worm Horde","floor":38.0,"turns":4.0},{"damage":2.0,"enemies":"3 Darklings","floor":45.0,"turns":4.0},{"damage":11.0,"enemies":"4 Shapes","floor":46.0,"turns":3.0},{"damage":34.0,"enemies":"Maw","floor":48.0,"turns":7.0},{"damage":94,"enemies":"Awakened One","floor":50,"turns":11}],"seed_played":"-665356145708205536","potions_obtained":[{"floor":2.0,"key":"FearPotion"},{"floor":4.0,"key":"FearPotion"},{"floor":14.0,"key":"Regen Potion"},{"floor":16.0,"key":"Block Potion"}],"is_trial":false,"path_per_floor":["M","M","$","M","M","R","M","?","T","R","M","M","R","M","R","B",null,"M","?","M","M","?","R","?","M","T","R","M","$","M","M","R","B",null,"M","M","M","M","$","R","?","?","T","?","M","M","R","M","R","B"],"character_chosen":"IRONCLAD","items_purchased":["Perfected Strike","Flex","Mummified Hand","Anchor","Flame Barrier"],"campfire_rested":3,"item_purchase_floors":[3,3,29,39,39],"current_hp_per_floor":[81,83,83,83,88,88,85,85,85,85,88,84,84,84,84,61,88,77,61,60,66,66,66,66,71,71,71,61,61,51,48,74,25,93,79,68,48,32,32,59,93,81,81,81,85,80,80,52,79,0],"gold":121,"neow_bonus":"TEN_PERCENT_HP_BONUS","is_prod":false,"is_daily":false,"chose_seed":false,"campfire_upgraded":7,"win_rate":0.0,"timestamp":1556346602,"path_taken":["M","M","$","?","M","R","M","?","T","R","M","M","R","M","R","BOSS","M","?","M","M","?","R","?","M","T","R","M","$","M","?","R","BOSS","M","M","M","M","$","R","?","?","T","?","M","M","R","?","R","BOSS"],"build_version":"2019-01-23","purchased_purges":0,"victory":false,"max_hp_per_floor":[88,88,88,88,88,88,88,88,88,88,88,88,88,88,88,88,88,88,88,88,88,88,88,88,88,88,88,88,88,88,88,88,88,93,93,93,93,93,93,93,93,93,93,93,93,93,93,93,93,93],"card_choices":[{"not_picked":["Metallicize","Shockwave"],"picked":"Armaments","floor":1.0},{"not_picked":["Shockwave","Disarm"],"picked":"Iron Wave","floor":2.0},{"not_picked":["Entrench","Bloodletting"],"picked":"Thunderclap","floor":4.0},{"not_picked":["Armaments","True Grit"],"picked":"Pummel","floor":5.0},{"not_picked":["Clash","Reckless Charge"],"picked":"Wild Strike","floor":7.0},{"not_picked":["Uppercut","Hemokinesis"],"picked":"Perfected Strike","floor":11.0},{"not_picked":["Battle Trance","Infernal Blade"],"picked":"Metallicize","floor":12.0},{"not_picked":["Carnage","Shrug It Off"],"picked":"Cleave","floor":14.0},{"not_picked":["Impervious","Juggernaut"],"picked":"Barricade","floor":16.0},{"not_picked":["Perfected Strike","Dual Wield"],"picked":"Shrug It Off+1","floor":18.0},{"not_picked":["Infernal Blade","Perfected Strike"],"picked":"Shockwave","floor":20.0},{"not_picked":["Clash","Reckless Charge+1"],"picked":"Uppercut","floor":21.0},{"not_picked":["Clash","Battle Trance"],"picked":"Shrug It Off+1","floor":25.0},{"not_picked":["Sword Boomerang","Heavy Blade"],"picked":"Shrug It Off+1","floor":28.0},{"not_picked":["Clothesline","Heavy Blade"],"picked":"Body Slam+1","floor":30.0},{"not_picked":["Iron Wave","Rupture","Sword Boomerang"],"picked":"SKIP","floor":31.0},{"not_picked":["Juggernaut","Barricade"],"picked":"Demon Form","floor":33.0},{"not_picked":["Spot Weakness","Power Through"],"picked":"Seeing Red+1","floor":34.0},{"not_picked":["Carnage+1","Corruption+1"],"picked":"Anger+1","floor":35.0},{"not_picked":["Pommel Strike","Clash+1"],"picked":"Wild Strike+1","floor":36.0},{"not_picked":["Body Slam+1","Carnage+1"],"picked":"Shrug It Off+1","floor":37.0},{"not_picked":["Warcry+1","Armaments+1"],"picked":"Cleave+1","floor":38.0},{"not_picked":["Anger","Flex+1"],"picked":"Shrug It Off+1","floor":45.0},{"not_picked":["Searing Blow","Blood for Blood"],"picked":"Flame Barrier+1","floor":46.0},{"not_picked":["Armaments+1","Corruption"],"picked":"Perfected Strike","floor":48.0}],"player_experience":38139,"relics_obtained":[{"floor":9.0,"key":"Bottled Lightning"},{"floor":19.0,"key":"Enchiridion"},{"floor":26.0,"key":"Ancient Tea Set"},{"floor":43.0,"key":"Paper Frog"}],"event_choices":[{"damage_healed":0.0,"max_hp_gain":0.0,"max_hp_loss":0.0,"gold_gain":0.0,"event_name":"Liars Game","player_choice":"Ignored","floor":8.0,"gold_loss":0.0,"damage_taken":0.0},{"damage_healed":0.0,"max_hp_gain":0.0,"max_hp_loss":0.0,"gold_gain":0.0,"event_name":"Cursed Tome","player_choice":"Obtained Book","floor":19.0,"gold_loss":0.0,"damage_taken":16.0},{"cards_removed":["Defend_R"],"damage_healed":0.0,"max_hp_gain":0.0,"max_hp_loss":0.0,"gold_gain":0.0,"event_name":"Beggar","player_choice":"Gave Gold","floor":22.0,"gold_loss":75.0,"damage_taken":0.0},{"damage_healed":0.0,"max_hp_gain":0.0,"max_hp_loss":0.0,"gold_gain":0.0,"event_name":"Vampires","player_choice":"Ignored","floor":24.0,"gold_loss":0.0,"damage_taken":0.0},{"damage_healed":34.0,"max_hp_gain":0.0,"max_hp_loss":0.0,"gold_gain":0.0,"event_name":"MindBloom","player_choice":"Heal","floor":41.0,"gold_loss":0.0,"damage_taken":0.0,"cards_obtained":["Doubt"]},{"damage_healed":0.0,"max_hp_gain":0.0,"max_hp_loss":0.0,"gold_gain":0.0,"event_name":"Winding Halls","player_choice":"Embrace Madness","floor":42.0,"gold_loss":0.0,"damage_taken":12.0,"cards_obtained":["Madness","Madness"]},{"damage_healed":0.0,"max_hp_gain":0.0,"max_hp_loss":0.0,"gold_gain":0.0,"event_name":"Match and Keep!","player_choice":"0 cards matched","floor":44.0,"gold_loss":0.0,"damage_taken":0.0,"cards_obtained":[]}],"is_beta":false,"boss_relics":[{"not_picked":["Orrery","Busted Crown"],"picked":"Sozu"},{"not_picked":["Philosopher\u0027s Stone","Calling Bell"],"picked":"Tiny House"}],"items_purged_floors":[],"is_endless":false,"potions_floor_spawned":[2,4,14,16,18,20,25,33,35,38,48],"killed_by":"Awakened One","ascension_level":0}