{"gold_per_floor":[113,125,125,143,143,174,174,189,243,274,224,249,259,279,279,380,380,390,402,421,78,91,120,120,155,207,22,22,50,67,82,82,185,185,200,200,214,214,231,231,264,264,264,124,124,143,156,211,211,211,211,211,9,37,37],"floor_reached":55,"playtime":3118,"items_purged":["Normality","Decay","Strike_B"],"score":855,"play_id":"1dbf0fd7-4462-42dd-83e8-d6cf86b16920","local_time":"20181130230924","is_ascension_mode":true,"campfire_choices":[{"data":"Zap","floor":7.0,"key":"SMITH"},{"data":"Reinforced Body","floor":15.0,"key":"SMITH"},{"data":"Dualcast","floor":24.0,"key":"SMITH"},{"data":"Defragment","floor":28.0,"key":"SMITH"},{"floor":32.0,"key":"REST"},{"data":"Thunder Strike","floor":40.0,"key":"SMITH"},{"floor":42.0,"key":"REST"},{"floor":49.0,"key":"RECALL"},{"data":"Machine Learning","floor":52.0,"key":"SMITH"}],"neow_cost":"NONE","seed_source_timestamp":0,"circlet_count":0,"master_deck":["Strike_B","Strike_B","Defend_B","Defend_B","Defend_B","Zap+1","Dualcast+1","Auto Shields","Ball Lightning","Ball Lightning","Cold Snap","Reinforced Body+1","Compile Driver","Machine Learning+1","Lockon+1","Leap+1","Compile Driver+1","Seek+1","Defragment+1","Tempest+1","Loop","Coolheaded+1","Thunder Strike+1","Coolheaded+1","Reinforced Body+1","Zap+1","Rebound","Conserve Battery+1","Go for the Eyes+1","Hologram+1","Core Surge"],"special_seed":0,"relics":["Cracked Core","NeowsBlessing","Gremlin Horn","Centennial Puzzle","Regal Pillow","Ginger","Cursed Key","DataDisk","Chemical X","Vajra","Toxic Egg 2","Pen Nib","Lantern","Busted Crown","Bronze Scales","Tiny Chest","Singing Bowl"],"potions_floor_usage":[55,55],"damage_taken":[{"damage":0.0,"enemies":"Cultist","floor":1.0,"turns":1.0},{"damage":0.0,"enemies":"2 Louse","floor":2.0,"turns":1.0},{"damage":0.0,"enemies":"Small Slimes","floor":4.0,"turns":1.0},{"damage":24.0,"enemies":"Gremlin Nob","floor":6.0,"turns":4.0},{"damage":0.0,"enemies":"2 Fungi Beasts","floor":8.0,"turns":2.0},{"damage":11.0,"enemies":"3 Sentries","floor":10.0,"turns":8.0},{"damage":7.0,"enemies":"Gremlin Nob","floor":12.0,"turns":3.0},{"damage":8.0,"enemies":"Red Slaver","floor":13.0,"turns":2.0},{"damage":1.0,"enemies":"3 Louse","floor":14.0,"turns":2.0},{"damage":9.0,"enemies":"Hexaghost","floor":16.0,"turns":11.0},{"damage":5.0,"enemies":"Chosen","floor":18.0,"turns":3.0},{"damage":8.0,"enemies":"Spheric Guardian","floor":19.0,"turns":4.0},{"damage":8.0,"enemies":"Chosen and Byrds","floor":20.0,"turns":5.0},{"damage":3.0,"enemies":"Snecko","floor":22.0,"turns":5.0},{"damage":2.0,"enemies":"Slavers","floor":23.0,"turns":4.0},{"damage":4.0,"enemies":"Book of Stabbing","floor":25.0,"turns":4.0},{"damage":5.0,"enemies":"Gremlin Leader","floor":29.0,"turns":4.0},{"damage":0.0,"enemies":"Snake Plant","floor":30.0,"turns":1.0},{"damage":12.0,"enemies":"Centurion and Healer","floor":31.0,"turns":3.0},{"damage":17.0,"enemies":"Champ","floor":33.0,"turns":7.0},{"damage":0.0,"enemies":"Orb Walker","floor":35.0,"turns":2.0},{"damage":8.0,"enemies":"3 Darklings","floor":37.0,"turns":3.0},{"damage":0.0,"enemies":"Maw","floor":39.0,"turns":5.0},{"damage":40.0,"enemies":"Nemesis","floor":41.0,"turns":5.0},{"damage":0.0,"enemies":"Spire Growth","floor":46.0,"turns":2.0},{"damage":0.0,"enemies":"4 Shapes","floor":47.0,"turns":3.0},{"damage":0.0,"enemies":"Reptomancer","floor":48.0,"turns":3.0},{"damage":30.0,"enemies":"Donu and Deca","floor":50.0,"turns":8.0},{"damage":7,"enemies":"Shield and Spear","floor":54,"turns":5},{"damage":81,"enemies":"The Heart","floor":55,"turns":8}],"seed_played":"3081248501509017141","potions_obtained":[{"floor":1.0,"key":"SneckoOil"},{"floor":4.0,"key":"Energy Potion"},{"floor":10.0,"key":"Regen Potion"},{"floor":12.0,"key":"Weak Potion"},{"floor":13.0,"key":"FearPotion"},{"floor":20.0,"key":"Explosive Potion"},{"floor":29.0,"key":"Energy Potion"},{"floor":41.0,"key":"SteroidPotion"},{"floor":46.0,"key":"FairyPotion"},{"floor":54,"key":"FocusPotion"}],"is_trial":false,"path_per_floor":["M","M","$","M","?","E","R","M","T","E","?","E","M","M","R","B",null,"M","M","M","$","M","E","R","E","T","$","R","E","M","M","R","B",null,"M","$","M","?","M","R","E","R","T","$","?","M","M","E","R","B",null,"R","$","E","B"],"character_chosen":"DEFECT","items_purchased":["DataDisk","Chemical X","Defragment","Tempest+1","Reinforced Body+1","Hologram+1","Strength Potion"],"campfire_rested":2,"item_purchase_floors":[21,21,27,27,44,53,53],"current_hp_per_floor":[75,75,75,75,75,51,51,51,51,40,40,42,34,33,33,24,75,70,62,54,54,51,49,49,45,45,45,45,40,40,28,65,48,75,75,75,67,67,67,67,27,64,64,64,64,64,64,64,64,34,75,75,75,68,0],"gold":37,"neow_bonus":"THREE_ENEMY_KILL","is_prod":false,"is_daily":false,"chose_seed":false,"campfire_upgraded":6,"win_rate":0,"timestamp":1543590564,"path_taken":["M","M","$","?","?","E","R","M","T","E","?","E","M","M","R","BOSS","M","M","M","$","M","E","R","E","T","$","R","E","M","M","R","BOSS","M","$","M","?","M","R","E","R","T","$","?","M","?","E","R","BOSS","R","$","E","BOSS"],"build_version":"2018-11-15","purchased_purges":3,"victory":false,"max_hp_per_floor":[75,75,75,75,75,75,75,75,75,75,75,75,75,75,75,75,75,75,75,75,75,75,75,75,75,75,75,75,75,75,75,75,75,75,75,75,75,75,75,75,75,75,75,75,75,75,75,75,75,75,75,75,75,75,75],"card_choices":[{"not_picked":["Beam Cell","Conserve Battery"],"picked":"Auto Shields","floor":1.0},{"not_picked":["Stack","Rainbow"],"picked":"Ball Lightning","floor":2.0},{"not_picked":["Recycle","Scrape","Beam Cell"],"picked":"SKIP","floor":4.0},{"not_picked":["Compile Driver","Streamline"],"picked":"Ball Lightning","floor":6.0},{"not_picked":["Ball Lightning","Sunder"],"picked":"Cold Snap","floor":8.0},{"not_picked":["Sweeping Beam","Streamline","Steam Power"],"picked":"SKIP","floor":10.0},{"not_picked":["Lockon","Undo","Redo"],"picked":"SKIP","floor":12.0},{"not_picked":["Leap","Redo"],"picked":"Reinforced Body","floor":13.0},{"not_picked":["Coolheaded","Undo"],"picked":"Compile Driver","floor":14.0},{"not_picked":["Reboot","Meteor Strike"],"picked":"Machine Learning","floor":16.0},{"not_picked":["BootSequence","Conserve Battery+1"],"picked":"Lockon+1","floor":18.0},{"not_picked":["Heatsinks","Steam","Barrage"],"picked":"SKIP","floor":19.0},{"not_picked":["Compile Driver","Recycle"],"picked":"Leap+1","floor":20.0},{"not_picked":["Gash+1","Go for the Eyes"],"picked":"Compile Driver+1","floor":22.0},{"not_picked":["Blizzard","Leap+1","Lockon"],"picked":"SKIP","floor":23.0},{"not_picked":["Genetic Algorithm+1","Barrage"],"picked":"Seek","floor":25.0},{"not_picked":["Barrage","Steam+1","Blizzard+1"],"picked":"SKIP","floor":29.0},{"not_picked":["Heatsinks","Compile Driver"],"picked":"Loop","floor":30.0},{"not_picked":["Auto Shields+1","Rebound"],"picked":"Coolheaded+1","floor":31.0},{"not_picked":["Reboot+1","Biased Cognition"],"picked":"Thunder Strike","floor":33.0},{"not_picked":["Chaos+1"],"picked":"SKIP","floor":35.0},{"not_picked":["Consume+1"],"picked":"SKIP","floor":37.0},{"not_picked":["Ball Lightning"],"picked":"SKIP","floor":39.0},{"not_picked":[],"picked":"Coolheaded+1","floor":41.0},{"not_picked":[],"picked":"Conserve Battery+1","floor":46.0},{"not_picked":[],"picked":"Go for the Eyes+1","floor":47.0},{"not_picked":["Conserve Battery+1"],"picked":"SKIP","floor":48.0},{"not_picked":[],"picked":"Core Surge","floor":54}],"player_experience":560767,"relics_obtained":[{"floor":6.0,"key":"Gremlin Horn"},{"floor":9.0,"key":"Centennial Puzzle"},{"floor":10.0,"key":"Regal Pillow"},{"floor":12.0,"key":"Ginger"},{"floor":23.0,"key":"Vajra"},{"floor":25.0,"key":"Toxic Egg 2"},{"floor":26.0,"key":"Pen Nib"},{"floor":29.0,"key":"Lantern"},{"floor":41.0,"key":"Bronze Scales"},{"floor":48.0,"key":"Tiny Chest"},{"floor":54,"key":"Singing Bowl"}],"event_choices":[{"damage_healed":0.0,"max_hp_gain":0.0,"max_hp_loss":0.0,"gold_gain":0.0,"event_name":"Liars Game","player_choice":"Ignored","floor":5.0,"gold_loss":0.0,"damage_taken":0.0},{"cards_removed":["Strike_B"],"damage_healed":0.0,"max_hp_gain":0.0,"max_hp_loss":0.0,"gold_gain":0.0,"event_name":"The Cleric","player_choice":"Card Removal","floor":11.0,"gold_loss":50.0,"damage_taken":0.0},{"cards_removed":["Defend_B"],"damage_healed":0.0,"max_hp_gain":0.0,"max_hp_loss":0.0,"gold_gain":0.0,"event_name":"Falling","player_choice":"Removed Skill","floor":38.0,"gold_loss":0.0,"damage_taken":0.0},{"damage_healed":0.0,"max_hp_gain":0.0,"max_hp_loss":0.0,"gold_gain":0.0,"event_name":"Match and Keep!","player_choice":"2 cards matched","floor":45.0,"gold_loss":0.0,"damage_taken":0.0,"cards_obtained":["Zap","Rebound"]}],"is_beta":true,"boss_relics":[{"not_picked":["Black Star","Lizard Tail"],"picked":"Cursed Key"},{"not_picked":["Runic Pyramid","Snecko Eye"],"picked":"Busted Crown"}],"items_purged_floors":[27,44,53],"is_endless":false,"potions_floor_spawned":[1,4,10,12,13,18,20,29,41,46,54],"killed_by":"The Heart","ascension_level":1}