{"gold_per_floor":[113,388,402,416,436,462,462,491,491,491,416,37,37,48,48,48],"floor_reached":16,"playtime":639,"items_purged":["Strike_B"],"score":220,"play_id":"e355c618-2458-4ff0-b2d9-4dd6378637aa","local_time":"20190205192203","is_ascension_mode":true,"campfire_choices":[{"floor":7,"key":"REST"},{"data":"Coolheaded","floor":10,"key":"SMITH"},{"data":"Panache","floor":13,"key":"SMITH"},{"floor":15,"key":"REST"}],"neow_cost":"NONE","seed_source_timestamp":4057447962200,"circlet_count":0,"master_deck":["AscendersBane","Strike_B","Strike_B","Defend_B","Defend_B","Zap","Dualcast","Hyperbeam+1","White Noise+1","Electrodynamics+1","Coolheaded+1","Chill","Panache+1","FTL","Hologram"],"relics":["Astrolabe","Matryoshka","Question Card","Boot","Ornamental Fan"],"potions_floor_usage":[6,16,16],"damage_taken":[{"damage":0,"enemies":"Small Slimes","floor":1,"turns":1},{"damage":3,"enemies":"Cultist","floor":3,"turns":3},{"damage":9,"enemies":"Jaw Worm","floor":4,"turns":3},{"damage":22,"enemies":"3 Louse","floor":5,"turns":2},{"damage":13,"enemies":"Gremlin Nob","floor":6,"turns":3},{"damage":26,"enemies":"Lagavulin","floor":8,"turns":5},{"damage":6,"enemies":"Large Slime","floor":14,"turns":4},{"damage":28,"enemies":"Hexaghost","floor":16,"turns":10}],"seed_played":"-3486860552115710846","potions_obtained":[{"floor":5,"key":"SteroidPotion"},{"floor":6,"key":"AttackPotion"},{"floor":8,"key":"SkillPotion"},{"floor":14,"key":"PowerPotion"}],"is_trial":false,"path_per_floor":["M","?","M","M","M","E","R","E","T","R","?","$","R","M","R","B"],"character_chosen":"DEFECT","items_purchased":["Panache","FTL"],"campfire_rested":2,"item_purchase_floors":[12,12],"current_hp_per_floor":[64,64,61,52,30,17,38,12,12,12,12,12,12,6,27,0],"gold":48,"neow_bonus":"BOSS_RELIC","is_prod":false,"is_daily":false,"chose_seed":false,"campfire_upgraded":2,"win_rate":0,"timestamp":1549362123,"path_taken":["M","?","M","?","M","E","R","E","T","R","?","$","R","M","R","BOSS"],"build_version":"2019-01-23","purchased_purges":1,"victory":false,"max_hp_per_floor":[71,71,71,71,71,71,71,71,71,71,71,71,71,71,71,71],"card_choices":[{"not_picked":["Leap","Rebound"],"picked":"Coolheaded","floor":1},{"not_picked":["Rip and Tear","Streamline","Lockon"],"picked":"SKIP","floor":3},{"not_picked":["Redo","Lockon","Sweeping Beam"],"picked":"SKIP","floor":4},{"not_picked":["Chaos","Barrage","Redo"],"picked":"SKIP","floor":5},{"not_picked":["Stack","White Noise","Rebound"],"picked":"SKIP","floor":6},{"not_picked":["Seek","BootSequence"],"picked":"Chill","floor":8},{"not_picked":["Sunder","Rebound","Rip and Tear"],"picked":"Hologram","floor":14}],"player_experience":1381374,"relics_obtained":[{"floor":6,"key":"Matryoshka"},{"floor":8,"key":"Question Card"},{"floor":9,"key":"Boot"},{"floor":9,"key":"Ornamental Fan"}],"event_choices":[{"damage_healed":0,"gold_gain":275,"player_choice":"Desecrate","damage_taken":0,"max_hp_gain":0,"max_hp_loss":0,"event_name":"Golden Shrine","floor":2,"gold_loss":0,"cards_obtained":["Regret"]},{"cards_removed":["Regret"],"damage_healed":0,"gold_gain":0,"player_choice":"Card Removal","damage_taken":0,"max_hp_gain":0,"max_hp_loss":0,"event_name":"The Cleric","floor":11,"gold_loss":75}],"is_beta":false,"boss_relics":[],"items_purged_floors":[12],"is_endless":false,"potions_floor_spawned":[5,6,8,14],"killed_by":"Hexaghost","ascension_level":20}