{"gold_per_floor":[117,117,117,117,129,212,224,274,286,313,350,327,352,404,416,524,536,564,2,2],"floor_reached":20,"playtime":450,"items_purged":["Strike_B"],"score":480,"play_id":"ce6f8bc6-3707-4084-a155-be0a846031e0","local_time":"20190405214122","is_ascension_mode":true,"campfire_choices":[{"data":"Zap","floor":7,"key":"SMITH"},{"data":"Loop","floor":15,"key":"SMITH"}],"neow_cost":"NONE","seed_source_timestamp":642908545384500,"circlet_count":0,"master_deck":["AscendersBane","Strike_B","Strike_B","Defend_B","Defend_B","Defend_B","Defend_B","Zap+1","Dualcast","Cold Snap","Ball Lightning","Loop+1","Cold Snap","Rainbow","Melter","Consume","Sunder","Capacitor"],"relics":["Cracked Core","NeowsBlessing","Golden Idol","MawBank","Tiny Chest","Regal Pillow","Bag of Marbles","Snecko Eye","DataDisk"],"potions_floor_usage":[14,16,20],"damage_taken":[{"damage":0,"enemies":"2 Louse","floor":1,"turns":1},{"damage":0,"enemies":"Gremlin Nob","floor":6,"turns":1},{"damage":0,"enemies":"3 Sentries","floor":8,"turns":1},{"damage":2,"enemies":"Jaw Worm","floor":10,"turns":3},{"damage":0,"enemies":"Cultist","floor":11,"turns":3},{"damage":14,"enemies":"Blue Slaver","floor":13,"turns":3},{"damage":13,"enemies":"Gremlin Nob","floor":14,"turns":4},{"damage":26,"enemies":"Slime Boss","floor":16,"turns":10},{"damage":35,"enemies":"Shell Parasite","floor":18,"turns":4},{"damage":0,"enemies":"Colosseum Slavers","floor":20,"turns":1}],"seed_played":"2081987766289077227","potions_obtained":[{"floor":6,"key":"AttackPotion"},{"floor":8,"key":"Swift Potion"},{"floor":11,"key":"SteroidPotion"}],"is_trial":false,"path_per_floor":["M","?","?","?","$","E","R","E","T","M","M","?","M","E","R","B",null,"M","$","?"],"character_chosen":"DEFECT","items_purchased":["DataDisk","Consume","Sunder","Capacitor","Energy Potion","LiquidBronze"],"campfire_rested":0,"item_purchase_floors":[19,19,19,19,19,19],"current_hp_per_floor":[64,64,40,40,40,40,40,40,40,38,38,55,41,28,28,2,54,19,19,19],"gold":2,"neow_bonus":"THREE_ENEMY_KILL","is_prod":false,"is_daily":false,"chose_seed":false,"campfire_upgraded":2,"win_rate":0,"timestamp":1554468082,"path_taken":["M","?","?","?","$","E","R","E","T","M","?","?","M","E","R","BOSS","M","$","?"],"build_version":"2019-01-23","purchased_purges":1,"victory":false,"max_hp_per_floor":[71,71,71,71,71,71,71,71,71,71,71,71,71,71,71,71,71,71,71,71],"card_choices":[{"not_picked":["Compile Driver","Conserve Battery"],"picked":"Cold Snap","floor":1},{"not_picked":["Compile Driver","Hello World"],"picked":"Ball Lightning","floor":6},{"not_picked":["Capacitor","Hologram"],"picked":"Loop","floor":8},{"not_picked":["Hologram","Rebound","Reinforced Body"],"picked":"SKIP","floor":10},{"not_picked":["Hello World","Gash","Turbo"],"picked":"SKIP","floor":11},{"not_picked":["Rebound","Coolheaded"],"picked":"Cold Snap","floor":13},{"not_picked":["All For One","Storm","Streamline"],"picked":"SKIP","floor":14},{"not_picked":["Machine Learning","Amplify"],"picked":"Rainbow","floor":16},{"not_picked":["Cold Snap","Redo"],"picked":"Melter","floor":18}],"player_experience":2901665,"relics_obtained":[{"floor":6,"key":"Tiny Chest"},{"floor":8,"key":"Regal Pillow"},{"floor":14,"key":"Bag of Marbles"}],"event_choices":[{"damage_healed":0,"gold_gain":0,"cards_transformed":["Strike_B"],"player_choice":"Change","damage_taken":0,"max_hp_gain":0,"max_hp_loss":0,"event_name":"Living Wall","floor":2,"gold_loss":0,"cards_obtained":["Capacitor"]},{"damage_healed":0,"gold_gain":0,"player_choice":"Take Damage","damage_taken":24,"relics_obtained":["Golden Idol"],"max_hp_gain":0,"max_hp_loss":0,"event_name":"Golden Idol","floor":3,"gold_loss":0},{"cards_removed":["Capacitor"],"damage_healed":0,"gold_gain":0,"player_choice":"Gave Card","damage_taken":0,"relics_obtained":["MawBank"],"max_hp_gain":0,"max_hp_loss":0,"event_name":"WeMeetAgain","floor":4,"gold_loss":0},{"damage_healed":17,"gold_gain":0,"player_choice":"Healed","damage_taken":0,"max_hp_gain":0,"max_hp_loss":0,"event_name":"The Cleric","floor":12,"gold_loss":35},{"damage_healed":0,"gold_gain":0,"player_choice":"Fight","damage_taken":0,"max_hp_gain":0,"max_hp_loss":0,"event_name":"Colosseum","floor":20,"gold_loss":0}],"is_beta":false,"boss_relics":[{"not_picked":["Philosopher\u0027s Stone","Black Star"],"picked":"Snecko Eye"}],"items_purged_floors":[19],"is_endless":false,"potions_floor_spawned":[6,8,11],"killed_by":"Colosseum Slavers","ascension_level":20}