{"gold_per_floor":[219,219,0,16,43,43,57,57,80,80,80,97,116,136,136,210,210,225,238,238,238,238,238,21,21,72,107,107],"floor_reached":28,"playtime":1637,"items_purged":["Decay"],"score":396,"play_id":"a349f972-cd99-49aa-93af-91a4c3a3c0ce","local_time":"20181118111634","is_ascension_mode":true,"campfire_choices":[{"floor":6,"key":"REST"},{"data":"Discovery","floor":8,"key":"SMITH"},{"floor":15,"key":"REST"},{"floor":23,"key":"REST"},{"floor":25,"key":"REST"}],"neow_cost":"NONE","seed_source_timestamp":56743686564664,"circlet_count":0,"master_deck":["AscendersBane","Strike_B","Strike_B","Strike_B","Strike_B","Defend_B","Defend_B","Defend_B","Defend_B","Zap","Dualcast","Glacier","Discovery+1","Loop","Capacitor","Redo","Loop","Cold Snap","White Noise","Echo Form","Leap","Cold Snap","Storm","Defragment"],"relics":["Cracked Core","NlothsMask","Regal Pillow","Black Star","Omamori","Vajra","Potion Belt"],"potions_floor_usage":[12,13,16,16,21,21,27,27],"damage_taken":[{"damage":7,"enemies":"Small Slimes","floor":1,"turns":3},{"damage":1,"enemies":"Cultist","floor":4,"turns":4},{"damage":2,"enemies":"Jaw Worm","floor":7,"turns":4},{"damage":1,"enemies":"Exordium Wildlife","floor":12,"turns":4},{"damage":3,"enemies":"Lots of Slimes","floor":13,"turns":4},{"damage":10,"enemies":"Looter","floor":14,"turns":3},{"damage":41,"enemies":"The Guardian","floor":16,"turns":9},{"damage":5,"enemies":"Chosen","floor":18,"turns":5},{"damage":18,"enemies":"Shell Parasite","floor":19,"turns":10},{"damage":34,"enemies":"Colosseum Slavers","floor":21,"turns":5},{"damage":50,"enemies":"Gremlin Leader","floor":27,"turns":7},{"damage":23,"enemies":"Cultist and Chosen","floor":28,"turns":5}],"seed_played":"-8485162817081689913","potions_obtained":[{"floor":12,"key":"SkillPotion"},{"floor":13,"key":"SpeedPotion"},{"floor":14,"key":"Swift Potion"},{"floor":16,"key":"SteroidPotion"},{"floor":18,"key":"SteroidPotion"}],"is_trial":false,"path_per_floor":["M","?","$","M","T","R","M","R","T","?","?","M","M","M","R","B",null,"M","M","$","?","?","R","$","R","T","E","M"],"character_chosen":"DEFECT","items_purchased":["Discovery","Loop","SkillPotion","Storm","Explosive Potion","Energy Potion"],"campfire_rested":4,"item_purchase_floors":[3,3,3,24,24,24],"current_hp_per_floor":[57,57,57,56,56,71,69,69,69,69,69,68,65,55,71,30,61,56,38,38,4,4,40,40,71,71,21,0],"gold":107,"neow_bonus":"HUNDRED_GOLD","is_prod":false,"is_daily":false,"chose_seed":false,"campfire_upgraded":1,"win_rate":0,"timestamp":1542532594,"path_taken":["M","?","$","?","?","R","M","R","T","?","?","M","M","M","R","BOSS","M","M","$","?","?","R","?","R","T","E","?"],"build_version":"2018-11-15","purchased_purges":1,"victory":false,"max_hp_per_floor":[71,71,71,71,71,71,71,71,71,71,71,71,71,71,71,71,71,71,71,71,71,71,71,71,71,71,71,71],"card_choices":[{"not_picked":["Conserve Battery","Stack"],"picked":"Glacier","floor":1},{"not_picked":["Hello World","Tempest"],"picked":"Capacitor","floor":4},{"not_picked":["Conserve Battery","Barrage"],"picked":"Redo","floor":7},{"not_picked":["Steam","Leap"],"picked":"Loop","floor":12},{"not_picked":["Hologram","Thunder Strike"],"picked":"Cold Snap","floor":13},{"not_picked":["Redo","Sweeping Beam"],"picked":"White Noise","floor":14},{"not_picked":["Rainbow","Hyperbeam"],"picked":"Echo Form","floor":16},{"not_picked":["Stack","Blizzard"],"picked":"Leap","floor":18},{"not_picked":["Rebound","Stack+1"],"picked":"Cold Snap","floor":19},{"not_picked":["Stack","Recycle"],"picked":"Defragment","floor":27}],"player_experience":774331,"relics_obtained":[{"floor":9,"key":"Regal Pillow"},{"floor":26,"key":"Omamori"},{"floor":27,"key":"Vajra"},{"floor":27,"key":"Potion Belt"}],"event_choices":[{"damage_healed":0,"gold_gain":0,"player_choice":"Trade","damage_taken":0,"relics_obtained":["NlothsMask"],"max_hp_gain":0,"max_hp_loss":0,"event_name":"FaceTrader","floor":2,"gold_loss":0},{"damage_healed":0,"gold_gain":0,"player_choice":"Ignored","damage_taken":0,"max_hp_gain":0,"max_hp_loss":0,"event_name":"Golden Wing","floor":10,"gold_loss":0},{"damage_healed":0,"gold_gain":0,"player_choice":"Leave","damage_taken":0,"max_hp_gain":0,"max_hp_loss":0,"event_name":"The Cleric","floor":11,"gold_loss":0},{"damage_healed":0,"gold_gain":0,"player_choice":"Fight","damage_taken":0,"max_hp_gain":0,"max_hp_loss":0,"event_name":"Colosseum","floor":21,"gold_loss":0},{"damage_healed":0,"gold_gain":0,"player_choice":"Fled From Nobs","damage_taken":0,"max_hp_gain":0,"max_hp_loss":0,"event_name":"Colosseum","floor":21,"gold_loss":0},{"damage_healed":0,"gold_gain":0,"player_choice":"Smashed Altar","damage_taken":0,"max_hp_gain":0,"max_hp_loss":0,"event_name":"Forgotten Altar","floor":22,"gold_loss":0,"cards_obtained":["Decay"]}],"is_beta":false,"boss_relics":[{"not_picked":["Fusion Hammer","Pandora\u0027s Box"],"picked":"Black Star"}],"items_purged_floors":[24],"is_endless":false,"potions_floor_spawned":[12,13,14,16,18,21],"killed_by":"Cultist and Chosen","ascension_level":15}