{"gold_per_floor":[118,193,193,118,134,173,173,173,173,193,208,231,247,291,291,384,384,404,420,1,19,43,43,57,57,57,57,57,71,71,86,86,86],"floor_reached":33,"playtime":2999,"items_purged":[],"score":543,"play_id":"5e5d0def-d8d0-4905-b031-1e9383081262","local_time":"20190318132501","is_ascension_mode":true,"campfire_choices":[{"floor":7.0,"key":"REST"},{"floor":15.0,"key":"REST"},{"floor":23.0,"key":"REST"},{"floor":25.0,"key":"REST"},{"data":"Echo Form","floor":27.0,"key":"SMITH"},{"floor":32,"key":"REST"}],"neow_cost":"NONE","seed_source_timestamp":0,"circlet_count":0,"master_deck":["AscendersBane","Strike_B","Strike_B","Strike_B","Strike_B","Defend_B","Defend_B","Defend_B","Defend_B","Zap","Dualcast","Cold Snap","Compile Driver","Ball Lightning","Loop","Cold Snap","Leap","Self Repair","Echo Form+1","Machine Learning","Sunder","Ball Lightning","Self Repair","Chaos","Doom and Gloom","Cold Snap","Chill+1","Self Repair","Force Field"],"special_seed":0,"relics":["Cracked Core","NeowsBlessing","Golden Idol","Orichalcum","Potion Belt","Ornamental Fan","Bird Faced Urn","Lizard Tail","Lantern","Nunchaku"],"potions_floor_usage":[29],"damage_taken":[{"damage":0.0,"enemies":"2 Louse","floor":1.0,"turns":1.0},{"damage":0.0,"enemies":"Cultist","floor":5.0,"turns":1.0},{"damage":0.0,"enemies":"3 Sentries","floor":6.0,"turns":1.0},{"damage":0.0,"enemies":"Small Slimes","floor":10.0,"turns":2.0},{"damage":3.0,"enemies":"2 Fungi Beasts","floor":11.0,"turns":3.0},{"damage":3.0,"enemies":"Exordium Thugs","floor":12.0,"turns":4.0},{"damage":1.0,"enemies":"Looter","floor":13.0,"turns":3.0},{"damage":14.0,"enemies":"Gremlin Nob","floor":14.0,"turns":6.0},{"damage":24.0,"enemies":"Slime Boss","floor":16.0,"turns":9.0},{"damage":64.0,"enemies":"3 Byrds","floor":18.0,"turns":7.0},{"damage":12.0,"enemies":"Spheric Guardian","floor":19.0,"turns":7.0},{"damage":54.0,"enemies":"Shelled Parasite and Fungi","floor":21.0,"turns":6.0},{"damage":42.0,"enemies":"Cultist and Chosen","floor":22.0,"turns":6.0},{"damage":34.0,"enemies":"Centurion and Healer","floor":24.0,"turns":7.0},{"damage":53,"enemies":"Snake Plant","floor":29,"turns":7},{"damage":59,"enemies":"3 Cultists","floor":31,"turns":6},{"damage":70,"enemies":"Automaton","floor":33,"turns":8}],"seed_played":"-8408633132940839987","potions_obtained":[{"floor":10.0,"key":"EssenceOfSteel"},{"floor":11.0,"key":"SpeedPotion"},{"floor":12.0,"key":"FocusPotion"},{"floor":13.0,"key":"Weak Potion"},{"floor":16.0,"key":"GamblersBrew"},{"floor":21.0,"key":"FocusPotion"},{"floor":22.0,"key":"SteroidPotion"},{"floor":29,"key":"LiquidBronze"}],"is_trial":false,"path_per_floor":["M","?","?","?","M","E","R","T","T","M","M","M","M","E","R","B",null,"M","M","$","M","M","R","M","R","T","R","?","M","?","M","R","B"],"character_chosen":"DEFECT","items_purchased":["Self Repair","Chaos","Lantern","Fire Potion","EssenceOfSteel"],"campfire_rested":5,"item_purchase_floors":[20,20,20,20,20],"current_hp_per_floor":[64,53,53,53,53,53,71,71,71,71,68,65,64,57,71,65,70,16,30,30,43,23,44,54,71,71,71,71,67,67,39,60,0],"gold":86,"neow_bonus":"THREE_ENEMY_KILL","is_prod":false,"is_daily":false,"chose_seed":false,"campfire_upgraded":1,"win_rate":0,"timestamp":1552908301,"path_taken":["M","?","?","?","M","E","R","?","T","?","M","M","M","E","R","BOSS","M","M","$","M","M","R","?","R","T","R","?","?","?","M","R","BOSS"],"build_version":"2019-01-23","purchased_purges":0,"victory":false,"max_hp_per_floor":[71,71,71,71,71,71,71,71,71,71,71,71,71,71,71,71,71,71,71,71,71,71,71,71,71,71,71,71,71,71,71,71,71],"card_choices":[{"not_picked":["Compile Driver","Turbo"],"picked":"Cold Snap","floor":1.0},{"not_picked":["Gash","Go for the Eyes"],"picked":"Compile Driver","floor":5.0},{"not_picked":["Coolheaded","Beam Cell"],"picked":"Ball Lightning","floor":6.0},{"not_picked":["Ball Lightning","Barrage"],"picked":"Loop","floor":10.0},{"not_picked":["Go for the Eyes","Glacier"],"picked":"Cold Snap","floor":11.0},{"not_picked":["Hologram","Coolheaded"],"picked":"Leap","floor":12.0},{"not_picked":["Glacier","Chaos"],"picked":"Self Repair","floor":13.0},{"not_picked":["Reprogram","BootSequence"],"picked":"Echo Form","floor":14.0},{"not_picked":["Fission","Rainbow"],"picked":"Machine Learning","floor":16.0},{"not_picked":["Hologram","Streamline"],"picked":"Sunder","floor":18.0},{"not_picked":["Fusion","Compile Driver"],"picked":"Ball Lightning","floor":19.0},{"not_picked":["Gash","Coolheaded"],"picked":"Doom and Gloom","floor":21.0},{"not_picked":["Stack","Hologram"],"picked":"Cold Snap","floor":22.0},{"not_picked":["Turbo","Gash"],"picked":"Chill+1","floor":24.0},{"not_picked":["Beam Cell","Turbo","Tempest"],"picked":"SKIP","floor":29},{"not_picked":["Melter","Leap"],"picked":"Force Field","floor":31}],"player_experience":1108029,"relics_obtained":[{"floor":6.0,"key":"Orichalcum"},{"floor":8.0,"key":"Potion Belt"},{"floor":9.0,"key":"Ornamental Fan"},{"floor":14.0,"key":"Bird Faced Urn"},{"floor":26.0,"key":"Nunchaku"}],"event_choices":[{"damage_healed":0.0,"max_hp_gain":0.0,"max_hp_loss":0.0,"gold_gain":75.0,"event_name":"World of Goop","player_choice":"Gather Gold","floor":2.0,"gold_loss":0.0,"damage_taken":11.0},{"damage_healed":0.0,"max_hp_gain":0.0,"max_hp_loss":0.0,"gold_gain":0.0,"event_name":"Golden Idol","player_choice":"Take Wound","floor":3.0,"gold_loss":0.0,"damage_taken":0.0,"relics_obtained":["Golden Idol"],"cards_obtained":["Injury"]},{"cards_removed":["Injury"],"damage_healed":0.0,"max_hp_gain":0.0,"max_hp_loss":0.0,"gold_gain":0.0,"event_name":"The Cleric","player_choice":"Card Removal","floor":4.0,"gold_loss":75.0,"damage_taken":0.0},{"damage_healed":0.0,"max_hp_gain":0.0,"max_hp_loss":0.0,"gold_gain":0.0,"event_name":"Duplicator","player_choice":"Copied","floor":28.0,"gold_loss":0.0,"damage_taken":0.0,"cards_obtained":["Self Repair"]},{"damage_healed":0,"gold_gain":0,"player_choice":"Ignored","damage_taken":0,"max_hp_gain":0,"max_hp_loss":0,"event_name":"Purifier","floor":30,"gold_loss":0}],"is_beta":false,"boss_relics":[{"not_picked":["FrozenCore","White Beast Statue"],"picked":"Lizard Tail"}],"items_purged_floors":[],"is_endless":false,"potions_floor_spawned":[10,11,12,13,16,21,22,29],"killed_by":"Automaton","ascension_level":18}