{"gold_per_floor":[363,376,52,52,52,52,52,52,126,126,138,148,165,165,194,194,293,293],"floor_reached":18,"playtime":296,"items_purged":["Shockwave"],"score":210,"play_id":"871395a8-52f2-4e69-8ec3-2888e01d9215","local_time":"20190415030206","is_ascension_mode":false,"campfire_choices":[{"data":"Whirlwind","floor":6,"key":"SMITH"},{"data":"Whirlwind","floor":14,"key":"SMITH"},{"data":"Body Slam","floor":16,"key":"SMITH"}],"neow_cost":"PERCENT_DAMAGE","seed_source_timestamp":228518437730700,"circlet_count":0,"master_deck":["Berserk","Shockwave+1","Body Slam+1","True Grit+1","Impervious","Whirlwind+1","Battle Trance","Whirlwind+1","Double Tap","Clash+1","Inflame+1","Entrench+1"],"relics":["Burning Blood","PreservedInsect","Pen Nib","Question Card","Mango","Astrolabe"],"potions_floor_usage":[17],"damage_taken":[{"damage":3,"enemies":"Cultist","floor":1,"turns":4},{"damage":0,"enemies":"Small Slimes","floor":2,"turns":3},{"damage":8,"enemies":"Jaw Worm","floor":11,"turns":2},{"damage":0,"enemies":"Blue Slaver","floor":12,"turns":3},{"damage":21,"enemies":"Exordium Thugs","floor":13,"turns":3},{"damage":0,"enemies":"Gremlin Nob","floor":15,"turns":2},{"damage":13,"enemies":"The Guardian","floor":17,"turns":5}],"seed_played":"-4819898378519909825","potions_obtained":[{"floor":11,"key":"SteroidPotion"},{"floor":12,"key":"PowerPotion"},{"floor":17,"key":"LiquidBronze"}],"is_trial":false,"path_per_floor":["M","M","$","?","?","R","?","$","T","T","M","M","M","R","E","R","B",null],"character_chosen":"IRONCLAD","items_purchased":["PreservedInsect","SmokeBomb"],"campfire_rested":0,"item_purchase_floors":[3,3],"current_hp_per_floor":[59,65,65,58,42,42,35,35,35,35,33,39,24,24,44,44,37,94],"gold":293,"neow_bonus":"TWO_FIFTY_GOLD","is_prod":false,"is_daily":false,"chose_seed":false,"campfire_upgraded":3,"win_rate":0,"timestamp":1555264926,"path_taken":["M","?","$","?","?","R","?","?","T","M","?","M","R","E","R","BOSS"],"build_version":"2019-01-23","purchased_purges":1,"victory":false,"max_hp_per_floor":[80,80,80,80,80,80,80,80,80,80,80,80,80,80,94,94,94,94],"card_choices":[{"not_picked":["Pommel Strike","Twin Strike"],"picked":"Battle Trance","floor":1},{"not_picked":["Body Slam","Pummel"],"picked":"Seeing Red","floor":2},{"not_picked":["Reckless Charge","Warcry","Twin Strike"],"picked":"Whirlwind","floor":11},{"not_picked":["Corruption","Power Through","Heavy Blade","Flex"],"picked":"SKIP","floor":12},{"not_picked":["Cleave","Power Through","Flame Barrier","Body Slam"],"picked":"SKIP","floor":13},{"not_picked":["Armaments","Cleave","Infernal Blade","Twin Strike"],"picked":"SKIP","floor":15},{"not_picked":["Impervious","Demon Form","Bludgeon"],"picked":"Double Tap","floor":17}],"player_experience":3147322,"relics_obtained":[{"floor":9,"key":"Question Card"},{"floor":15,"key":"Mango"}],"event_choices":[{"damage_healed":0,"gold_gain":0,"player_choice":"Success","damage_taken":7,"relics_obtained":["Pen Nib"],"max_hp_gain":0,"max_hp_loss":0,"event_name":"Scrap Ooze","floor":4,"gold_loss":0},{"damage_healed":0,"gold_gain":0,"player_choice":"Entered Light","damage_taken":16,"max_hp_gain":0,"max_hp_loss":0,"event_name":"Shining Light","floor":5,"gold_loss":0,"cards_upgraded":["Shockwave","True Grit"]},{"cards_removed":["Armaments"],"damage_healed":0,"gold_gain":0,"player_choice":"Card Removal","damage_taken":7,"max_hp_gain":0,"max_hp_loss":0,"event_name":"Golden Wing","floor":7,"gold_loss":0}],"is_beta":false,"boss_relics":[{"not_picked":["Lizard Tail","Empty Cage"],"picked":"Astrolabe"}],"items_purged_floors":[3],"is_endless":false,"potions_floor_spawned":[11,12,13,17],"ascension_level":0}