{"gold_per_floor":[114,132,162,16,35,35,68,68,94,94,113,129,139,149,149,245,245,265,285,301,316,333,364,364,104,130,130,130,130,145,158,158,258,258,269,269,289,308,332,332,345,361,361,266,294,310,310,310,310,310,310,310,61,88,88],"floor_reached":56,"playtime":978,"items_purged":[],"score":2130,"play_id":"7ecdfb1d-3eba-4477-b265-5bdebf71e0f2","local_time":"20190420200857","daily_mods":["Hoarder","Insanity","Colorless Cards","Flight","Cursed Run","Uncertain Future"],"is_ascension_mode":false,"campfire_choices":[{"data":"Dual Wield","floor":6,"key":"SMITH"},{"data":"Corruption","floor":10,"key":"SMITH"},{"floor":15,"key":"RECALL"},{"data":"Perfected Strike","floor":24,"key":"SMITH"},{"data":"Armaments","floor":27,"key":"SMITH"},{"data":"Sword Boomerang","floor":32,"key":"SMITH"},{"data":"True Grit","floor":40,"key":"SMITH"},{"data":"Dual Wield","floor":47,"key":"SMITH"},{"data":"Mind Blast","floor":49,"key":"SMITH"},{"data":"Perfected Strike","floor":52,"key":"SMITH"}],"neow_cost":"","seed_source_timestamp":402496944570500,"circlet_count":0,"master_deck":["Good Instincts","Body Slam","Iron Wave","Sword Boomerang","Havoc","Iron Wave","Sword Boomerang+1","Clash","Corruption+1","Iron Wave","Jack Of All Trades","Madness","Shrug It Off","Perfected Strike+1","Dark Shackles","Dramatic Entrance","True Grit","Flex","Cleave","Pommel Strike","Body Slam","Enlightenment","Rampage","Pommel Strike","Flame Barrier","True Grit+1","Armaments+1","Body Slam","Dual Wield+1","Flex","Havoc","Warcry","Blind","Sword Boomerang","Sword Boomerang","Armaments","Shockwave","Shrug It Off","Jack Of All Trades","Pummel","Flex","Armaments","Dual Wield+1","Body Slam","Flex","Mind Blast+1","Panacea","Panacea","Battle Trance","Battle Trance","Battle Trance","Perfected Strike+1","Perfected Strike","Perfected Strike","True Grit","True Grit","True Grit","Pain","Pain","Pain","Armaments","Armaments","Armaments","Armaments","Armaments","Armaments","Jack Of All Trades","Jack Of All Trades","Jack Of All Trades","Metallicize","Metallicize","Metallicize","Shame","Shame","Shame","Mayhem","Mayhem","Twin Strike","Twin Strike","Twin Strike","Burning Pact","Burning Pact","Burning Pact","Pommel Strike","Pommel Strike","Pommel Strike","Barricade","Barricade","Barricade","Thunderclap","Thunderclap","Thunderclap","Pommel Strike+1","Pommel Strike+1","Pommel Strike+1","Warcry","Warcry","Warcry","Twin Strike","Twin Strike","Twin Strike","Second Wind+1","Second Wind+1","Second Wind+1","Whirlwind","Whirlwind","Whirlwind","Corruption","Corruption","Corruption","Regret","Regret","Regret","Bite","Bite","Bite","Bite","Bite","Bite","Bite","Bite","Bite","Bite","Bite","Bite","Bite","Bite","Bite","Pommel Strike","Pommel Strike","Pommel Strike","Body Slam+1","Body Slam+1","Body Slam+1","Pain","Pain","Pain","Limit Break","Limit Break","Limit Break","Flash of Steel+1","Flash of Steel+1","Flash of Steel+1","Purity+1","Purity+1","Purity+1","Apotheosis+1","Apotheosis+1","Apotheosis+1","Pommel Strike","Pommel Strike","Pommel Strike","Second Wind+1","Second Wind+1","Second Wind+1","Power Through+1","Power Through+1","Power Through+1","Pain","Pain","Pain","Shrug It Off+1","Shrug It Off+1","Shrug It Off+1","Wild Strike+1","Wild Strike+1","Wild Strike+1","Shame","Shame","Shame","Finesse","Finesse","Finesse","Battle Trance","Battle Trance","Battle Trance","Sentinel+1","Sentinel+1","Sentinel+1","Decay","Decay","Decay","Decay","Decay","Decay","Evolve+1","Evolve+1","Evolve+1","Dual Wield","Dual Wield","Dual Wield","Doubt","Doubt","Doubt"],"relics":["Cursed Key","Darkstone Periapt","Du-Vu Doll","Tiny Chest","Pen Nib","Gambling Chip","Oddly Smooth Stone","Orrery","FossilizedHelix","Blue Candle","Bronze Scales","Astrolabe","Frozen Egg 2","Orichalcum","Bottled Flame","Torii"],"potions_floor_usage":[16,23,55],"damage_taken":[{"damage":0,"enemies":"Cultist","floor":1,"turns":1},{"damage":2,"enemies":"Small Slimes","floor":2,"turns":2},{"damage":0,"enemies":"2 Louse","floor":5,"turns":1},{"damage":0,"enemies":"Gremlin Nob","floor":7,"turns":2},{"damage":0,"enemies":"Large Slime","floor":11,"turns":1},{"damage":0,"enemies":"Exordium Wildlife","floor":12,"turns":1},{"damage":0,"enemies":"Blue Slaver","floor":13,"turns":1},{"damage":0,"enemies":"2 Fungi Beasts","floor":14,"turns":2},{"damage":0,"enemies":"Slime Boss","floor":16,"turns":4},{"damage":0,"enemies":"Shell Parasite","floor":18,"turns":1},{"damage":5,"enemies":"3 Byrds","floor":19,"turns":2},{"damage":0,"enemies":"Shelled Parasite and Fungi","floor":20,"turns":1},{"damage":0,"enemies":"Centurion and Healer","floor":21,"turns":2},{"damage":10,"enemies":"Sentry and Sphere","floor":22,"turns":3},{"damage":14,"enemies":"Slavers","floor":23,"turns":2},{"damage":0,"enemies":"Chosen and Byrds","floor":30,"turns":2},{"damage":0,"enemies":"Shelled Parasite and Fungi","floor":31,"turns":1},{"damage":0,"enemies":"Collector","floor":33,"turns":2},{"damage":0,"enemies":"Orb Walker","floor":35,"turns":1},{"damage":10,"enemies":"3 Shapes","floor":37,"turns":2},{"damage":0,"enemies":"Spire Growth","floor":38,"turns":1},{"damage":0,"enemies":"Sphere and 2 Shapes","floor":41,"turns":3},{"damage":0,"enemies":"3 Darklings","floor":42,"turns":2},{"damage":0,"enemies":"Giant Head","floor":45,"turns":2},{"damage":1,"enemies":"Transient","floor":46,"turns":4},{"damage":0,"enemies":"Awakened One","floor":50,"turns":3},{"damage":0,"enemies":"Shield and Spear","floor":54,"turns":1},{"damage":66,"enemies":"The Heart","floor":55,"turns":4}],"seed_played":"7353228109097467664","potions_obtained":[{"floor":1,"key":"BloodPotion"},{"floor":5,"key":"Explosive Potion"},{"floor":12,"key":"Fire Potion"},{"floor":16,"key":"Fruit Juice"},{"floor":20,"key":"Poison Potion"},{"floor":23,"key":"SpeedPotion"},{"floor":42,"key":"SmokeBomb"}],"is_trial":true,"path_per_floor":["M","M","?","$","M","R","E","$","T","R","M","M","M","M","R","B",null,"M","M","M","M","M","E","R","$","T","R","?","?","M","M","R","B",null,"M","?","M","M","T","R","M","M","T","$","E","M","R","T","R","B",null,"R","$","E","B",null],"character_chosen":"IRONCLAD","items_purchased":["Pen Nib","Blue Candle","Finesse","Evolve+1","FairyPotion","LiquidBronze"],"campfire_rested":0,"item_purchase_floors":[4,25,44,53,53,53],"current_hp_per_floor":[80,78,78,78,78,78,78,78,84,84,84,84,84,84,84,95,97,97,92,92,92,82,68,68,68,74,74,74,72,72,72,72,78,78,78,78,68,68,74,74,78,80,86,86,86,87,87,93,93,99,102,102,102,102,42],"gold":88,"neow_bonus":"","is_prod":false,"is_daily":false,"chose_seed":false,"campfire_upgraded":9,"win_rate":0,"timestamp":1555758537,"path_taken":["M","M","?","?","M","R","E","$","T","R","?","M","M","M","R","BOSS","M","M","M","M","?","E","R","$","T","R","?","?","M","M","R","BOSS","M","?","M","M","?","R","M","M","T","$","E","M","R","?","R","BOSS","R","$","E","BOSS"],"build_version":"2019-01-23","purchased_purges":0,"victory":true,"max_hp_per_floor":[80,80,80,80,80,80,80,80,86,86,86,86,86,86,86,97,97,97,97,97,97,97,97,97,97,103,103,103,72,72,72,72,78,78,78,78,78,78,84,84,84,84,90,90,90,90,90,96,96,102,102,102,102,102,108],"card_choices":[{"not_picked":["Pummel","Jack Of All Trades"],"picked":"Panacea","floor":1},{"not_picked":["Panacea","Combust"],"picked":"Battle Trance","floor":2},{"not_picked":["Flame Barrier","Wild Strike"],"picked":"Perfected Strike","floor":5},{"not_picked":["Sword Boomerang","Corruption"],"picked":"True Grit","floor":7},{"not_picked":["Armaments","Clash","Purity"],"picked":"SKIP","floor":11},{"not_picked":["Clash","Purity"],"picked":"Armaments","floor":11},{"not_picked":["Clash","Clothesline"],"picked":"Armaments","floor":12},{"not_picked":["Sword Boomerang","Anger"],"picked":"Jack Of All Trades","floor":13},{"not_picked":["Dual Wield","Flex"],"picked":"Metallicize","floor":14},{"not_picked":["Berserk","Dark Embrace"],"picked":"Mayhem","floor":16},{"not_picked":["Sword Boomerang","Havoc"],"picked":"Twin Strike","floor":17},{"not_picked":["Dramatic Entrance","PanicButton"],"picked":"Burning Pact","floor":17},{"not_picked":["Sword Boomerang","Anger"],"picked":"Pommel Strike","floor":17},{"not_picked":["Twin Strike","Flex"],"picked":"Barricade","floor":17},{"not_picked":["Anger","Heavy Blade"],"picked":"Thunderclap","floor":17},{"not_picked":["Iron Wave","PanicButton"],"picked":"Pommel Strike+1","floor":18},{"not_picked":["Rupture","Intimidate"],"picked":"Warcry","floor":19},{"not_picked":["Thunderclap","Sentinel"],"picked":"Twin Strike","floor":20},{"not_picked":["Wild Strike","Madness"],"picked":"Second Wind+1","floor":21},{"not_picked":["Shrug It Off","Flash of Steel"],"picked":"Whirlwind","floor":22},{"not_picked":["Searing Blow","Armaments"],"picked":"Corruption","floor":23},{"not_picked":["Flex","Infernal Blade+1"],"picked":"Pommel Strike","floor":30},{"not_picked":["Warcry","Burning Pact"],"picked":"Body Slam+1","floor":31},{"not_picked":["HandOfGreed","The Bomb"],"picked":"Limit Break","floor":33},{"not_picked":["Combust","True Grit"],"picked":"Pommel Strike","floor":35},{"not_picked":["Flame Barrier","Twin Strike+1"],"picked":"Second Wind+1","floor":37},{"not_picked":["Havoc","Hemokinesis"],"picked":"Power Through+1","floor":38},{"not_picked":["Intimidate","Sadistic Nature"],"picked":"Shrug It Off+1","floor":41},{"not_picked":["Clash","Second Wind+1"],"picked":"Wild Strike+1","floor":42},{"not_picked":["Heavy Blade","Purity+1"],"picked":"Battle Trance","floor":45},{"not_picked":["Double Tap","Headbutt"],"picked":"Sentinel+1","floor":46},{"not_picked":["Havoc","Anger+1"],"picked":"Dual Wield","floor":54}],"player_experience":3256385,"relics_obtained":[{"floor":7,"key":"Gambling Chip"},{"floor":9,"key":"Oddly Smooth Stone"},{"floor":23,"key":"FossilizedHelix"},{"floor":26,"key":"Bronze Scales"},{"floor":43,"key":"Frozen Egg 2"},{"floor":45,"key":"Orichalcum"},{"floor":48,"key":"Bottled Flame"},{"floor":54,"key":"Torii"}],"event_choices":[{"cards_removed":["Panacea"],"damage_healed":0,"gold_gain":0,"player_choice":"Gave Card","damage_taken":0,"relics_obtained":["Tiny Chest"],"max_hp_gain":0,"max_hp_loss":0,"event_name":"WeMeetAgain","floor":3,"gold_loss":0},{"cards_removed":["Carnage"],"damage_healed":0,"gold_gain":0,"player_choice":"Elegance","damage_taken":0,"max_hp_gain":0,"max_hp_loss":0,"event_name":"Back to Basics","floor":28,"gold_loss":0},{"damage_healed":0,"gold_gain":0,"player_choice":"Became a vampire","damage_taken":0,"max_hp_gain":0,"max_hp_loss":31,"event_name":"Vampires","floor":29,"gold_loss":0,"cards_obtained":["Bite","Bite","Bite","Bite","Bite"]},{"cards_removed":["Mayhem"],"damage_healed":0,"gold_gain":0,"player_choice":"Removed Power","damage_taken":0,"max_hp_gain":0,"max_hp_loss":0,"event_name":"Falling","floor":36,"gold_loss":0}],"is_beta":false,"boss_relics":[{"not_picked":["Lizard Tail","White Beast Statue"],"picked":"Orrery"},{"not_picked":["Eternal Feather","Runic Dome"],"picked":"Astrolabe"}],"items_purged_floors":[],"is_endless":false,"potions_floor_spawned":[1,5,12,13,16,20,21,22,23,33,37,42,45],"ascension_level":0}