{"gold_per_floor":[111,58,74,74,85,85,110,110,110,121,121,147,147,166,166,166],"floor_reached":16,"playtime":458,"items_purged":[],"score":220,"play_id":"731b6048-b1a3-466a-9216-0575c4b90b6e","local_time":"20190227121222","is_ascension_mode":true,"campfire_choices":[{"data":"Sunder","floor":6,"key":"SMITH"},{"data":"Zap","floor":8,"key":"SMITH"},{"data":"Beam Cell","floor":11,"key":"SMITH"},{"data":"Dualcast","floor":15,"key":"SMITH"}],"neow_cost":"NONE","seed_source_timestamp":99414612681400,"circlet_count":0,"master_deck":["AscendersBane","Strike_B","Strike_B","Strike_B","Defend_B","Defend_B","Defend_B","Zap+1","Dualcast+1","Cold Snap","Sunder+1","Leap","Beam Cell+1","Electrodynamics+1","Gash","Conserve Battery"],"relics":["Cracked Core","Art of War","Frozen Egg 2","Gremlin Horn","Question Card"],"potions_floor_usage":[7,12,16],"damage_taken":[{"damage":4,"enemies":"Jaw Worm","floor":1,"turns":4},{"damage":1,"enemies":"2 Louse","floor":3,"turns":4},{"damage":0,"enemies":"Cultist","floor":5,"turns":3},{"damage":20,"enemies":"Lagavulin","floor":7,"turns":5},{"damage":4,"enemies":"Red Slaver","floor":10,"turns":4},{"damage":11,"enemies":"3 Sentries","floor":12,"turns":4},{"damage":0,"enemies":"3 Louse","floor":14,"turns":2},{"damage":20,"enemies":"Hexaghost","floor":16,"turns":7}],"seed_played":"6234629983165968886","potions_obtained":[{"floor":5,"key":"FearPotion"},{"floor":10,"key":"Poison Potion"}],"is_trial":false,"path_per_floor":["M","$","M","?","M","R","E","R","T","M","R","E","?","M","R","B"],"character_chosen":"DEFECT","items_purchased":["Fire Potion"],"campfire_rested":0,"item_purchase_floors":[2],"current_hp_per_floor":[60,60,59,52,52,52,32,32,32,28,28,17,17,17,17,0],"gold":166,"neow_bonus":"RANDOM_COMMON_RELIC","is_prod":false,"is_daily":false,"chose_seed":false,"campfire_upgraded":4,"win_rate":0,"timestamp":1551237142,"path_taken":["M","$","M","?","M","R","E","R","T","M","R","E","?","M","R","BOSS"],"build_version":"2019-01-23","purchased_purges":0,"victory":false,"max_hp_per_floor":[71,71,71,71,71,71,71,71,71,71,71,71,71,71,71,71],"card_choices":[{"not_picked":["Beam Cell","Compile Driver"],"picked":"Cold Snap","floor":1},{"not_picked":["Steam","Static Discharge","Reinforced Body"],"picked":"SKIP","floor":3},{"not_picked":["Capacitor","Chill"],"picked":"Sunder","floor":5},{"not_picked":["Hologram","Reprogram"],"picked":"Leap","floor":7},{"not_picked":["Streamline","Auto Shields"],"picked":"Beam Cell","floor":10},{"not_picked":["Conserve Battery","Blizzard"],"picked":"Electrodynamics+1","floor":12},{"not_picked":["Redo","Sweeping Beam","Doom and Gloom"],"picked":"Conserve Battery","floor":14}],"player_experience":1854581,"relics_obtained":[{"floor":7,"key":"Frozen Egg 2"},{"floor":9,"key":"Gremlin Horn"},{"floor":12,"key":"Question Card"}],"event_choices":[{"cards_removed":["Defend_B"],"damage_healed":0,"gold_gain":0,"player_choice":"Card Removal","damage_taken":7,"max_hp_gain":0,"max_hp_loss":0,"event_name":"Golden Wing","floor":4,"gold_loss":0},{"damage_healed":0,"gold_gain":0,"cards_transformed":["Strike_B"],"player_choice":"Change","damage_taken":0,"max_hp_gain":0,"max_hp_loss":0,"event_name":"Living Wall","floor":13,"gold_loss":0,"cards_obtained":["Gash"]}],"is_beta":false,"boss_relics":[],"items_purged_floors":[],"is_endless":false,"potions_floor_spawned":[5,10],"killed_by":"Hexaghost","ascension_level":20}