{"gold_per_floor":[116,130,43,53,23,23,23,36,36,36,71,71,98,98,98,172,172,187,73,73,86,99,99,110,55,55,105,105,133,133,152,152,226,226,236,236,25,40,53,53],"floor_reached":40,"playtime":1079,"items_purged":["Strike_B"],"score":808,"play_id":"49a1d753-01ca-44a3-9eee-74d2522196e0","local_time":"20190329182415","is_ascension_mode":true,"campfire_choices":[{"data":"Defragment","floor":6.0,"key":"SMITH"},{"data":"Recycle","floor":10.0,"key":"SMITH"},{"floor":12.0,"key":"REST"},{"data":"Hologram","floor":15.0,"key":"SMITH"},{"data":"Electrodynamics","floor":23.0,"key":"SMITH"},{"floor":28.0,"key":"REST"},{"floor":30.0,"key":"REST"},{"floor":32.0,"key":"REST"}],"neow_cost":"NONE","seed_source_timestamp":25625624096400,"circlet_count":0,"master_deck":["AscendersBane","Strike_B+1","Strike_B","Defend_B","Defend_B","Defend_B","Defend_B","Zap+1","Dualcast","Recycle+1","Defragment+1","Melter","Hologram+1","Ball Lightning","Cold Snap","Electrodynamics+1","Glacier","Tempest+1","Glacier+1","Hologram+1","Turbo+1","Seek+1","Loop+1","Echo Form","Force Field+1","FTL+1"],"special_seed":0,"relics":["Cracked Core","NeowsBlessing","Juzu Bracelet","Shuriken","Odd Mushroom","Inserter","Toxic Egg 2","Mercury Hourglass","Thread and Needle","Runic Pyramid","OrangePellets"],"potions_floor_usage":[],"damage_taken":[{"damage":0.0,"enemies":"Cultist","floor":1.0,"turns":1.0},{"damage":0.0,"enemies":"Jaw Worm","floor":2.0,"turns":1.0},{"damage":0.0,"enemies":"Small Slimes","floor":4.0,"turns":1.0},{"damage":3.0,"enemies":"3 Louse","floor":8.0,"turns":4.0},{"damage":36.0,"enemies":"Gremlin Nob","floor":11.0,"turns":4.0},{"damage":14.0,"enemies":"The Mushroom Lair","floor":13.0,"turns":4.0},{"damage":6.0,"enemies":"The Guardian","floor":16.0,"turns":11.0},{"damage":13.0,"enemies":"Chosen","floor":18.0,"turns":5.0},{"damage":7.0,"enemies":"3 Byrds","floor":21.0,"turns":2.0},{"damage":0.0,"enemies":"3 Cultists","floor":22.0,"turns":4.0},{"damage":24.0,"enemies":"Shelled Parasite and Fungi","floor":24.0,"turns":6.0},{"damage":14.0,"enemies":"Gremlin Leader","floor":29.0,"turns":6.0},{"damage":0.0,"enemies":"Chosen and Byrds","floor":31.0,"turns":4.0},{"damage":12.0,"enemies":"Automaton","floor":33.0,"turns":9.0},{"damage":0.0,"enemies":"3 Shapes","floor":35.0,"turns":3.0},{"damage":0,"enemies":"Orb Walker","floor":38,"turns":3},{"damage":13,"enemies":"4 Shapes","floor":39,"turns":2},{"damage":53,"enemies":"Reptomancer","floor":40,"turns":3}],"seed_played":"6026936123064430985","potions_obtained":[{"floor":1.0,"key":"Block Potion"},{"floor":11.0,"key":"Poison Potion"},{"floor":13.0,"key":"Weak Potion"},{"floor":16.0,"key":"SteroidPotion"},{"floor":18.0,"key":"Poison Potion"},{"floor":29.0,"key":"LiquidBronze"},{"floor":31.0,"key":"EssenceOfSteel"}],"is_trial":false,"path_per_floor":["M","M","$","M","$","R","?","M","T","R","E","R","?","?","R","B",null,"M","$","?","M","M","R","M","$","T","?","R","E","R","M","R","B",null,"M","?","$","M","M","E"],"character_chosen":"DEFECT","items_purchased":["Defragment","Hologram","Glacier","Turbo+1","OrangePellets"],"campfire_rested":4,"item_purchase_floors":[3,5,19,25,37],"current_hp_per_floor":[64,64,64,64,64,64,43,40,40,40,4,25,11,11,11,5,55,42,42,42,35,35,35,11,11,11,11,32,18,39,39,60,48,65,65,65,65,65,52,0],"gold":53,"neow_bonus":"THREE_ENEMY_KILL","is_prod":false,"is_daily":false,"chose_seed":false,"campfire_upgraded":4,"win_rate":0,"timestamp":1553851455,"path_taken":["M","?","$","M","?","R","?","M","T","R","E","R","?","?","R","BOSS","M","$","?","M","M","R","M","?","T","?","R","E","R","M","R","BOSS","M","?","$","M","M","E"],"build_version":"2019-01-23","purchased_purges":1,"victory":false,"max_hp_per_floor":[71,71,71,71,71,71,71,71,71,71,71,71,71,71,71,71,71,71,71,71,71,71,71,71,71,71,71,71,71,71,71,71,71,71,71,71,71,71,71,71],"card_choices":[{"not_picked":["Fusion","Rip and Tear"],"picked":"Recycle","floor":1.0},{"not_picked":["Turbo","Ball Lightning","Hello World"],"picked":"SKIP","floor":2.0},{"not_picked":["Steam","Storm"],"picked":"Melter","floor":4.0},{"not_picked":["Rip and Tear","BootSequence"],"picked":"Ball Lightning","floor":8.0},{"not_picked":["Compile Driver","Ball Lightning"],"picked":"Cold Snap","floor":11.0},{"not_picked":["Hyperbeam","Machine Learning"],"picked":"Electrodynamics","floor":16.0},{"not_picked":["Sweeping Beam","Steam Power","Beam Cell+1"],"picked":"SKIP","floor":18.0},{"not_picked":["Sweeping Beam","Steam Power","Beam Cell+1"],"picked":"SKIP","floor":18.0},{"not_picked":["Leap+1","Loop"],"picked":"Tempest+1","floor":21.0},{"not_picked":["Redo+1","Rebound"],"picked":"Glacier+1","floor":22.0},{"not_picked":["Darkness+1","Steam+1"],"picked":"Hologram+1","floor":24.0},{"not_picked":["Tempest+1","Genetic Algorithm+1"],"picked":"Seek+1","floor":29.0},{"not_picked":["Force Field+1","Redo+1"],"picked":"Loop+1","floor":31.0},{"not_picked":["Creative AI","Multi-Cast+1"],"picked":"Echo Form","floor":33.0},{"not_picked":["Glacier+1","Genetic Algorithm+1"],"picked":"Force Field+1","floor":35.0},{"not_picked":["Steam+1","Doom and Gloom"],"picked":"FTL+1","floor":38},{"not_picked":["Go for the Eyes","Sweeping Beam","Stack+1"],"picked":"SKIP","floor":39}],"player_experience":2717785,"relics_obtained":[{"floor":9.0,"key":"Juzu Bracelet"},{"floor":11.0,"key":"Shuriken"},{"floor":13.0,"key":"Odd Mushroom"},{"floor":26.0,"key":"Mercury Hourglass"},{"floor":29.0,"key":"Thread and Needle"}],"event_choices":[{"damage_healed":0.0,"max_hp_gain":0.0,"max_hp_loss":0.0,"gold_gain":0.0,"event_name":"Shining Light","player_choice":"Entered Light","floor":7.0,"gold_loss":0.0,"damage_taken":21.0,"cards_upgraded":["Zap","Strike_B"]},{"damage_healed":0.0,"max_hp_gain":0.0,"max_hp_loss":0.0,"gold_gain":0.0,"event_name":"Mushrooms","player_choice":"Fought Mushrooms","floor":13.0,"gold_loss":0.0,"damage_taken":0.0},{"cards_removed":["Strike_B"],"damage_healed":0.0,"max_hp_gain":0.0,"max_hp_loss":0.0,"gold_gain":0.0,"event_name":"Living Wall","player_choice":"Forget","floor":14.0,"gold_loss":0.0,"damage_taken":0.0},{"damage_healed":0.0,"max_hp_gain":0.0,"max_hp_loss":0.0,"gold_gain":0.0,"event_name":"WeMeetAgain","player_choice":"Gave Potion","floor":20.0,"gold_loss":0.0,"damage_taken":0.0,"relics_obtained":["Toxic Egg 2"]},{"damage_healed":0.0,"max_hp_gain":0.0,"max_hp_loss":0.0,"gold_gain":50.0,"event_name":"Nest","player_choice":"Stole From Cult","floor":27.0,"gold_loss":0.0,"damage_taken":0.0},{"damage_healed":0.0,"max_hp_gain":0.0,"max_hp_loss":0.0,"gold_gain":0.0,"event_name":"Tomb of Lord Red Mask","player_choice":"Ignored","floor":36.0,"gold_loss":0.0,"damage_taken":0.0}],"is_beta":false,"boss_relics":[{"not_picked":["Black Star","Busted Crown"],"picked":"Inserter"},{"not_picked":["Empty Cage","Lizard Tail"],"picked":"Runic Pyramid"}],"items_purged_floors":[19],"is_endless":false,"potions_floor_spawned":[1,11,13,16,18,29,31,38],"killed_by":"Reptomancer","ascension_level":20}