{"gold_per_floor":[366,291,291,12,32,61,61,61,61,84,84,118,138,157,157,157],"floor_reached":16,"playtime":370,"items_purged":[],"score":220,"play_id":"dba7928f-6e63-49d1-a2e7-3edf4653d2e3","local_time":"20190406220525","is_ascension_mode":true,"campfire_choices":[{"data":"Rampage","floor":7.0,"key":"SMITH"},{"data":"True Grit","floor":11.0,"key":"SMITH"},{"data":"Immolate","floor":15.0,"key":"SMITH"}],"neow_cost":"TEN_PERCENT_HP_LOSS","seed_source_timestamp":730756269877600,"circlet_count":0,"master_deck":["AscendersBane","Strike_R","Strike_R","Strike_R","Strike_R","Defend_R","Defend_R","Defend_R","Defend_R","Bash","Rampage+1","Feel No Pain","True Grit+1","Reaper","Immolate+1","Seeing Red"],"special_seed":0,"relics":["Burning Blood","Darkstone Periapt","Red Skull","Mercury Hourglass","Golden Idol","Question Card","Omamori"],"potions_floor_usage":[16],"damage_taken":[{"damage":7.0,"enemies":"Jaw Worm","floor":1.0,"turns":4.0},{"damage":10.0,"enemies":"2 Louse","floor":5.0,"turns":4.0},{"damage":28.0,"enemies":"Gremlin Nob","floor":6.0,"turns":4.0},{"damage":3.0,"enemies":"Cultist","floor":10.0,"turns":3.0},{"damage":26.0,"enemies":"Lagavulin","floor":12.0,"turns":9.0},{"damage":0.0,"enemies":"Blue Slaver","floor":13.0,"turns":4.0},{"damage":1.0,"enemies":"2 Fungi Beasts","floor":14.0,"turns":3.0},{"damage":36,"enemies":"Hexaghost","floor":16,"turns":8}],"seed_played":"-2539030552672507103","potions_obtained":[{"floor":1.0,"key":"BloodPotion"},{"floor":5.0,"key":"PowerPotion"},{"floor":6.0,"key":"Regen Potion"},{"floor":14.0,"key":"GamblersBrew"}],"is_trial":false,"path_per_floor":["M","?","?","$","M","E","R","?","T","M","R","E","M","M","R","B"],"character_chosen":"IRONCLAD","items_purchased":["Red Skull","Feel No Pain","True Grit"],"campfire_rested":0,"item_purchase_floors":[4,4,4],"current_hp_per_floor":[67,67,67,67,63,41,41,18,18,21,21,16,27,32,32,6],"gold":157,"neow_bonus":"TWO_FIFTY_GOLD","is_prod":false,"is_daily":false,"chose_seed":false,"campfire_upgraded":3,"win_rate":0,"timestamp":1554555925,"path_taken":["M","?","?","$","?","E","R","?","T","M","R","E","M","M","R","BOSS"],"build_version":"2019-01-23","purchased_purges":0,"victory":false,"max_hp_per_floor":[68,68,68,68,68,68,68,68,68,68,68,68,68,68,68,68],"card_choices":[{"not_picked":["Uppercut","Warcry"],"picked":"Rampage","floor":1.0},{"not_picked":["Wild Strike","Iron Wave","Flex"],"picked":"SKIP","floor":5.0},{"not_picked":["Body Slam","Cleave","Thunderclap"],"picked":"SKIP","floor":6.0},{"not_picked":["Dual Wield","Combust","Intimidate","Searing Blow"],"picked":"SKIP","floor":10.0},{"not_picked":["Sword Boomerang","Warcry","Thunderclap"],"picked":"Reaper","floor":12.0},{"not_picked":["Dual Wield","Wild Strike","Iron Wave"],"picked":"Immolate","floor":13.0},{"not_picked":["Wild Strike","Havoc","Twin Strike"],"picked":"Seeing Red","floor":14.0}],"player_experience":2930108,"relics_obtained":[{"floor":6.0,"key":"Mercury Hourglass"},{"floor":9.0,"key":"Question Card"},{"floor":12.0,"key":"Omamori"}],"event_choices":[{"cards_removed":["Strike_R"],"damage_healed":0.0,"max_hp_gain":0.0,"max_hp_loss":0.0,"gold_gain":0.0,"event_name":"The Cleric","player_choice":"Card Removal","floor":2.0,"gold_loss":75.0,"damage_taken":0.0},{"damage_healed":0.0,"max_hp_gain":0.0,"max_hp_loss":0.0,"gold_gain":0.0,"event_name":"WeMeetAgain","player_choice":"Gave Potion","floor":3.0,"gold_loss":0.0,"damage_taken":0.0,"relics_obtained":["Darkstone Periapt"]},{"damage_healed":0.0,"max_hp_gain":0.0,"max_hp_loss":0.0,"gold_gain":0.0,"event_name":"Golden Idol","player_choice":"Take Damage","floor":8.0,"gold_loss":0.0,"damage_taken":23.0,"relics_obtained":["Golden Idol"]}],"is_beta":false,"boss_relics":[],"items_purged_floors":[],"is_endless":false,"potions_floor_spawned":[1,5,6,14],"killed_by":"Hexaghost","ascension_level":20}