{"gold_per_floor":[114,114,130,148,148,173,173,190,215,233,252,277,297,54,54,151,151,171,141,152,152,172,172,185,185,185,185,217,217,250,270,270,370,420,439,73,86,100,60,60,93,93,117,117,143,18,38,51,51,51],"floor_reached":51,"playtime":4730,"items_purged":[],"score":1044,"play_id":"fdf2db3c-42fc-4972-8079-5a45f4714881","local_time":"20180729115051","is_ascension_mode":true,"campfire_choices":[{"floor":7,"key":"REST"},{"floor":15,"key":"REST"},{"floor":23,"key":"REST"},{"floor":25,"key":"REST"},{"floor":27,"key":"REST"},{"floor":32,"key":"REST"},{"floor":40,"key":"REST"},{"floor":42,"key":"REST"},{"floor":44,"key":"REST"},{"data":"1","floor":49,"key":"LIFT"}],"neow_cost":"NONE","seed_source_timestamp":573954817285069,"circlet_count":0,"master_deck":["Strike_B","Strike_B","Strike_B","Strike_B","Defend_B+1","Defend_B","Defend_B","Defend_B","Zap","Dualcast","Echo Form","Force Field","Chill","Cold Snap+1","Echo Form","Steam","Genetic Algorithm","Steam","Conserve Battery","FTL+1","Skim","Electrodynamics","Loop","Fusion+1","Recycle","Machine Learning","Storm+1","FTL","Storm","Finesse","Steam","Self Repair","Conserve Battery","Reboot","Force Field","Hello World","Static Discharge","Panache","Sunder","Steam+1","Storm","Echo Form","BootSequence+1","Hello World+1","FTL","Capacitor","Capacitor+1","Conserve Battery+1"],"relics":["Cracked Core","Dream Catcher","Vajra","Strawberry","Ancient Tea Set","Fusion Hammer","Darkstone Periapt","Boot","Whetstone","Tiny House","Oddly Smooth Stone","Bird Faced Urn","Bag of Marbles","Girya"],"potions_floor_usage":[6,11,12,13,16,16,16,19,20,33,38,45,47,47,50],"damage_taken":[{"damage":14,"enemies":"Small Slimes","floor":1,"turns":4},{"damage":3,"enemies":"2 Louse","floor":3,"turns":2},{"damage":2,"enemies":"Jaw Worm","floor":4,"turns":3},{"damage":24,"enemies":"Lagavulin","floor":6,"turns":6},{"damage":16,"enemies":"Blue Slaver","floor":8,"turns":5},{"damage":1,"enemies":"2 Fungi Beasts","floor":10,"turns":4},{"damage":0,"enemies":"Exordium Wildlife","floor":11,"turns":4},{"damage":28,"enemies":"Gremlin Nob","floor":12,"turns":5},{"damage":20,"enemies":"Exordium Thugs","floor":13,"turns":5},{"damage":10,"enemies":"Slime Boss","floor":16,"turns":12},{"damage":2,"enemies":"3 Byrds","floor":18,"turns":3},{"damage":14,"enemies":"2 Thieves","floor":19,"turns":5},{"damage":0,"enemies":"Chosen and Byrds","floor":20,"turns":4},{"damage":28,"enemies":"Snecko","floor":22,"turns":7},{"damage":1,"enemies":"Sentry and Sphere","floor":24,"turns":3},{"damage":5,"enemies":"Gremlin Leader","floor":28,"turns":5},{"damage":41,"enemies":"Book of Stabbing","floor":30,"turns":6},{"damage":9,"enemies":"Centurion and Healer","floor":31,"turns":6},{"damage":22,"enemies":"Collector","floor":33,"turns":6},{"damage":6,"enemies":"3 Shapes","floor":35,"turns":5},{"damage":2,"enemies":"Orb Walker","floor":37,"turns":6},{"damage":43,"enemies":"Transient","floor":38,"turns":5},{"damage":0,"enemies":"Nemesis","floor":41,"turns":3},{"damage":13,"enemies":"2 Orb Walkers","floor":45,"turns":5},{"damage":0,"enemies":"Spire Growth","floor":47,"turns":5},{"damage":18,"enemies":"Maw","floor":48,"turns":8},{"damage":38,"enemies":"Time Eater","floor":50,"turns":9}],"seed_played":"6388519292007697162","potions_obtained":[{"floor":1,"key":"Fire Potion"},{"floor":4,"key":"FearPotion"},{"floor":6,"key":"LiquidBronze"},{"floor":11,"key":"Explosive Potion"},{"floor":13,"key":"Swift Potion"},{"floor":18,"key":"EssenceOfSteel"},{"floor":19,"key":"PowerPotion"},{"floor":30,"key":"SteroidPotion"},{"floor":31,"key":"PowerPotion"},{"floor":34,"key":"LiquidBronze"},{"floor":38,"key":"Block Potion"},{"floor":39,"key":"Explosive Potion"},{"floor":41,"key":"Ancient Potion"},{"floor":47,"key":"Regen Potion"}],"is_trial":false,"path_per_floor":["M","?","M","M","?","E","R","M","T","M","M","E","M","$","R","B",null,"M","M","M","?","M","R","M","R","T","R","E","?","E","M","R","B",null,"M","$","M","M","?","R","E","R","T","R","E","$","M","M","R","B"],"character_chosen":"DEFECT","items_purchased":["Ancient Tea Set","Poison Potion","Fire Potion","Static Discharge","Panache","Oddly Smooth Stone","Capacitor","Swift Potion"],"campfire_rested":9,"item_purchase_floors":[14,14,14,36,36,36,46,46],"current_hp_per_floor":[54,54,51,49,74,50,72,56,56,55,55,34,14,14,38,28,69,67,53,53,53,25,49,48,72,72,82,77,61,20,11,35,27,73,74,74,72,36,36,62,62,87,87,87,87,87,87,87,87,73],"gold":51,"neow_bonus":"ONE_RANDOM_RARE_CARD","is_prod":false,"is_daily":false,"chose_seed":false,"campfire_upgraded":0,"win_rate":0,"timestamp":1532854251,"path_taken":["M","?","M","M","?","E","R","?","T","M","M","E","M","$","R","BOSS","M","M","M","?","M","R","M","R","T","R","E","?","E","?","R","BOSS","M","$","M","M","?","R","E","R","T","R","E","?","M","M","R","BOSS"],"build_version":"2018-07-26","purchased_purges":0,"victory":true,"max_hp_per_floor":[75,75,75,75,75,75,75,75,75,75,75,82,82,82,82,82,82,82,82,82,82,82,82,82,82,82,82,82,82,82,82,82,82,87,87,87,87,87,87,87,87,87,87,87,87,87,87,87,87,87],"card_choices":[{"not_picked":["Sweeping Beam","Go for the Eyes"],"picked":"Force Field","floor":1},{"not_picked":["Leap","Stack"],"picked":"Chill","floor":3},{"not_picked":["Coolheaded","Auto Shields"],"picked":"Cold Snap","floor":4},{"not_picked":["Go for the Eyes","Auto Shields"],"picked":"Echo Form","floor":6},{"not_picked":["Beam Cell","Stack"],"picked":"Steam","floor":7},{"not_picked":["Ball Lightning","Auto Shields"],"picked":"Genetic Algorithm","floor":8},{"not_picked":["Redo","Cold Snap"],"picked":"Steam","floor":10},{"not_picked":["Turbo","Redo","Sweeping Beam"],"picked":"SKIP","floor":11},{"not_picked":["Steam","BootSequence"],"picked":"Conserve Battery","floor":12},{"not_picked":["Hologram","Barrage"],"picked":"FTL","floor":13},{"not_picked":["Sweeping Beam","Hologram"],"picked":"Skim","floor":15},{"not_picked":["Reboot","Machine Learning"],"picked":"Electrodynamics","floor":16},{"not_picked":["Turbo+1","Steam"],"picked":"Loop","floor":18},{"not_picked":["Beam Cell","Doom and Gloom"],"picked":"Fusion+1","floor":19},{"not_picked":["Gash","Sweeping Beam"],"picked":"Recycle","floor":20},{"not_picked":["Steam","Conserve Battery"],"picked":"Machine Learning","floor":22},{"not_picked":["Steam","Beam Cell+1"],"picked":"Storm+1","floor":23},{"not_picked":["Recycle","Reprogram","Coolheaded"],"picked":"SKIP","floor":24},{"not_picked":["Chaos","Glacier"],"picked":"FTL","floor":25},{"not_picked":["Sunder","Hello World"],"picked":"Storm","floor":27},{"not_picked":["Meteor Strike","Rebound","Sweeping Beam"],"picked":"SKIP","floor":28},{"not_picked":["Go for the Eyes","Hologram"],"picked":"Steam","floor":30},{"not_picked":["Leap","Scrape"],"picked":"Self Repair","floor":31},{"not_picked":["Tempest","Darkness"],"picked":"Conserve Battery","floor":32},{"not_picked":["Rainbow","Hyperbeam"],"picked":"Reboot","floor":33},{"not_picked":["Streamline","Stack"],"picked":"Force Field","floor":34},{"not_picked":["Sweeping Beam","BootSequence"],"picked":"Hello World","floor":35},{"not_picked":["Stack","Hologram+1"],"picked":"Sunder","floor":37},{"not_picked":["Consume","Coolheaded"],"picked":"Steam+1","floor":38},{"not_picked":["Heatsinks+1","Gash+1"],"picked":"Storm","floor":40},{"not_picked":["Double Energy","Core Surge"],"picked":"Echo Form","floor":41},{"not_picked":["Scrape","Beam Cell"],"picked":"BootSequence+1","floor":42},{"not_picked":["Rebound+1","Gash+1"],"picked":"Hello World+1","floor":44},{"not_picked":["Auto Shields+1","Gash"],"picked":"FTL","floor":45},{"not_picked":["Sweeping Beam+1","Barrage"],"picked":"Capacitor+1","floor":47},{"not_picked":["Go for the Eyes+1","Coolheaded"],"picked":"Conserve Battery+1","floor":48}],"player_experience":608384,"relics_obtained":[{"floor":6,"key":"Dream Catcher"},{"floor":9,"key":"Vajra"},{"floor":12,"key":"Strawberry"},{"floor":26,"key":"Darkstone Periapt"},{"floor":28,"key":"Boot"},{"floor":30,"key":"Whetstone"},{"floor":41,"key":"Bird Faced Urn"},{"floor":43,"key":"Bag of Marbles"},{"floor":45,"key":"Girya"}],"event_choices":[{"event_name":"Shining Light","player_choice":"Ignored","floor":2,"damage_taken":0},{"event_name":"Big Fish","player_choice":"Banana","floor":5,"damage_taken":0},{"event_name":"Beggar","player_choice":"Ignored","floor":21,"damage_taken":0},{"event_name":"Knowing Skull","player_choice":"CARD ","floor":29,"damage_taken":0},{"event_name":"The Woman in Blue","player_choice":"Bought 3 Potions","floor":39,"damage_taken":0}],"is_beta":false,"boss_relics":[{"not_picked":["Busted Crown","Cursed Key"],"picked":"Fusion Hammer"},{"not_picked":["Philosopher\u0027s Stone","Coffee Dripper"],"picked":"Tiny House"}],"items_purged_floors":[],"is_endless":false,"potions_floor_spawned":[1,4,6,11,13,18,19,30,31,38,41,47],"ascension_level":7}