{"path_per_floor":["M","?","?","M","M","R","$","E","T","?","M","?","$","M","R","B",null,"M","?","M","?","?","R"],"character_chosen":"DEFECT","items_purchased":["Storm"],"gold_per_floor":[112,112,73,91,109,109,31,66,66,66,91,91,16,30,30,153,153,177,177,193,108,208,208,208],"floor_reached":24,"campfire_rested":3,"playtime":1067,"item_purchase_floors":[7],"current_hp_per_floor":[75,60,60,59,58,75,75,54,54,54,41,66,66,59,75,57,75,12,12,9,9,9,20,0],"items_purged":["Injury"],"gold":208,"score":258,"play_id":"bfd3f3c7-a46f-4c8c-8f6b-dd43ba2ec93a","local_time":"20180609120756","is_prod":false,"is_daily":false,"chose_seed":false,"is_ascension_mode":true,"campfire_upgraded":0,"win_rate":0,"timestamp":1528535276,"campfire_choices":[{"floor":6,"key":"REST"},{"floor":15,"key":"REST"},{"floor":23,"key":"REST"}],"path_taken":["M","?","?","M","M","R","$","E","T","?","?","?","?","M","R","BOSS","M","?","M","?","?","R","E"],"build_version":"2018-06-07v3","seed_source_timestamp":46549151718720,"purchased_purges":1,"victory":false,"master_deck":["Strike_B","Strike_B","Strike_B","Strike_B","Defend_B+1","Defend_B+1","Defend_B","Defend_B","Zap","Dualcast","Gash","White Noise","Storm","Chaos","Redo","Machine Learning","Doubt","Injury","Injury","Ghostly","Ghostly","Ghostly","Ghostly","Ghostly"],"max_hp_per_floor":[75,75,75,75,75,75,75,75,75,75,75,75,75,75,75,75,75,75,37,37,37,37,37,37],"relics":["Cracked Core","Cables","Gremlin Horn","Golden Idol","Calling Bell","Lantern","Shuriken","Sundial","Orichalcum"],"card_choices":[{"not_picked":["Doom and Gloom","Beam Cell"],"picked":"Gash","floor":1},{"not_picked":["Aggregate","Hologram"],"picked":"White Noise","floor":4},{"not_picked":["Sweeping Beam","Coolheaded","Auto Shields"],"picked":"SKIP","floor":5},{"not_picked":["Hologram","Consume"],"picked":"Chaos","floor":8},{"not_picked":["Melter","Blizzard","Turbo"],"picked":"SKIP","floor":11},{"not_picked":["Coolheaded","Stack"],"picked":"Redo","floor":14},{"not_picked":["Core Surge","Rainbow"],"picked":"Machine Learning","floor":16},{"not_picked":["Coolheaded","Sweeping Beam+1","Compile Driver+1"],"picked":"SKIP","floor":18},{"not_picked":["Streamline","Barrage","Coolheaded"],"picked":"SKIP","floor":20}],"player_experience":496011,"potions_floor_usage":[11,16,18,24],"damage_taken":[{"damage":0,"enemies":"2 Louse","floor":1,"turns":3},{"damage":1,"enemies":"Cultist","floor":4,"turns":3},{"damage":1,"enemies":"Small Slimes","floor":5,"turns":4},{"damage":21,"enemies":"3 Sentries","floor":8,"turns":6},{"damage":13,"enemies":"Blue Slaver","floor":11,"turns":4},{"damage":7,"enemies":"Red Slaver","floor":14,"turns":3},{"damage":18,"enemies":"The Guardian","floor":16,"turns":11},{"damage":72,"enemies":"3 Byrds","floor":18,"turns":6},{"damage":3,"enemies":"Spheric Guardian","floor":20,"turns":6},{"damage":23,"enemies":"Slavers","floor":24,"turns":2}],"relics_obtained":[{"floor":8,"key":"Cables"},{"floor":9,"key":"Gremlin Horn"},{"floor":17,"key":"Lantern"},{"floor":17,"key":"Shuriken"},{"floor":17,"key":"Sundial"}],"event_choices":[{"event_name":"Shining Light","player_choice":"Entered Light","floor":2,"damage_taken":0},{"event_name":"World of Goop","player_choice":"Left","floor":3,"damage_taken":0},{"event_name":"Golden Idol","player_choice":"Take Wound","floor":10,"damage_taken":0},{"event_name":"Big Fish","player_choice":"Banana","floor":12,"damage_taken":0},{"event_name":"Ghosts","player_choice":"Became a Ghost","floor":19,"damage_taken":0},{"event_name":"Addict","player_choice":"Obtained Relic","floor":21,"damage_taken":0},{"event_name":"Golden Shrine","player_choice":"Pray","floor":22,"damage_taken":0}],"boss_relics":[{"not_picked":["Lizard Tail","Cursed Key"],"picked":"Calling Bell"}],"items_purged_floors":[13],"potions_floor_spawned":[1,8,14,16,20],"seed_played":"4011329030437693191","killed_by":"Slavers","ascension_level":4,"potions_obtained":[{"floor":1,"key":"SteroidPotion"},{"floor":8,"key":"Ancient Potion"},{"floor":14,"key":"Dexterity Potion"},{"floor":16,"key":"Regen Potion"},{"floor":20,"key":"SteroidPotion"}],"is_trial":false}