{"gold_per_floor":[115,139,17,17,117,150,150,194,217,238,238,281,301,317,317,447,447,461,477,136,155,155,155,190,208,287,300,13,26,41,53,53,155,155,174,193,293,293,16,16,16,30,110,137,137,165,183,62,62,62],"floor_reached":51,"playtime":5286,"items_purged":["Strike_G","Strike_G","Grand Finale"],"score":1092,"play_id":"9a40ec84-c01d-4501-9240-61a79aa0e349","local_time":"20190325042617","is_ascension_mode":true,"campfire_choices":[{"data":"Neutralize","floor":7.0,"key":"SMITH"},{"data":"Blur","floor":11.0,"key":"SMITH"},{"floor":15.0,"key":"REST"},{"data":"Burst","floor":23.0,"key":"SMITH"},{"floor":32.0,"key":"REST"},{"data":"After Image","floor":40.0,"key":"SMITH"},{"data":"Catalyst","floor":45.0,"key":"SMITH"},{"data":"Panacea","floor":49.0,"key":"SMITH"}],"neow_cost":"NONE","seed_source_timestamp":0,"circlet_count":0,"master_deck":["Survivor","Neutralize+1","Blur+1","Cloak And Dagger","Catalyst+1","Catalyst","Accuracy","Deadly Poison","Burst+1","Deadly Poison","Terror","Tools of the Trade","Cloak And Dagger+1","Noxious Fumes","Leg Sweep","Adrenaline","Cloak And Dagger","Terror","Acrobatics","PiercingWail","Accuracy","Backflip","Adrenaline","Infinite Blades","Quick Slash","Masterful Stab","Backflip","After Image+1","Skewer","Dodge and Roll","Blur+1","Well Laid Plans","Deadly Poison+1","Backflip+1","Footwork","Footwork","Panacea+1"],"special_seed":0,"relics":["Ring of the Snake","NeowsBlessing","Ancient Tea Set","Bloody Idol","Dream Catcher","Bag of Marbles","Pen Nib","Oddly Smooth Stone","WristBlade","Chemical X","Pantograph","Shuriken","The Specimen","Pandora\u0027s Box","Torii","Happy Flower","Centennial Puzzle","Bottled Tornado","Vajra","Boot"],"potions_floor_usage":[50,50],"damage_taken":[{"damage":0.0,"enemies":"Cultist","floor":1.0,"turns":1.0},{"damage":0.0,"enemies":"3 Sentries","floor":6.0,"turns":1.0},{"damage":0.0,"enemies":"Lagavulin","floor":8.0,"turns":1.0},{"damage":0.0,"enemies":"2 Louse","floor":10.0,"turns":3.0},{"damage":43.0,"enemies":"Gremlin Nob","floor":12.0,"turns":6.0},{"damage":0.0,"enemies":"Small Slimes","floor":13.0,"turns":3.0},{"damage":4.0,"enemies":"Exordium Thugs","floor":14.0,"turns":5.0},{"damage":0.0,"enemies":"The Guardian","floor":16.0,"turns":8.0},{"damage":3.0,"enemies":"Shell Parasite","floor":18.0,"turns":6.0},{"damage":0.0,"enemies":"Chosen","floor":19.0,"turns":5.0},{"damage":18.0,"enemies":"Snecko","floor":21.0,"turns":5.0},{"damage":0.0,"enemies":"Book of Stabbing","floor":24.0,"turns":3.0},{"damage":18.0,"enemies":"Snake Plant","floor":25.0,"turns":5.0},{"damage":16.0,"enemies":"Shelled Parasite and Fungi","floor":27.0,"turns":7.0},{"damage":6.0,"enemies":"Chosen and Byrds","floor":29.0,"turns":5.0},{"damage":4.0,"enemies":"Snecko","floor":30.0,"turns":6.0},{"damage":7.0,"enemies":"3 Cultists","floor":31.0,"turns":5.0},{"damage":9.0,"enemies":"Collector","floor":33.0,"turns":5.0},{"damage":0.0,"enemies":"3 Shapes","floor":35.0,"turns":6.0},{"damage":0.0,"enemies":"Orb Walker","floor":36.0,"turns":4.0},{"damage":0.0,"enemies":"Mind Bloom Boss Battle","floor":37.0,"turns":3.0},{"damage":0.0,"enemies":"Sphere and 2 Shapes","floor":42.0,"turns":3.0},{"damage":0.0,"enemies":"Nemesis","floor":44.0,"turns":7.0},{"damage":0.0,"enemies":"Giant Head","floor":46.0,"turns":5.0},{"damage":13.0,"enemies":"Writhing Mass","floor":47.0,"turns":3.0},{"damage":0,"enemies":"Time Eater","floor":50,"turns":6}],"seed_played":"-7847262368674720401","potions_obtained":[{"floor":1.0,"key":"Explosive Potion"},{"floor":6.0,"key":"AttackPotion"},{"floor":12.0,"key":"Explosive Potion"},{"floor":18.0,"key":"Energy Potion"},{"floor":21.0,"key":"SteroidPotion"},{"floor":25.0,"key":"GhostInAJar"},{"floor":27.0,"key":"PowerPotion"},{"floor":31.0,"key":"Swift Potion"},{"floor":35.0,"key":"SkillPotion"},{"floor":42.0,"key":"Dexterity Potion"},{"floor":44.0,"key":"Block Potion"}],"is_trial":false,"path_per_floor":["M","T","$","?","?","E","R","E","T","M","R","E","M","M","R","B",null,"M","M","$","M","?","R","E","M","T","M","$","M","M","M","R","B",null,"M","M","?","T","$","R","$","M","T","E","R","E","M","$","R","B",null],"character_chosen":"THE_SILENT","items_purchased":["Cloak And Dagger","Noxious Fumes","Chemical X","The Specimen","Centennial Puzzle","Footwork","Panacea"],"campfire_rested":2,"item_purchase_floors":[3,20,20,28,39,48,48],"current_hp_per_floor":[70,70,70,53,53,53,53,53,53,53,53,10,10,6,27,27,70,67,67,67,49,49,49,54,41,46,35,35,34,35,33,54,66,70,70,70,70,70,70,70,70,70,70,70,70,70,62,62,62,70],"gold":62,"neow_bonus":"THREE_ENEMY_KILL","is_prod":false,"is_daily":false,"chose_seed":false,"campfire_upgraded":6,"win_rate":0,"timestamp":1553455577,"path_taken":["M","?","$","?","?","E","R","E","T","M","R","E","?","M","R","BOSS","M","M","$","M","?","R","E","M","T","M","$","M","M","M","R","BOSS","M","M","?","?","$","R","?","?","T","E","R","E","?","$","R","BOSS"],"build_version":"2019-01-23","purchased_purges":3,"victory":true,"max_hp_per_floor":[70,70,70,70,70,70,70,70,70,70,70,70,70,70,70,70,70,70,70,70,70,70,70,70,70,70,70,70,70,70,70,70,70,70,70,70,70,70,70,70,70,70,70,70,70,70,70,70,70,70],"card_choices":[{"not_picked":["Cloak And Dagger","Bane"],"picked":"Blur","floor":1.0},{"not_picked":["Dagger Spray","Deadly Poison"],"picked":"Catalyst","floor":6.0},{"not_picked":["Prepared","Deflect"],"picked":"Catalyst","floor":8.0},{"not_picked":["Dagger Throw","Bane"],"picked":"Accuracy","floor":10.0},{"not_picked":["Masterful Stab","Dagger Spray"],"picked":"Deadly Poison","floor":12.0},{"not_picked":["Tactician","Quick Slash"],"picked":"Burst","floor":13.0},{"not_picked":["Backflip","Outmaneuver"],"picked":"Deadly Poison","floor":14.0},{"not_picked":["Prepared","Backflip"],"picked":"Terror","floor":15.0},{"not_picked":["Unload","Grand Finale"],"picked":"Tools of the Trade","floor":16.0},{"not_picked":["Dagger Throw","Noxious Fumes"],"picked":"Cloak And Dagger+1","floor":18.0},{"not_picked":["Bane","Prepared","Riddle With Holes"],"picked":"SKIP","floor":19.0},{"not_picked":["Poisoned Stab","Deflect+1"],"picked":"Leg Sweep","floor":21.0},{"not_picked":["Venomology","Quick Slash"],"picked":"Adrenaline","floor":24.0},{"not_picked":["Dagger Spray","Prepared"],"picked":"Cloak And Dagger","floor":25.0},{"not_picked":["Slice","Blade Dance+1"],"picked":"Terror","floor":27.0},{"not_picked":["Deadly Poison","Die Die Die"],"picked":"Acrobatics","floor":29.0},{"not_picked":["Quick Slash","Slice+1"],"picked":"PiercingWail","floor":30.0},{"not_picked":["Calculated Gamble","Deflect+1"],"picked":"Accuracy","floor":31.0},{"not_picked":["Choke+1","Bane"],"picked":"Backflip","floor":32.0},{"not_picked":["Storm of Steel","Unload"],"picked":"Adrenaline","floor":33.0},{"not_picked":["Flying Knee","Blade Dance+1"],"picked":"Blur+1","floor":35.0},{"not_picked":["Deadly Poison+1","Quick Slash+1"],"picked":"Well Laid Plans","floor":36.0},{"not_picked":["Eviscerate","Poisoned Stab"],"picked":"Deadly Poison+1","floor":37.0},{"not_picked":["Dagger Throw+1","Quick Slash+1"],"picked":"Backflip+1","floor":42.0},{"not_picked":["Backstab+1","Heel Hook"],"picked":"Footwork","floor":44.0},{"not_picked":["Masterful Stab","Endless Agony+1","Deflect"],"picked":"SKIP","floor":46.0},{"not_picked":["Endless Agony","Slice","Leg Sweep"],"picked":"SKIP","floor":47.0}],"player_experience":205585,"relics_obtained":[{"floor":2.0,"key":"Ancient Tea Set"},{"floor":6.0,"key":"Dream Catcher"},{"floor":8.0,"key":"Bag of Marbles"},{"floor":9.0,"key":"Pen Nib"},{"floor":12.0,"key":"Oddly Smooth Stone"},{"floor":24.0,"key":"Pantograph"},{"floor":26.0,"key":"Shuriken"},{"floor":37.0,"key":"Torii"},{"floor":38.0,"key":"Happy Flower"},{"floor":43.0,"key":"Bottled Tornado"},{"floor":44.0,"key":"Vajra"},{"floor":46.0,"key":"Boot"}],"event_choices":[{"damage_healed":0.0,"max_hp_gain":0.0,"max_hp_loss":0.0,"gold_gain":0.0,"event_name":"Golden Idol","player_choice":"Take Damage","floor":4.0,"gold_loss":0.0,"damage_taken":17.0,"relics_obtained":["Golden Idol"]},{"damage_healed":0.0,"max_hp_gain":0.0,"max_hp_loss":0.0,"gold_gain":100.0,"event_name":"Golden Shrine","player_choice":"Pray","floor":5.0,"gold_loss":0.0,"damage_taken":0.0},{"damage_healed":0.0,"max_hp_gain":0.0,"max_hp_loss":0.0,"gold_gain":0.0,"event_name":"Forgotten Altar","player_choice":"Gave Idol","floor":22.0,"relics_lost":["Golden Idol"],"gold_loss":0.0,"damage_taken":0.0,"relics_obtained":["Bloody Idol"]},{"damage_healed":0.0,"max_hp_gain":0.0,"max_hp_loss":0.0,"gold_gain":0.0,"event_name":"MindBloom","player_choice":"Fight","floor":37.0,"gold_loss":0.0,"damage_taken":0.0}],"is_beta":false,"boss_relics":[{"not_picked":["Philosopher\u0027s Stone","Black Star"],"picked":"WristBlade"},{"not_picked":["Lizard Tail","Tiny House"],"picked":"Pandora\u0027s Box"}],"items_purged_floors":[3,20,39],"is_endless":false,"potions_floor_spawned":[1,6,12,18,21,25,27,31,35,42,44],"ascension_level":2}