{"path_per_floor":["M","?","?","M","M","E","R","M","T","M","M","E","M","M","R","B",null,"M","?","M","$","M","E","$"],"character_chosen":"IRONCLAD","items_purchased":["Flex","Pommel Strike","Meat on the Bone","Sword Boomerang"],"gold_per_floor":[110,110,60,72,84,116,116,126,126,140,153,183,203,214,214,313,313,333,333,353,257,269,295,29],"floor_reached":25,"campfire_rested":0,"playtime":2055,"current_hp_per_floor":[80,73,73,78,80,50,50,49,49,41,37,24,27,29,29,7,80,76,76,72,72,57,8,8],"items_purged":[],"gold":29,"play_id":"6e73bca5-494d-4de0-96d9-8e2a704128b7","is_prod":false,"is_daily":false,"is_ascension_mode":false,"campfire_upgraded":1,"path_taken":["M","?","?","M","M","E","R","?","T","M","M","E","?","?","R","BOSS","M","?","?","$","M","E","?","M"],"build_version":"2018-01-25-PROD3","purchased_purges":1,"victory":false,"master_deck":["Strike_R+1","Strike_R+1","Strike_R+1","Strike_R+1","Strike_R+1","Defend_R+1","Defend_R+1","Bash+1","Pommel Strike","Anger","Pommel Strike","Cleave","Headbutt","Clash","Spot Weakness","Shrug It Off","Twin Strike","Heavy Blade","Berserk","Inflame","Perfected Strike","Flex","Pommel Strike","Anger+1","Pummel","Sword Boomerang"],"max_hp_per_floor":[80,80,80,80,80,80,80,80,80,80,80,80,80,80,80,80,80,80,80,80,80,80,80,80],"relics":["Burning Blood","Champion Belt","Du-Vu Doll","Girya","White Beast Statue","Juzu Bracelet","Meat on the Bone"],"card_choices":[{"not_picked":["Flex","Impervious"],"picked":"Pommel Strike"},{"not_picked":["Twin Strike","Shrug It Off"],"picked":"Anger"},{"not_picked":["Warcry","Headbutt"],"picked":"Pommel Strike"},{"not_picked":["Shrug It Off","Spot Weakness"],"picked":"Cleave"},{"not_picked":["Limit Break","Hemokinesis"],"picked":"Headbutt"},{"not_picked":["Cleave","Flame Barrier"],"picked":"Clash"},{"not_picked":["Headbutt","Shockwave"],"picked":"Spot Weakness"},{"not_picked":["Twin Strike","Battle Trance"],"picked":"Shrug It Off"},{"not_picked":["Infernal Blade","Warcry"],"picked":"Twin Strike"},{"not_picked":["Reckless Charge","Shockwave"],"picked":"Heavy Blade"},{"not_picked":["Double Tap","Reaper"],"picked":"Berserk"},{"not_picked":["Whirlwind","Iron Wave"],"picked":"Inflame"},{"not_picked":["Feel No Pain","Clothesline"],"picked":"Perfected Strike"},{"not_picked":["Flex","True Grit"],"picked":"Anger"},{"not_picked":["Iron Wave","Seeing Red"],"picked":"Pummel"}],"player_experience":19858,"potions_floor_usage":[12,14,22,22,23,25],"damage_taken":[{"damage":1,"enemies":"Cultist","floor":1,"turns":3},{"damage":1,"enemies":"Jaw Worm","floor":4,"turns":3},{"damage":0,"enemies":"Small Slimes","floor":5,"turns":2},{"damage":36,"enemies":"Lagavulin","floor":6,"turns":4},{"damage":7,"enemies":"Looter","floor":8,"turns":2},{"damage":14,"enemies":"Exordium Thugs","floor":10,"turns":5},{"damage":10,"enemies":"Lots of Slimes","floor":11,"turns":3},{"damage":19,"enemies":"3 Sentries","floor":12,"turns":3},{"damage":3,"enemies":"Gremlin Gang","floor":13,"turns":3},{"damage":4,"enemies":"Exordium Thugs","floor":14,"turns":3},{"damage":28,"enemies":"The Guardian","floor":16,"turns":6},{"damage":10,"enemies":"Spheric Guardian","floor":18,"turns":3},{"damage":10,"enemies":"Chosen","floor":20,"turns":3},{"damage":27,"enemies":"Centurion and Healer","floor":22,"turns":4},{"damage":55,"enemies":"Slavers","floor":23,"turns":5},{"damage":13,"enemies":"Snake Plant","floor":25,"turns":1}],"event_choices":[{"event_name":"Golden Wing","player_choice":"Card Removal","floor":2,"damage_taken":0},{"event_name":"The Cleric","player_choice":"Card Removal","floor":3,"damage_taken":0},{"event_name":"Back to Basics","player_choice":"Simplicity","floor":19,"damage_taken":0}],"boss_relics":[{"not_picked":["Runic Dome","Philosopher\u0027s Stone"],"picked":"White Beast Statue"}],"potions_floor_spawned":[8,11,14,16,18,20,22,23],"seed_played":"-9207270344677920755","killed_by":"Snake Plant","ascension_level":0,"is_trial":false}