{"path_per_floor":["M","?","?","$","M","R","E","M","T","M","R","M","E","M","R"],"character_chosen":"THE_SILENT","items_purchased":[],"gold_per_floor":[11,186,186,111,124,124,156,175,475,486,486,504,532,543,543,543],"floor_reached":16,"campfire_rested":2,"playtime":837,"current_hp_per_floor":[63,63,56,56,53,53,23,13,13,11,32,34,21,7,28,0],"items_purged":["Strike_G"],"gold":543,"score":157,"play_id":"1bbf2cf8-3853-4c9a-bfff-4daee3f6a55d","local_time":"20180408190529","is_prod":false,"is_daily":false,"is_ascension_mode":true,"campfire_upgraded":1,"timestamp":1523185529,"path_taken":["M","?","?","$","M","R","E","M","T","?","R","M","E","M","R","BOSS"],"build_version":"2018-04-05","purchased_purges":1,"victory":false,"master_deck":["Defend_G","Defend_G","Defend_G","Defend_G","Defend_G","Strike_G","Strike_G","Strike_G","Strike_G","Survivor","Neutralize","A Thousand Cuts+1","Predator","Escape Plan","Envenom","Cloak And Dagger","Footwork","Backstab","PiercingWail"],"max_hp_per_floor":[70,70,70,70,70,70,70,70,70,70,70,72,72,72,72,72],"relics":["Ring of the Snake","Singing Bowl","Old Coin","Vajra"],"card_choices":[{"not_picked":["Tools of the Trade","Burst"],"picked":"A Thousand Cuts","floor":0},{"not_picked":["Flying Knee","Prepared"],"picked":"Predator","floor":1},{"not_picked":["Caltrops","Well Laid Plans"],"picked":"Escape Plan","floor":5},{"not_picked":["Sucker Punch","Doppelganger"],"picked":"Envenom","floor":7},{"not_picked":["Backflip","Dodge and Roll"],"picked":"Cloak And Dagger","floor":8},{"not_picked":["Malaise","Eviscerate"],"picked":"Footwork","floor":10},{"not_picked":["Dagger Throw","Prepared"],"picked":"Backstab","floor":13},{"not_picked":["Choke","Quick Slash"],"picked":"PiercingWail","floor":14}],"player_experience":239409,"potions_floor_usage":[7,13,13],"damage_taken":[{"damage":0,"enemies":"Small Slimes","floor":1,"turns":3},{"damage":3,"enemies":"2 Louse","floor":5,"turns":2},{"damage":30,"enemies":"Gremlin Nob","floor":7,"turns":5},{"damage":10,"enemies":"Jaw Worm","floor":8,"turns":5},{"damage":2,"enemies":"3 Louse","floor":10,"turns":4},{"damage":0,"enemies":"2 Fungi Beasts","floor":12,"turns":5},{"damage":13,"enemies":"Lagavulin","floor":13,"turns":7},{"damage":14,"enemies":"Exordium Thugs","floor":14,"turns":6},{"damage":29,"enemies":"Hexaghost","floor":16,"turns":9}],"event_choices":[{"event_name":"Liars Game","player_choice":"agreed","floor":2,"damage_taken":0},{"event_name":"Golden Wing","player_choice":"Card Removal","floor":3,"damage_taken":0}],"boss_relics":[],"potions_floor_spawned":[1,7,8,13],"seed_played":"4732679298756553572","killed_by":"Hexaghost","ascension_level":8,"is_trial":false}