{"gold_per_floor":[110,123,137,137,152,152,152,183,206,34,34,115,115,150,150,224,224,243,257,257,257,267,267],"floor_reached":23,"playtime":585,"items_purged":[],"score":398,"play_id":"801a4862-0ecf-4fae-8d3b-e8c387baf5ae","local_time":"20190425143345","is_ascension_mode":true,"campfire_choices":[{"data":"Darkness","floor":6,"key":"SMITH"},{"data":"Zap","floor":11,"key":"SMITH"},{"floor":13,"key":"REST"},{"data":"Electrodynamics","floor":15,"key":"SMITH"}],"neow_cost":"NONE","seed_source_timestamp":268954622956499,"circlet_count":0,"master_deck":["AscendersBane","Strike_B+1","Strike_B","Strike_B","Strike_B+1","Defend_B","Defend_B","Defend_B","Defend_B","Zap+1","Dualcast","Gash","Darkness+1","White Noise","Coolheaded","Recycle","Electrodynamics+1","Echo Form","Conserve Battery+1","Reinforced Body","Pain"],"relics":["Cracked Core","NeowsBlessing","PreservedInsect","Anchor","DataDisk","Mummified Hand","Lantern","Runic Dome"],"potions_floor_usage":[5,5,16,20],"damage_taken":[{"damage":0,"enemies":"Cultist","floor":1,"turns":1},{"damage":0,"enemies":"2 Louse","floor":2,"turns":1},{"damage":0,"enemies":"Jaw Worm","floor":3,"turns":1},{"damage":0,"enemies":"Gremlin Gang","floor":5,"turns":3},{"damage":46,"enemies":"Gremlin Nob","floor":8,"turns":5},{"damage":8,"enemies":"3 Sentries","floor":14,"turns":6},{"damage":20,"enemies":"Slime Boss","floor":16,"turns":8},{"damage":16,"enemies":"2 Thieves","floor":18,"turns":3},{"damage":0,"enemies":"3 Byrds","floor":19,"turns":2},{"damage":20,"enemies":"Colosseum Slavers","floor":20,"turns":4},{"damage":14,"enemies":"Snake Plant","floor":22,"turns":4},{"damage":19,"enemies":"Slavers","floor":23,"turns":1}],"seed_played":"-3219076609215390338","potions_obtained":[{"floor":2,"key":"AttackPotion"},{"floor":3,"key":"Fire Potion"},{"floor":14,"key":"SkillPotion"},{"floor":19,"key":"Explosive Potion"}],"is_trial":false,"path_per_floor":["M","M","M","?","M","R","?","E","T","$","R","T","R","E","R","B",null,"M","M","?","?","M","E"],"character_chosen":"DEFECT","items_purchased":["DataDisk"],"campfire_rested":1,"item_purchase_floors":[10],"current_hp_per_floor":[64,64,64,43,43,43,66,20,20,20,20,20,41,33,33,13,57,41,41,21,21,7,0],"gold":267,"neow_bonus":"THREE_ENEMY_KILL","is_prod":false,"is_daily":false,"chose_seed":false,"campfire_upgraded":3,"win_rate":0,"timestamp":1556170425,"path_taken":["M","?","M","?","M","R","?","E","T","$","R","?","R","E","R","BOSS","M","?","?","?","?","E"],"build_version":"2019-01-23","purchased_purges":0,"victory":false,"max_hp_per_floor":[71,71,71,71,71,71,71,71,71,71,71,71,71,71,71,71,71,71,71,71,71,71,71],"card_choices":[{"not_picked":["Auto Shields","Lockon"],"picked":"Gash","floor":1},{"not_picked":["Scrape","Hello World"],"picked":"Darkness","floor":2},{"not_picked":["Hello World","Hologram"],"picked":"White Noise","floor":3},{"not_picked":["Turbo","Steam"],"picked":"Coolheaded","floor":5},{"not_picked":["Streamline","Hologram"],"picked":"Recycle","floor":8},{"not_picked":["Undo","Hologram"],"picked":"Electrodynamics","floor":14},{"not_picked":["Biased Cognition","Reboot"],"picked":"Echo Form","floor":16},{"not_picked":["Rebound","Sweeping Beam"],"picked":"Conserve Battery+1","floor":18},{"not_picked":["Storm","Reprogram","Gash"],"picked":"SKIP","floor":19},{"not_picked":["Sweeping Beam","Doom and Gloom+1","Streamline+1"],"picked":"SKIP","floor":22}],"player_experience":3367247,"relics_obtained":[{"floor":8,"key":"PreservedInsect"},{"floor":9,"key":"Anchor"},{"floor":12,"key":"Mummified Hand"},{"floor":14,"key":"Lantern"}],"event_choices":[{"damage_healed":0,"gold_gain":0,"player_choice":"Entered Light","damage_taken":21,"max_hp_gain":0,"max_hp_loss":0,"event_name":"Shining Light","floor":4,"gold_loss":0,"cards_upgraded":["Strike_B","Strike_B"]},{"damage_healed":23,"gold_gain":0,"player_choice":"Banana","damage_taken":0,"max_hp_gain":0,"max_hp_loss":0,"event_name":"Big Fish","floor":7,"gold_loss":0},{"damage_healed":0,"gold_gain":0,"player_choice":"Fight","damage_taken":0,"max_hp_gain":0,"max_hp_loss":0,"event_name":"Colosseum","floor":20,"gold_loss":0},{"damage_healed":0,"gold_gain":0,"player_choice":"Fled From Nobs","damage_taken":0,"max_hp_gain":0,"max_hp_loss":0,"event_name":"Colosseum","floor":20,"gold_loss":0},{"damage_healed":0,"gold_gain":0,"player_choice":"2 cards matched","damage_taken":0,"max_hp_gain":0,"max_hp_loss":0,"event_name":"Match and Keep!","floor":21,"gold_loss":0,"cards_obtained":["Reinforced Body","Pain"]}],"is_beta":false,"boss_relics":[{"not_picked":["Ectoplasm","Nuclear Battery"],"picked":"Runic Dome"}],"items_purged_floors":[],"is_endless":false,"potions_floor_spawned":[2,3,14,19],"killed_by":"Slavers","ascension_level":20}