{"gold_per_floor":[109,124,124,124,74,105,105,133,133,152,51,51,68,93,93,189,189,204,222,237,257,307,337,355,355,355,367,384,415,441,458,458,560,560,580,177,194,208,228,258,258,293,319,334,334,354,354,386,386,386],"floor_reached":51,"playtime":6603,"items_purged":["Strike_R","Anger"],"score":1156,"play_id":"4ac01ca3-8de4-4574-962f-27e2f97f3eb3","local_time":"20190424223706","is_ascension_mode":true,"campfire_choices":[{"data":"Warcry","floor":7.0,"key":"SMITH"},{"data":"Inflame","floor":12.0,"key":"SMITH"},{"data":"True Grit","floor":15.0,"key":"SMITH"},{"data":"1","floor":25.0,"key":"LIFT"},{"data":"2","floor":32.0,"key":"LIFT"},{"data":"3","floor":45,"key":"LIFT"},{"floor":47,"key":"RECALL"},{"floor":49,"key":"REST"}],"neow_cost":"NONE","seed_source_timestamp":0,"circlet_count":0,"master_deck":["Strike_R","Strike_R+1","Strike_R","Defend_R","Defend_R+1","Defend_R","Defend_R","Bash","Metallicize","Twin Strike+1","Warcry+1","Impervious","Inflame+1","True Grit+1","Carnage","Feed","Disarm","Spot Weakness+1","Shrug It Off+1","Pummel","Corruption","Juggernaut","Shrug It Off+1","Feel No Pain","Reaper","Armaments","Disarm+1","True Grit+1","Havoc+1","Heavy Blade+1","Flame Barrier","Exhume","Disarm+1","Spot Weakness+1"],"special_seed":0,"relics":["Burning Blood","Lantern","Dodecahedron","Bag of Marbles","Blood Vial","Bag of Preparation","Snecko Eye","Girya","Question Card","Red Mask","Potion Belt","Fusion Hammer","Thread and Needle","War Paint","Meat on the Bone","PreservedInsect","Red Skull"],"potions_floor_usage":[50,50,50],"damage_taken":[{"damage":0.0,"enemies":"2 Louse","floor":1.0,"turns":3.0},{"damage":0.0,"enemies":"Small Slimes","floor":2.0,"turns":5.0},{"damage":24.0,"enemies":"Lagavulin","floor":6.0,"turns":6.0},{"damage":18.0,"enemies":"Gremlin Nob","floor":8.0,"turns":4.0},{"damage":0.0,"enemies":"Jaw Worm","floor":10.0,"turns":4.0},{"damage":5.0,"enemies":"Lots of Slimes","floor":13.0,"turns":5.0},{"damage":5.0,"enemies":"Lagavulin","floor":14.0,"turns":7.0},{"damage":0.0,"enemies":"Slime Boss","floor":16.0,"turns":4.0},{"damage":4.0,"enemies":"Shell Parasite","floor":18.0,"turns":4.0},{"damage":11.0,"enemies":"Chosen","floor":19.0,"turns":6.0},{"damage":0.0,"enemies":"Centurion and Healer","floor":20.0,"turns":4.0},{"damage":8.0,"enemies":"Cultist and Chosen","floor":21.0,"turns":4.0},{"damage":59.0,"enemies":"Slavers","floor":23.0,"turns":8.0},{"damage":9.0,"enemies":"Snake Plant","floor":24.0,"turns":4.0},{"damage":0.0,"enemies":"Shelled Parasite and Fungi","floor":27.0,"turns":4.0},{"damage":1.0,"enemies":"Cultist and Chosen","floor":28.0,"turns":6.0},{"damage":2.0,"enemies":"Masked Bandits","floor":29.0,"turns":4.0},{"damage":0.0,"enemies":"Book of Stabbing","floor":30.0,"turns":5.0},{"damage":0.0,"enemies":"Snake Plant","floor":31.0,"turns":4.0},{"damage":41.0,"enemies":"Collector","floor":33.0,"turns":10.0},{"damage":0.0,"enemies":"Orb Walker","floor":35.0,"turns":3.0},{"damage":0.0,"enemies":"3 Shapes","floor":37.0,"turns":3.0},{"damage":17.0,"enemies":"Spire Growth","floor":38.0,"turns":5.0},{"damage":23.0,"enemies":"Jaw Worm Horde","floor":39.0,"turns":4.0},{"damage":9.0,"enemies":"Nemesis","floor":40.0,"turns":5.0},{"damage":5,"enemies":"Giant Head","floor":42,"turns":8},{"damage":0,"enemies":"4 Shapes","floor":44,"turns":3},{"damage":0,"enemies":"Maw","floor":46,"turns":6},{"damage":15,"enemies":"Reptomancer","floor":48,"turns":5},{"damage":5,"enemies":"Awakened One","floor":50,"turns":10}],"seed_played":"-8283769099855041083","potions_obtained":[{"floor":2.0,"key":"AttackPotion"},{"floor":10.0,"key":"SteroidPotion"},{"floor":14.0,"key":"Ancient Potion"},{"floor":18.0,"key":"SpeedPotion"},{"floor":21.0,"key":"Swift Potion"},{"floor":23.0,"key":"LiquidBronze"},{"floor":29.0,"key":"Explosive Potion"},{"floor":33.0,"key":"LiquidBronze"},{"floor":38.0,"key":"SteroidPotion"}],"is_trial":false,"path_per_floor":["M","M","?","?","?","E","R","E","T","M","$","R","M","E","R","B",null,"M","M","M","M","?","E","M","R","T","M","M","?","E","M","R","B",null,"M","$","M","M","M","E","?","E","T","M","R","M","R","E","R","B",null],"character_chosen":"IRONCLAD","items_purchased":["Anger","Thread and Needle"],"campfire_rested":1,"item_purchase_floors":[11,36],"current_hp_per_floor":[78,80,64,69,69,51,51,39,39,47,47,47,50,53,53,61,79,86,86,94,95,95,47,49,49,49,60,70,79,90,113,113,111,116,121,121,124,125,113,115,115,133,133,137,137,140,140,143,143,146],"gold":386,"neow_bonus":"RANDOM_COMMON_RELIC","is_prod":false,"is_daily":false,"chose_seed":false,"campfire_upgraded":3,"win_rate":0,"timestamp":1556159826,"path_taken":["M","M","?","?","?","E","R","E","T","M","$","R","M","E","R","BOSS","M","M","M","M","?","E","?","R","T","M","M","?","E","M","R","BOSS","M","$","M","M","M","E","?","E","T","M","R","M","R","E","R","BOSS"],"build_version":"2019-01-23","purchased_purges":2,"victory":true,"max_hp_per_floor":[80,80,80,85,85,85,85,85,85,85,85,85,85,85,85,85,85,88,91,94,97,97,100,103,103,103,106,109,112,115,118,118,118,118,121,121,124,127,130,133,133,133,133,137,137,140,140,143,143,146],"card_choices":[{"not_picked":["True Grit","Flex"],"picked":"Metallicize","floor":1.0},{"not_picked":["Pummel","Flex"],"picked":"Twin Strike","floor":2.0},{"not_picked":["Clothesline","Flex"],"picked":"Warcry","floor":6.0},{"not_picked":["Ghostly Armor","Iron Wave"],"picked":"Impervious","floor":8.0},{"not_picked":["Sword Boomerang","Perfected Strike"],"picked":"Inflame","floor":10.0},{"not_picked":["Wild Strike","Warcry"],"picked":"True Grit","floor":13.0},{"not_picked":["True Grit","Warcry"],"picked":"Carnage","floor":14.0},{"not_picked":["Immolate","Reaper"],"picked":"Feed","floor":16.0},{"not_picked":["Wild Strike+1","Anger"],"picked":"Disarm","floor":18.0},{"not_picked":["Warcry","Twin Strike+1"],"picked":"Spot Weakness+1","floor":19.0},{"not_picked":["Burning Pact","Warcry+1"],"picked":"Shrug It Off","floor":20.0},{"not_picked":["Rupture","Thunderclap"],"picked":"Pummel","floor":21.0},{"not_picked":["Pommel Strike","Heavy Blade+1"],"picked":"Corruption","floor":23.0},{"not_picked":["Entrench","Iron Wave"],"picked":"Juggernaut","floor":24.0},{"not_picked":["Combust","Fire Breathing","Body Slam","Thunderclap"],"picked":"SKIP","floor":27.0},{"not_picked":["Sentinel","Combust+1","Pommel Strike"],"picked":"Shrug It Off+1","floor":28.0},{"not_picked":["Clothesline","Anger","Sword Boomerang"],"picked":"Feel No Pain","floor":29.0},{"not_picked":["Armaments+1","Flex","Inflame+1"],"picked":"Reaper","floor":30.0},{"not_picked":["Perfected Strike","Clash+1","Burning Pact"],"picked":"Armaments","floor":31.0},{"not_picked":["Pommel Strike+1","Shrug It Off+1","Body Slam+1"],"picked":"Disarm+1","floor":35.0},{"not_picked":["Disarm","Iron Wave","Clothesline"],"picked":"True Grit+1","floor":37.0},{"not_picked":["Ghostly Armor","Warcry+1","Corruption+1"],"picked":"Havoc+1","floor":38.0},{"not_picked":["Intimidate","Cleave","Perfected Strike+1"],"picked":"Heavy Blade+1","floor":39.0},{"not_picked":["Twin Strike","Entrench+1","Reckless Charge","Headbutt+1"],"picked":"SKIP","floor":40.0},{"not_picked":["Evolve","Perfected Strike","Havoc+1"],"picked":"Disarm+1","floor":42},{"not_picked":["Whirlwind","Wild Strike+1","Iron Wave+1","Ghostly Armor+1"],"picked":"SKIP","floor":44},{"not_picked":["Dropkick+1","Perfected Strike","Reckless Charge","Inflame+1"],"picked":"SKIP","floor":46},{"not_picked":["Dropkick+1","Iron Wave","Perfected Strike"],"picked":"Spot Weakness+1","floor":48}],"player_experience":234404,"relics_obtained":[{"floor":6.0,"key":"Dodecahedron"},{"floor":8.0,"key":"Bag of Marbles"},{"floor":9.0,"key":"Blood Vial"},{"floor":14.0,"key":"Bag of Preparation"},{"floor":23.0,"key":"Girya"},{"floor":26.0,"key":"Question Card"},{"floor":29.0,"key":"Red Mask"},{"floor":30.0,"key":"Potion Belt"},{"floor":40.0,"key":"War Paint"},{"floor":42,"key":"Meat on the Bone"},{"floor":43,"key":"PreservedInsect"},{"floor":48,"key":"Red Skull"}],"event_choices":[{"damage_healed":0.0,"max_hp_gain":0.0,"max_hp_loss":0.0,"gold_gain":0.0,"event_name":"Shining Light","player_choice":"Entered Light","floor":3.0,"gold_loss":0.0,"damage_taken":16.0,"cards_upgraded":["Strike_R","Twin Strike"]},{"damage_healed":0.0,"max_hp_gain":5.0,"max_hp_loss":0.0,"gold_gain":0.0,"event_name":"Big Fish","player_choice":"Donut","floor":4.0,"gold_loss":0.0,"damage_taken":0.0},{"cards_removed":["Strike_R"],"damage_healed":0.0,"max_hp_gain":0.0,"max_hp_loss":0.0,"gold_gain":0.0,"event_name":"The Cleric","player_choice":"Card Removal","floor":5.0,"gold_loss":50.0,"damage_taken":0.0},{"damage_healed":0.0,"max_hp_gain":0.0,"max_hp_loss":0.0,"gold_gain":100.0,"event_name":"The Joust","player_choice":"Bet on Murderer","floor":22.0,"gold_loss":50.0,"damage_taken":0.0},{"damage_healed":0.0,"max_hp_gain":0.0,"max_hp_loss":0.0,"gold_gain":0.0,"event_name":"Masked Bandits","player_choice":"Fought Bandits","floor":29.0,"gold_loss":0.0,"damage_taken":0.0},{"damage_healed":0,"gold_gain":0,"player_choice":"2 cards matched","damage_taken":0,"max_hp_gain":0,"max_hp_loss":0,"event_name":"Match and Keep!","floor":41,"gold_loss":0,"cards_obtained":["Flame Barrier","Exhume"]}],"is_beta":false,"boss_relics":[{"not_picked":["Pandora\u0027s Box","Black Star"],"picked":"Snecko Eye"},{"not_picked":["White Beast Statue","Philosopher\u0027s Stone"],"picked":"Fusion Hammer"}],"items_purged_floors":[11,36],"is_endless":false,"potions_floor_spawned":[2,10,14,18,21,23,29,33,38,40,46],"ascension_level":6}