{"gold_per_floor":[119,119,134,150,166,198,210,257,293,305,345,357,369,409,441,453,560,572,598,627,739,765,795,836,848,870,882,894,933,962,1005,100,113,113,218,218,233,233,248,248,297,297,328,348,348,348,376,376,376,38,68,68,68],"floor_reached":53,"playtime":3443,"items_purged":[],"score":1084,"play_id":"3cdc8cd9-39bf-4c7e-ab19-781916072c99","local_time":"20190403230953","is_ascension_mode":true,"campfire_choices":[{"data":"Double Tap","floor":7.0,"key":"SMITH"},{"data":"Wild Strike","floor":13.0,"key":"SMITH"},{"data":"True Grit","floor":16.0,"key":"SMITH"},{"data":"Perfected Strike","floor":25.0,"key":"SMITH"},{"data":"Perfected Strike","floor":34.0,"key":"SMITH"},{"data":"Dual Wield","floor":42.0,"key":"SMITH"},{"floor":49,"key":"RECALL"},{"floor":52,"key":"REST"}],"neow_cost":"NONE","seed_source_timestamp":472391791193100,"circlet_count":0,"master_deck":["Double Tap+1","Feel No Pain","Ghostly Armor","Feel No Pain","Battle Trance","True Grit","True Grit+1","Shrug It Off","Wild Strike","Perfected Strike+1","Wild Strike+1","Reaper","Second Wind","Intimidate","Feel No Pain","Wild Strike","Wild Strike","Wild Strike","Dual Wield+1","Perfected Strike+1","Pommel Strike","Dark Embrace","Perfected Strike+1","Shockwave+1","Seeing Red","Reckless Charge","Perfected Strike+1","Warcry","Madness","Swift Strike","Pommel Strike+1","Feed","Wild Strike+1","Perfected Strike+1","Rage","Perfected Strike+1","Pommel Strike","Enlightenment","PanicButton","Mayhem","Feel No Pain","Evolve","Seeing Red+1","Evolve"],"special_seed":0,"relics":["Runic Dome","MawBank","Pen Nib","Lantern","Anchor","Orrery","Calipers","The Courier","Bottled Flame","Vajra","Omamori","Potion Belt","Oddly Smooth Stone","Charon\u0027s Ashes","Philosopher\u0027s Stone","Girya","Dream Catcher","Unceasing Top","Letter Opener","Paper Frog","Dodecahedron"],"potions_floor_usage":[53,53,53,53,53,53],"damage_taken":[{"damage":0.0,"enemies":"2 Louse","floor":1.0,"turns":1.0},{"damage":0.0,"enemies":"Cultist","floor":3.0,"turns":2.0},{"damage":0.0,"enemies":"Small Slimes","floor":4.0,"turns":2.0},{"damage":1.0,"enemies":"Looter","floor":5.0,"turns":3.0},{"damage":7.0,"enemies":"Lagavulin","floor":6.0,"turns":7.0},{"damage":2.0,"enemies":"3 Sentries","floor":8.0,"turns":7.0},{"damage":7.0,"enemies":"Lagavulin","floor":11.0,"turns":6.0},{"damage":11.0,"enemies":"3 Sentries","floor":14.0,"turns":9.0},{"damage":0.0,"enemies":"Gremlin Gang","floor":15.0,"turns":4.0},{"damage":16.0,"enemies":"The Guardian","floor":17.0,"turns":8.0},{"damage":0.0,"enemies":"2 Thieves","floor":19.0,"turns":1.0},{"damage":2.0,"enemies":"Chosen","floor":20.0,"turns":5.0},{"damage":1.0,"enemies":"Shelled Parasite and Fungi","floor":22.0,"turns":3.0},{"damage":0.0,"enemies":"Centurion and Healer","floor":23.0,"turns":6.0},{"damage":32.0,"enemies":"Gremlin Leader","floor":24.0,"turns":9.0},{"damage":0.0,"enemies":"Sentry and Sphere","floor":26.0,"turns":4.0},{"damage":10.0,"enemies":"Slavers","floor":29.0,"turns":6.0},{"damage":0.0,"enemies":"Snecko","floor":30.0,"turns":5.0},{"damage":0.0,"enemies":"Gremlin Leader","floor":31.0,"turns":8.0},{"damage":1.0,"enemies":"3 Cultists","floor":33.0,"turns":3.0},{"damage":27.0,"enemies":"Champ","floor":35.0,"turns":5.0},{"damage":0.0,"enemies":"Orb Walker","floor":37.0,"turns":1.0},{"damage":0.0,"enemies":"3 Shapes","floor":39.0,"turns":2.0},{"damage":2.0,"enemies":"2 Orb Walkers","floor":41.0,"turns":2.0},{"damage":10.0,"enemies":"Giant Head","floor":43.0,"turns":3.0},{"damage":23.0,"enemies":"Maw","floor":44.0,"turns":3.0},{"damage":0.0,"enemies":"Reptomancer","floor":47.0,"turns":2.0},{"damage":27,"enemies":"Nemesis","floor":51,"turns":3},{"damage":30,"enemies":"Time Eater","floor":53,"turns":3}],"seed_played":"-6940981387366190078","potions_obtained":[{"floor":5.0,"key":"AttackPotion"},{"floor":6.0,"key":"AttackPotion"},{"floor":11.0,"key":"Fire Potion"},{"floor":17.0,"key":"PowerPotion"},{"floor":31.0,"key":"Dexterity Potion"},{"floor":35.0,"key":"SmokeBomb"},{"floor":43.0,"key":"SteroidPotion"},{"floor":47.0,"key":"EntropicBrew"}],"is_trial":false,"path_per_floor":["M","?","M","M","M","E","R","E","T","T","E","?","R","E","M","R","B",null,"M","M","?","M","M","E","R","M","T","T","E","M","E","$","M","R","B",null,"M","?","M","?","?","R","E","M","T","T","E","?","R","$","E","R","B"],"character_chosen":"IRONCLAD","items_purchased":["Omamori","Potion Belt","Oddly Smooth Stone","Seeing Red","Charon\u0027s Ashes","Reckless Charge","Perfected Strike","Warcry","Madness","Swift Strike","PowerPotion","Paper Frog","Feel No Pain","Evolve"],"campfire_rested":1,"item_purchase_floors":[32,32,32,32,32,32,32,32,32,32,50,50,50,50],"current_hp_per_floor":[72,72,72,72,71,64,64,80,80,80,73,73,73,74,80,80,64,76,76,80,80,79,80,48,48,52,52,52,48,52,80,80,79,79,59,75,75,75,75,75,73,73,63,40,40,40,43,33,33,33,6,29,0],"gold":68,"neow_bonus":"BOSS_RELIC","is_prod":false,"is_daily":false,"chose_seed":false,"campfire_upgraded":6,"win_rate":0,"timestamp":1554300593,"path_taken":["M","?","?","M","M","E","R","E","T","E","?","R","E","M","R","BOSS","M","M","?","?","M","E","R","M","T","E","?","E","?","M","R","BOSS","M","?","M","?","?","R","E","M","T","E","?","R","$","E","R","BOSS"],"build_version":"2019-01-23","purchased_purges":0,"victory":false,"max_hp_per_floor":[80,80,80,80,80,80,80,80,80,80,80,80,80,80,80,80,80,80,80,80,80,80,80,80,80,80,80,80,80,80,80,80,80,80,80,80,80,80,80,76,76,76,76,76,76,76,79,79,79,79,79,79,79],"card_choices":[{"not_picked":["Hemokinesis","Shrug It Off"],"picked":"Wild Strike","floor":3.0},{"not_picked":["Thunderclap","Rampage","Flex"],"picked":"SKIP","floor":5.0},{"not_picked":["Thunderclap","True Grit"],"picked":"Reaper","floor":6.0},{"not_picked":["Burning Pact","Body Slam"],"picked":"Carnage","floor":8.0},{"not_picked":["Warcry","Demon Form"],"picked":"Second Wind","floor":11.0},{"not_picked":["Body Slam","Cleave"],"picked":"Feel No Pain","floor":14.0},{"not_picked":["Disarm","Havoc"],"picked":"Wild Strike","floor":15.0},{"not_picked":["Rage","Sword Boomerang"],"picked":"Wild Strike","floor":18.0},{"not_picked":["Reckless Charge","Headbutt"],"picked":"Wild Strike","floor":18.0},{"not_picked":["Headbutt","Seeing Red"],"picked":"Dual Wield","floor":18.0},{"not_picked":["Pummel","Sentinel"],"picked":"Perfected Strike","floor":18.0},{"not_picked":["Spot Weakness","Thunderclap+1"],"picked":"Flex+1","floor":22.0},{"not_picked":["True Grit","Rampage"],"picked":"Pommel Strike","floor":23.0},{"not_picked":["Rampage","Warcry"],"picked":"Dark Embrace","floor":29.0},{"not_picked":["Clothesline+1","Entrench"],"picked":"Perfected Strike+1","floor":30.0},{"not_picked":["Combust","Rampage"],"picked":"Shockwave+1","floor":31.0},{"not_picked":["Clothesline","Brutality"],"picked":"Pommel Strike+1","floor":33.0},{"not_picked":["Barricade","Exhume"],"picked":"Feed","floor":35.0},{"not_picked":["Havoc+1","Blood for Blood+1"],"picked":"Wild Strike+1","floor":37.0},{"not_picked":["Wild Strike","Blood for Blood+1"],"picked":"Perfected Strike+1","floor":39.0},{"not_picked":["Power Through","Spot Weakness"],"picked":"Rage","floor":43.0},{"not_picked":["Clash+1","Armaments+1"],"picked":"Perfected Strike+1","floor":44.0},{"not_picked":["Entrench","Berserk"],"picked":"Pommel Strike","floor":47.0},{"not_picked":["HandOfGreed","Finesse"],"picked":"Enlightenment","floor":48},{"not_picked":["Deep Breath","Blind"],"picked":"PanicButton","floor":48},{"not_picked":["Impatience","Finesse"],"picked":"Mayhem","floor":48},{"not_picked":["Clothesline","Metallicize"],"picked":"Seeing Red+1","floor":51},{"not_picked":["Spot Weakness","Rampage+1"],"picked":"Evolve","floor":52}],"player_experience":2850744,"relics_obtained":[{"floor":6.0,"key":"MawBank"},{"floor":8.0,"key":"Pen Nib"},{"floor":11.0,"key":"Lantern"},{"floor":14.0,"key":"Anchor"},{"floor":24.0,"key":"Calipers"},{"floor":27.0,"key":"The Courier"},{"floor":29.0,"key":"Bottled Flame"},{"floor":31.0,"key":"Vajra"},{"floor":41.0,"key":"Girya"},{"floor":43.0,"key":"Dream Catcher"},{"floor":45.0,"key":"Unceasing Top"},{"floor":47.0,"key":"Letter Opener"},{"floor":51,"key":"Dodecahedron"}],"event_choices":[{"damage_healed":0.0,"max_hp_gain":0.0,"max_hp_loss":0.0,"gold_gain":0.0,"event_name":"Upgrade Shrine","player_choice":"Upgraded","floor":2.0,"gold_loss":0.0,"damage_taken":0.0,"cards_upgraded":["Perfected Strike"]},{"damage_healed":0.0,"max_hp_gain":0.0,"max_hp_loss":0.0,"gold_gain":0.0,"cards_transformed":["Carnage"],"event_name":"Living Wall","player_choice":"Change","floor":12.0,"gold_loss":0.0,"damage_taken":0.0,"cards_obtained":["Intimidate"]},{"damage_healed":0.0,"max_hp_gain":0.0,"max_hp_loss":0.0,"gold_gain":100.0,"event_name":"Golden Shrine","player_choice":"Pray","floor":21.0,"gold_loss":0.0,"damage_taken":0.0},{"cards_removed":["Flex"],"damage_healed":0.0,"max_hp_gain":0.0,"max_hp_loss":0.0,"gold_gain":0.0,"event_name":"Falling","player_choice":"Removed Skill","floor":38.0,"gold_loss":0.0,"damage_taken":0.0},{"damage_healed":0.0,"max_hp_gain":0.0,"max_hp_loss":4.0,"gold_gain":0.0,"event_name":"Winding Halls","player_choice":"Max HP","floor":40.0,"gold_loss":0.0,"damage_taken":0.0},{"damage_healed":0.0,"max_hp_gain":0.0,"max_hp_loss":0.0,"gold_gain":0.0,"event_name":"Mysterious Sphere","player_choice":"Fight","floor":41.0,"gold_loss":0.0,"damage_taken":0.0},{"damage_healed":0,"gold_gain":0,"player_choice":"Memory 3","damage_taken":10,"max_hp_gain":0,"max_hp_loss":0,"event_name":"SensoryStone","floor":48,"gold_loss":0}],"is_beta":false,"boss_relics":[{"not_picked":["Tiny House","Calling Bell"],"picked":"Orrery"},{"not_picked":["Eternal Feather","Mark of Pain"],"picked":"Philosopher\u0027s Stone"}],"items_purged_floors":[],"is_endless":false,"potions_floor_spawned":[5,6,11,17,22,23,31,35,43,47,51],"killed_by":"Time Eater","ascension_level":7}