{"gold_per_floor":[111,111,111,7,20,20,52,52,129,129,147,180,180,194,194,271,271,287,303,138,138,138,138,173,173,242,262,262,274,284,298,298,298],"floor_reached":33,"playtime":1634,"items_purged":["Defend_B"],"score":650,"play_id":"a48786e2-6de5-44c1-b7d4-1b1b33dd2905","local_time":"20190220160611","is_ascension_mode":true,"campfire_choices":[{"data":"Zap","floor":6,"key":"SMITH"},{"data":"Recycle","floor":8,"key":"SMITH"},{"data":"Chill","floor":10,"key":"SMITH"},{"data":"Dualcast","floor":15,"key":"SMITH"},{"data":"Sunder","floor":23,"key":"SMITH"},{"data":"White Noise","floor":25,"key":"SMITH"},{"data":"Self Repair","floor":28,"key":"SMITH"},{"data":"Creative AI","floor":32,"key":"SMITH"}],"neow_cost":"NONE","seed_source_timestamp":14128434447000,"circlet_count":0,"master_deck":["AscendersBane","Strike_B","Strike_B","Strike_B","Defend_B","Defend_B","Zap+1","Dualcast+1","Chill+1","Glacier","Cold Snap","Recycle+1","White Noise+1","FTL","Glacier","Creative AI+1","Turbo","Bandage Up","Clumsy","Sunder+1","Self Repair+1","Sweeping Beam+1","Self Repair","All For One"],"relics":["Cracked Core","NeowsBlessing","Dead Branch","Calipers","Ornamental Fan","Pantograph","Coffee Dripper","Regal Pillow","Emotion Chip","Toxic Egg 2"],"potions_floor_usage":[24,24,30],"damage_taken":[{"damage":0,"enemies":"Cultist","floor":1,"turns":1},{"damage":0,"enemies":"2 Louse","floor":5,"turns":1},{"damage":0,"enemies":"3 Sentries","floor":7,"turns":1},{"damage":1,"enemies":"Jaw Worm","floor":11,"turns":2},{"damage":0,"enemies":"Lagavulin","floor":12,"turns":6},{"damage":0,"enemies":"3 Louse","floor":14,"turns":1},{"damage":20,"enemies":"Hexaghost","floor":16,"turns":9},{"damage":0,"enemies":"Shell Parasite","floor":18,"turns":5},{"damage":13,"enemies":"Spheric Guardian","floor":19,"turns":4},{"damage":29,"enemies":"Book of Stabbing","floor":24,"turns":4},{"damage":19,"enemies":"Shelled Parasite and Fungi","floor":27,"turns":6},{"damage":8,"enemies":"Snake Plant","floor":29,"turns":3},{"damage":3,"enemies":"Sentry and Sphere","floor":30,"turns":7},{"damage":0,"enemies":"3 Cultists","floor":31,"turns":5},{"damage":74,"enemies":"Automaton","floor":33,"turns":10}],"seed_played":"-6869667756694833970","potions_obtained":[{"floor":1,"key":"AttackPotion"},{"floor":7,"key":"Fire Potion"},{"floor":24,"key":"LiquidBronze"},{"floor":29,"key":"Explosive Potion"}],"is_trial":false,"path_per_floor":["M","?","?","$","M","R","E","R","T","R","M","E","?","M","R","B",null,"M","M","$","?","?","R","E","R","T","M","R","M","M","M","R","B"],"character_chosen":"DEFECT","items_purchased":["Glacier","Cold Snap","Bandage Up"],"campfire_rested":0,"item_purchase_floors":[4,4,20],"current_hp_per_floor":[64,46,39,39,39,39,39,39,39,39,38,38,38,38,38,43,64,64,51,51,51,51,51,26,26,26,18,18,10,28,49,49,0],"gold":298,"neow_bonus":"THREE_ENEMY_KILL","is_prod":false,"is_daily":false,"chose_seed":false,"campfire_upgraded":8,"win_rate":0,"timestamp":1550646371,"path_taken":["M","?","?","?","M","R","E","R","T","R","M","E","?","?","R","BOSS","M","M","$","?","?","R","E","R","T","M","R","M","M","M","R","BOSS"],"build_version":"2019-01-23","purchased_purges":1,"victory":false,"max_hp_per_floor":[71,71,71,71,71,71,71,71,71,71,71,71,71,71,71,71,71,71,71,71,71,71,71,71,71,71,71,71,71,71,71,71,71],"card_choices":[{"not_picked":["Ball Lightning","Double Energy"],"picked":"Chill","floor":1},{"not_picked":["Beam Cell","Hologram"],"picked":"Recycle","floor":5},{"not_picked":["Gash","Redo","Rebound"],"picked":"SKIP","floor":7},{"not_picked":["Beam Cell","Ball Lightning"],"picked":"White Noise","floor":11},{"not_picked":["Static Discharge","Aggregate"],"picked":"FTL","floor":12},{"not_picked":["Recycle","Steam Power"],"picked":"Glacier","floor":14},{"not_picked":["All For One","Rainbow"],"picked":"Creative AI","floor":16},{"not_picked":["Gash","Rebound"],"picked":"Turbo","floor":18},{"not_picked":["Rip and Tear","Sweeping Beam","Reprogram"],"picked":"SKIP","floor":19},{"not_picked":["Conserve Battery+1","Sweeping Beam"],"picked":"Self Repair","floor":24},{"not_picked":["Redo+1","Fusion+1"],"picked":"Sweeping Beam+1","floor":27},{"not_picked":["Turbo+1","Steam+1"],"picked":"Self Repair","floor":29},{"not_picked":["Beam Cell","Redo+1"],"picked":"All For One","floor":30},{"not_picked":["Leap+1","Streamline","Lockon"],"picked":"SKIP","floor":31}],"player_experience":1671712,"relics_obtained":[{"floor":7,"key":"Calipers"},{"floor":9,"key":"Ornamental Fan"},{"floor":12,"key":"Pantograph"},{"floor":24,"key":"Emotion Chip"},{"floor":26,"key":"Toxic Egg 2"}],"event_choices":[{"damage_healed":0,"gold_gain":0,"player_choice":"Success","damage_taken":18,"relics_obtained":["Dead Branch"],"max_hp_gain":0,"max_hp_loss":0,"event_name":"Scrap Ooze","floor":2,"gold_loss":0},{"cards_removed":["Defend_B"],"damage_healed":0,"gold_gain":0,"player_choice":"Card Removal","damage_taken":7,"max_hp_gain":0,"max_hp_loss":0,"event_name":"Golden Wing","floor":3,"gold_loss":0},{"damage_healed":0,"gold_gain":0,"player_choice":"0 cards matched","damage_taken":0,"max_hp_gain":0,"max_hp_loss":0,"event_name":"Match and Keep!","floor":13,"gold_loss":0,"cards_obtained":[]},{"damage_healed":0,"gold_gain":0,"player_choice":"Opened","damage_taken":0,"relics_obtained":["Regal Pillow"],"max_hp_gain":0,"max_hp_loss":0,"event_name":"The Mausoleum","floor":21,"gold_loss":0,"cards_obtained":["Writhe"]},{"damage_healed":0,"gold_gain":0,"cards_transformed":["Writhe","Strike_B"],"player_choice":"Became Test Subject","damage_taken":0,"max_hp_gain":0,"max_hp_loss":0,"event_name":"Drug Dealer","floor":22,"gold_loss":0,"cards_obtained":["Clumsy","Sunder"]}],"is_beta":false,"boss_relics":[{"not_picked":["Runic Pyramid","Inserter"],"picked":"Coffee Dripper"}],"items_purged_floors":[20],"is_endless":false,"potions_floor_spawned":[1,7,16,19,24,29],"killed_by":"Automaton","ascension_level":20}