{"gold_per_floor":[114,114,114,14,32,52,52,86,112,136,170,170,16,49,49,179,179,150,99,99],"floor_reached":20,"playtime":582,"items_purged":["Strike_B"],"score":228,"play_id":"f597921f-8d4b-4882-98e9-a9b5944b1015","local_time":"20190421212409","is_ascension_mode":true,"campfire_choices":[{"floor":7,"key":"REST"},{"floor":12,"key":"REST"},{"floor":15,"key":"REST"}],"neow_cost":"NONE","seed_source_timestamp":321781606071841,"circlet_count":0,"master_deck":["Strike_B","Strike_B","Strike_B","Defend_B","Defend_B","Defend_B","Defend_B","Zap+1","Dualcast","Skim","Coolheaded","Cold Snap","Ball Lightning","Leap+1","Coolheaded","Loop","Storm","Ball Lightning","Machine Learning","Streamline+1","Gash"],"relics":["FrozenCore","NeowsBlessing","Bag of Marbles","Golden Idol","Blood Vial","Strawberry","War Paint","Oddly Smooth Stone"],"potions_floor_usage":[],"damage_taken":[{"damage":0,"enemies":"Cultist","floor":1,"turns":1},{"damage":0,"enemies":"Jaw Worm","floor":5,"turns":1},{"damage":0,"enemies":"2 Louse","floor":6,"turns":1},{"damage":32,"enemies":"Lagavulin","floor":8,"turns":6},{"damage":10,"enemies":"Looter","floor":10,"turns":3},{"damage":36,"enemies":"Gremlin Nob","floor":11,"turns":4},{"damage":19,"enemies":"3 Sentries","floor":14,"turns":10},{"damage":16,"enemies":"The Guardian","floor":16,"turns":13},{"damage":43,"enemies":"2 Thieves","floor":18,"turns":5},{"damage":42,"enemies":"3 Byrds","floor":20,"turns":3}],"seed_played":"-6313416791284936864","potions_obtained":[{"floor":5,"key":"SkillPotion"},{"floor":10,"key":"SkillPotion"},{"floor":11,"key":"FearPotion"}],"is_trial":false,"path_per_floor":["M","?","?","$","M","M","R","E","T","M","E","R","$","E","R","B",null,"M","$","M"],"character_chosen":"DEFECT","items_purchased":["Coolheaded","Cold Snap","Storm","Gash"],"campfire_rested":3,"item_purchase_floors":[4,4,13,19],"current_hp_per_floor":[75,68,50,50,50,50,72,40,47,39,5,29,29,12,36,22,82,39,39,0],"gold":99,"neow_bonus":"THREE_ENEMY_KILL","is_prod":false,"is_daily":false,"chose_seed":false,"campfire_upgraded":0,"win_rate":0,"timestamp":1555899849,"path_taken":["M","?","?","$","M","M","R","E","T","M","E","R","?","E","R","BOSS","M","$","M"],"build_version":"2019-01-23","purchased_purges":1,"victory":false,"max_hp_per_floor":[75,75,75,75,75,75,75,75,82,82,82,82,82,82,82,82,82,82,82,82],"card_choices":[{"not_picked":["Hologram","Steam Power"],"picked":"Skim","floor":1},{"not_picked":["Streamline","Cold Snap"],"picked":"Ball Lightning","floor":5},{"not_picked":["Scrape","Lockon"],"picked":"Leap","floor":6},{"not_picked":["Compile Driver","Undo","Stack"],"picked":"SKIP","floor":8},{"not_picked":["Leap","Steam Power"],"picked":"Coolheaded","floor":10},{"not_picked":["Streamline","Rebound"],"picked":"Loop","floor":11},{"not_picked":["Melter","Go for the Eyes"],"picked":"Ball Lightning","floor":14},{"not_picked":["All For One","Rainbow"],"picked":"Machine Learning","floor":16},{"not_picked":["Hologram+1","Ball Lightning"],"picked":"Streamline+1","floor":18}],"player_experience":232878,"relics_obtained":[{"floor":8,"key":"Blood Vial"},{"floor":9,"key":"Strawberry"},{"floor":11,"key":"War Paint"},{"floor":14,"key":"Oddly Smooth Stone"}],"event_choices":[{"damage_healed":0,"gold_gain":0,"player_choice":"Success","damage_taken":7,"relics_obtained":["Bag of Marbles"],"max_hp_gain":0,"max_hp_loss":0,"event_name":"Scrap Ooze","floor":2,"gold_loss":0},{"damage_healed":0,"gold_gain":0,"player_choice":"Take Damage","damage_taken":18,"relics_obtained":["Golden Idol"],"max_hp_gain":0,"max_hp_loss":0,"event_name":"Golden Idol","floor":3,"gold_loss":0}],"is_beta":false,"boss_relics":[{"not_picked":["Snecko Eye","Astrolabe"],"picked":"FrozenCore"}],"items_purged_floors":[13],"is_endless":false,"potions_floor_spawned":[5,10,11],"killed_by":"3 Byrds","ascension_level":4}