{"gold_per_floor":[112,132,151,164,164,164,198,198,198,225,6,6,27,40,40,144,144,69,69,269,281,294,294,304,26,26,26],"floor_reached":27,"playtime":1248,"items_purged":["Strike_G"],"score":287,"play_id":"55e63e8e-a5b9-4b05-9561-70c3575d4672","local_time":"20190427032916","is_ascension_mode":true,"campfire_choices":[{"floor":6,"key":"REST"},{"floor":8,"key":"REST"},{"floor":15,"key":"REST"},{"floor":23,"key":"REST"}],"neow_cost":"NONE","seed_source_timestamp":208107120973300,"circlet_count":0,"master_deck":["Defend_G","Defend_G","Defend_G","Defend_G","Defend_G+1","Strike_G","Strike_G","Strike_G","Strike_G","Survivor+1","Neutralize","Footwork","Footwork","Caltrops","Noxious Fumes","Bullet Time","Noxious Fumes+1","PiercingWail","Backstab+1","Noxious Fumes"],"relics":["Ring of the Serpent","NeowsBlessing","Oddly Smooth Stone","PreservedInsect","Question Card","Bag of Marbles","Odd Mushroom","Bag of Preparation"],"potions_floor_usage":[7,10,10,16,24],"damage_taken":[{"damage":0,"enemies":"Cultist","floor":1,"turns":1},{"damage":0,"enemies":"Jaw Worm","floor":2,"turns":1},{"damage":0,"enemies":"Small Slimes","floor":3,"turns":1},{"damage":5,"enemies":"Exordium Wildlife","floor":4,"turns":8},{"damage":27,"enemies":"3 Sentries","floor":7,"turns":17},{"damage":35,"enemies":"Gremlin Nob","floor":10,"turns":5},{"damage":12,"enemies":"The Mushroom Lair","floor":13,"turns":9},{"damage":3,"enemies":"3 Louse","floor":14,"turns":5},{"damage":7,"enemies":"Hexaghost","floor":16,"turns":14},{"damage":14,"enemies":"2 Thieves","floor":18,"turns":5},{"damage":8,"enemies":"Spheric Guardian","floor":21,"turns":7},{"damage":18,"enemies":"Centurion and Healer","floor":22,"turns":8},{"damage":10,"enemies":"Cultist and Chosen","floor":24,"turns":7},{"damage":17,"enemies":"Shelled Parasite and Fungi","floor":27,"turns":4}],"seed_played":"70981399946155278","potions_obtained":[{"floor":1,"key":"FearPotion"},{"floor":3,"key":"Swift Potion"},{"floor":7,"key":"Swift Potion"},{"floor":10,"key":"Ancient Potion"},{"floor":14,"key":"EssenceOfSteel"},{"floor":22,"key":"LiquidBronze"}],"is_trial":false,"path_per_floor":["M","M","M","M","?","R","E","R","T","E","$","?","?","M","R","B",null,"M","?","?","M","M","R","M","$","T","M"],"character_chosen":"THE_SILENT","items_purchased":["Bag of Marbles","Noxious Fumes","Bag of Preparation","Dexterity Potion"],"campfire_rested":4,"item_purchase_floors":[11,25,25,25],"current_hp_per_floor":[63,63,63,58,44,65,38,59,59,24,24,24,12,9,30,23,58,44,31,31,23,5,27,17,17,17,0],"gold":26,"neow_bonus":"THREE_ENEMY_KILL","is_prod":false,"is_daily":false,"chose_seed":false,"campfire_upgraded":0,"win_rate":0,"timestamp":1556350156,"path_taken":["M","M","M","?","?","R","E","R","T","E","$","?","?","M","R","BOSS","M","?","?","M","M","R","M","$","T","M"],"build_version":"2019-01-23","purchased_purges":1,"victory":false,"max_hp_per_floor":[70,70,70,70,70,70,70,70,70,70,70,70,70,70,70,70,70,70,75,75,75,75,75,75,75,75,75],"card_choices":[{"not_picked":["Eviscerate","Poisoned Stab","Slice"],"picked":"SKIP","floor":1},{"not_picked":["Eviscerate","Poisoned Stab","Slice"],"picked":"SKIP","floor":1},{"not_picked":["Concentrate","Quick Slash","Dagger Spray"],"picked":"SKIP","floor":2},{"not_picked":["Prepared","Dodge and Roll"],"picked":"Footwork","floor":3},{"not_picked":["Eviscerate","Slice","Concentrate"],"picked":"SKIP","floor":4},{"not_picked":["Catalyst","Flying Knee","Acrobatics"],"picked":"SKIP","floor":7},{"not_picked":["Quick Slash","Deadly Poison"],"picked":"Footwork","floor":10},{"not_picked":["Endless Agony","Concentrate","PiercingWail"],"picked":"Caltrops","floor":13},{"not_picked":["Sucker Punch","Deflect","Distraction"],"picked":"Noxious Fumes","floor":14},{"not_picked":["A Thousand Cuts","Malaise","Doppelganger"],"picked":"Bullet Time","floor":16},{"not_picked":["Finisher+1","Dagger Spray","Dodge and Roll","Prepared+1"],"picked":"SKIP","floor":18},{"not_picked":["Flechettes","Accuracy","Distraction"],"picked":"Noxious Fumes+1","floor":21},{"not_picked":["Slice","Dagger Throw+1","Deflect"],"picked":"PiercingWail","floor":22},{"not_picked":["Die Die Die","Blade Dance","Poisoned Stab"],"picked":"Backstab+1","floor":24}],"player_experience":190008,"relics_obtained":[{"floor":7,"key":"Oddly Smooth Stone"},{"floor":9,"key":"PreservedInsect"},{"floor":10,"key":"Question Card"},{"floor":13,"key":"Odd Mushroom"}],"event_choices":[{"damage_healed":0,"gold_gain":0,"player_choice":"Entered Light","damage_taken":14,"max_hp_gain":0,"max_hp_loss":0,"event_name":"Shining Light","floor":5,"gold_loss":0,"cards_upgraded":["Defend_G","Survivor"]},{"damage_healed":0,"gold_gain":0,"player_choice":"Ignored","damage_taken":0,"max_hp_gain":0,"max_hp_loss":0,"event_name":"Liars Game","floor":12,"gold_loss":0},{"damage_healed":0,"gold_gain":0,"player_choice":"Fought Mushrooms","damage_taken":0,"max_hp_gain":0,"max_hp_loss":0,"event_name":"Mushrooms","floor":13,"gold_loss":0},{"damage_healed":0,"gold_gain":0,"player_choice":"Shed Blood","damage_taken":18,"max_hp_gain":5,"max_hp_loss":0,"event_name":"Forgotten Altar","floor":19,"gold_loss":0},{"damage_healed":0,"gold_gain":250,"player_choice":"Bet on Owner","damage_taken":0,"max_hp_gain":0,"max_hp_loss":0,"event_name":"The Joust","floor":20,"gold_loss":50}],"is_beta":false,"boss_relics":[{"not_picked":["Busted Crown","Fusion Hammer"],"picked":"Ring of the Serpent"}],"items_purged_floors":[11],"is_endless":false,"potions_floor_spawned":[1,3,7,10,14,22],"killed_by":"Shelled Parasite and Fungi","ascension_level":6}