{"gold_per_floor":[113,388,401,413,42,42,72,72,72,96,151,176,196,7,7,81,81,96,56,71,90,11,40,73,73,73,103,103,103,26,43,43,115,115,129,4,104,326,340,340,375,387,441,441,476,488,517,126,126,126,126,126,126,41,75,75],"floor_reached":57,"playtime":2471,"items_purged":["Regret","Strike_R","Writhe"],"score":2887,"play_id":"3c3701a1-92ea-445b-aae0-7ca289e47daa","local_time":"20190426213001","is_ascension_mode":true,"campfire_choices":[{"data":"Bludgeon","floor":6.0,"key":"SMITH"},{"data":"Whirlwind","floor":8.0,"key":"SMITH"},{"data":"Bash","floor":15.0,"key":"SMITH"},{"data":"Juggernaut","floor":25.0,"key":"SMITH"},{"data":"True Grit","floor":32.0,"key":"SMITH"},{"data":"Barricade","floor":40.0,"key":"SMITH"},{"floor":49,"key":"RECALL"},{"data":"Feel No Pain","floor":53,"key":"SMITH"}],"neow_cost":"NONE","seed_source_timestamp":378416519952600,"circlet_count":0,"master_deck":["AscendersBane","Strike_R","Strike_R","Strike_R","Defend_R","Defend_R","Defend_R","Defend_R","Bash+1","Clothesline","Limit Break","True Grit+1","Bludgeon+1","Whirlwind+1","Double Tap","Juggernaut+1","Shrug It Off","Feel No Pain","Impervious","Corruption","Havoc+1","Feel No Pain","Feel No Pain","True Grit","Double Tap","Feel No Pain+1","Barricade+1","Power Through","Warcry","Power Through","Metallicize+1","Reaper","Anger","Shockwave","Warcry","Corruption","True Grit","Ghostly Armor"],"special_seed":0,"relics":["Coffee Dripper","Nunchaku","Pocketwatch","Odd Mushroom","Potion Belt","Turnip","Runic Dome","Lantern","Red Mask","Matryoshka","Champion Belt","Mango","Bag of Preparation","White Beast Statue","Du-Vu Doll","Darkstone Periapt","Vajra","MawBank","Mummified Hand","Thread and Needle"],"potions_floor_usage":[56,56,56,56],"damage_taken":[{"damage":7.0,"enemies":"Jaw Worm","floor":1.0,"turns":3.0},{"damage":1.0,"enemies":"Cultist","floor":3.0,"turns":3.0},{"damage":4.0,"enemies":"Small Slimes","floor":4.0,"turns":2.0},{"damage":15.0,"enemies":"Lagavulin","floor":7.0,"turns":7.0},{"damage":0.0,"enemies":"The Mushroom Lair","floor":10.0,"turns":2.0},{"damage":5.0,"enemies":"3 Sentries","floor":11.0,"turns":5.0},{"damage":0.0,"enemies":"Gremlin Nob","floor":12.0,"turns":2.0},{"damage":8.0,"enemies":"Blue Slaver","floor":13.0,"turns":2.0},{"damage":21.0,"enemies":"Slime Boss","floor":16.0,"turns":9.0},{"damage":0.0,"enemies":"Shell Parasite","floor":18.0,"turns":2.0},{"damage":0.0,"enemies":"Spheric Guardian","floor":20.0,"turns":5.0},{"damage":6.0,"enemies":"Shelled Parasite and Fungi","floor":21.0,"turns":3.0},{"damage":11.0,"enemies":"Book of Stabbing","floor":23.0,"turns":4.0},{"damage":2.0,"enemies":"Masked Bandits","floor":24.0,"turns":2.0},{"damage":5.0,"enemies":"Gremlin Leader","floor":27.0,"turns":4.0},{"damage":0.0,"enemies":"Cultist and Chosen","floor":31.0,"turns":2.0},{"damage":25.0,"enemies":"Champ","floor":33.0,"turns":11.0},{"damage":14.0,"enemies":"Orb Walker","floor":35.0,"turns":4.0},{"damage":0.0,"enemies":"Mind Bloom Boss Battle","floor":37.0,"turns":6.0},{"damage":3.0,"enemies":"3 Shapes","floor":39.0,"turns":4.0},{"damage":0.0,"enemies":"Nemesis","floor":41.0,"turns":9.0},{"damage":0.0,"enemies":"Maw","floor":42.0,"turns":8.0},{"damage":0.0,"enemies":"Giant Head","floor":45.0,"turns":9.0},{"damage":0.0,"enemies":"Writhing Mass","floor":46.0,"turns":1.0},{"damage":0.0,"enemies":"4 Shapes","floor":47.0,"turns":4.0},{"damage":4,"enemies":"Time Eater","floor":50,"turns":12},{"damage":28,"enemies":"Donu and Deca","floor":51,"turns":10},{"damage":22,"enemies":"Shield and Spear","floor":55,"turns":11},{"damage":37,"enemies":"The Heart","floor":56,"turns":11}],"seed_played":"8065308075498883894","potions_obtained":[{"floor":3.0,"key":"Explosive Potion"},{"floor":11.0,"key":"PowerPotion"},{"floor":13.0,"key":"LiquidBronze"},{"floor":16.0,"key":"Ancient Potion"},{"floor":19.0,"key":"Fire Potion"},{"floor":19.0,"key":"GamblersBrew"},{"floor":21.0,"key":"Poison Potion"},{"floor":31.0,"key":"Dexterity Potion"},{"floor":35.0,"key":"Explosive Potion"},{"floor":37.0,"key":"Weak Potion"},{"floor":39.0,"key":"SmokeBomb"},{"floor":41.0,"key":"Poison Potion"},{"floor":47.0,"key":"SkillPotion"},{"floor":55,"key":"Strength Potion"}],"is_trial":false,"path_per_floor":["M","?","M","M","$","R","E","R","T","?","?","E","M","$","R","B",null,"M","?","M","M","$","E","?","R","T","E","?","?","$","M","R","B",null,"M","$","?","?","M","R","E","M","T","?","E","M","M","$","R","B","B",null,"R","$","E","B",null],"character_chosen":"IRONCLAD","items_purchased":["Limit Break","True Grit","Bludgeon","Feel No Pain","Feel No Pain","Feel No Pain","Mummified Hand","Corruption","True Grit","Ancient Potion"],"campfire_rested":0,"item_purchase_floors":[5,5,5,14,22,30,48,48,48,54],"current_hp_per_floor":[61,61,60,56,56,56,41,41,41,41,36,36,28,28,28,7,58,58,58,58,52,52,41,39,39,39,34,48,48,48,48,48,23,73,59,59,59,59,56,56,56,56,56,56,68,68,68,68,68,76,56,81,81,81,71,52],"gold":75,"neow_bonus":"BOSS_RELIC","is_prod":false,"is_daily":false,"chose_seed":false,"campfire_upgraded":7,"win_rate":0,"timestamp":1556281801,"path_taken":["M","?","M","?","$","R","E","R","T","?","?","E","M","?","R","BOSS","M","?","M","?","$","E","?","R","T","E","?","?","$","M","R","BOSS","M","$","?","?","M","R","E","M","T","?","E","?","M","$","R","BOSS","BOSS","R","$","E","BOSS"],"build_version":"2019-01-23","purchased_purges":3,"victory":true,"max_hp_per_floor":[75,75,75,75,75,75,75,75,75,75,75,75,75,75,75,75,75,75,75,75,75,75,75,75,75,75,75,89,89,89,89,89,89,89,89,89,89,89,89,89,89,89,89,89,89,89,89,89,89,89,89,89,89,89,89,89],"card_choices":[{"not_picked":["Twin Strike","Anger"],"picked":"Clothesline","floor":1.0},{"not_picked":["Havoc","Intimidate","Warcry"],"picked":"SKIP","floor":3.0},{"not_picked":["Dual Wield","Cleave","Wild Strike"],"picked":"SKIP","floor":4.0},{"not_picked":["Iron Wave","Pommel Strike"],"picked":"Whirlwind","floor":7.0},{"not_picked":["Inflame","Body Slam"],"picked":"Double Tap","floor":11.0},{"not_picked":["Clothesline","Twin Strike"],"picked":"Juggernaut","floor":12.0},{"not_picked":["Cleave","Reckless Charge"],"picked":"Shrug It Off","floor":13.0},{"not_picked":["Fiend Fire","Dark Embrace"],"picked":"Impervious","floor":16.0},{"not_picked":["Twin Strike","Clash","Anger"],"picked":"SKIP","floor":18.0},{"not_picked":["Flex","Clothesline"],"picked":"Corruption","floor":20.0},{"not_picked":["Carnage","Heavy Blade"],"picked":"Havoc+1","floor":21.0},{"not_picked":["Sword Boomerang","Bloodletting"],"picked":"Feel No Pain","floor":23.0},{"not_picked":["Armaments","Cleave"],"picked":"True Grit","floor":24.0},{"not_picked":["Havoc","Heavy Blade"],"picked":"Double Tap","floor":27.0},{"not_picked":["Searing Blow","Anger","Sever Soul"],"picked":"SKIP","floor":31.0},{"not_picked":["Fiend Fire","Dark Embrace"],"picked":"Barricade","floor":33.0},{"not_picked":["Inflame","Cleave"],"picked":"Power Through","floor":35.0},{"not_picked":["Thunderclap+1","Flex"],"picked":"Warcry","floor":37.0},{"not_picked":["Warcry","Perfected Strike"],"picked":"Power Through","floor":39.0},{"not_picked":["Whirlwind+1","Anger"],"picked":"Metallicize+1","floor":41.0},{"not_picked":["Rupture+1","Havoc"],"picked":"Reaper","floor":42.0},{"not_picked":["Shrug It Off+1","Heavy Blade"],"picked":"Shockwave","floor":45.0},{"not_picked":["Anger","Flex"],"picked":"Warcry","floor":47.0},{"not_picked":["Flex","Perfected Strike"],"picked":"Ghostly Armor","floor":55}],"player_experience":3399520,"relics_obtained":[{"floor":7.0,"key":"Nunchaku"},{"floor":9.0,"key":"Pocketwatch"},{"floor":10.0,"key":"Odd Mushroom"},{"floor":11.0,"key":"Potion Belt"},{"floor":12.0,"key":"Turnip"},{"floor":23.0,"key":"Lantern"},{"floor":24.0,"key":"Red Mask"},{"floor":26.0,"key":"Matryoshka"},{"floor":27.0,"key":"Champion Belt"},{"floor":37.0,"key":"Du-Vu Doll"},{"floor":41.0,"key":"Darkstone Periapt"},{"floor":43.0,"key":"Vajra"},{"floor":45.0,"key":"MawBank"},{"floor":55,"key":"Thread and Needle"}],"event_choices":[{"damage_healed":0.0,"max_hp_gain":0.0,"max_hp_loss":0.0,"gold_gain":275.0,"event_name":"Golden Shrine","player_choice":"Desecrate","floor":2.0,"gold_loss":0.0,"damage_taken":0.0,"cards_obtained":["Regret"]},{"damage_healed":0.0,"max_hp_gain":0.0,"max_hp_loss":0.0,"gold_gain":0.0,"event_name":"Mushrooms","player_choice":"Fought Mushrooms","floor":10.0,"gold_loss":0.0,"damage_taken":0.0},{"damage_healed":0.0,"max_hp_gain":0.0,"max_hp_loss":0.0,"gold_gain":0.0,"event_name":"Dead Adventurer","player_choice":"Searched \u00271\u0027 times","floor":11.0,"gold_loss":0.0,"damage_taken":0.0},{"damage_healed":0.0,"max_hp_gain":0.0,"max_hp_loss":0.0,"gold_gain":0.0,"event_name":"The Woman in Blue","player_choice":"Bought 3 Potions","floor":19.0,"gold_loss":0.0,"damage_taken":0.0},{"damage_healed":0.0,"max_hp_gain":0.0,"max_hp_loss":0.0,"gold_gain":0.0,"event_name":"Masked Bandits","player_choice":"Fought Bandits","floor":24.0,"gold_loss":0.0,"damage_taken":0.0},{"damage_healed":0.0,"max_hp_gain":0.0,"max_hp_loss":0.0,"gold_gain":0.0,"event_name":"The Mausoleum","player_choice":"Opened","floor":28.0,"gold_loss":0.0,"damage_taken":0.0,"relics_obtained":["Mango"],"cards_obtained":["Writhe"]},{"damage_healed":0.0,"max_hp_gain":0.0,"max_hp_loss":0.0,"gold_gain":0.0,"event_name":"WeMeetAgain","player_choice":"Gave Potion","floor":29.0,"gold_loss":0.0,"damage_taken":0.0,"relics_obtained":["Bag of Preparation"]},{"damage_healed":0.0,"max_hp_gain":0.0,"max_hp_loss":0.0,"gold_gain":0.0,"event_name":"MindBloom","player_choice":"Fight","floor":37.0,"gold_loss":0.0,"damage_taken":0.0},{"damage_healed":0.0,"max_hp_gain":0.0,"max_hp_loss":0.0,"gold_gain":222.0,"event_name":"Tomb of Lord Red Mask","player_choice":"Wore Mask","floor":38.0,"gold_loss":0.0,"damage_taken":0.0},{"damage_healed":0.0,"max_hp_gain":0.0,"max_hp_loss":0.0,"gold_gain":0.0,"cards_transformed":["Strike_R"],"event_name":"Transmorgrifier","player_choice":"Transformed","floor":44.0,"gold_loss":0.0,"damage_taken":0.0,"cards_obtained":["Anger"]}],"is_beta":false,"boss_relics":[{"not_picked":["Black Star","Lizard Tail"],"picked":"Runic Dome"},{"not_picked":["Calling Bell","Runic Pyramid"],"picked":"White Beast Statue"}],"items_purged_floors":[5,14,36],"is_endless":false,"potions_floor_spawned":[3,11,13,16,21,31,35,37,39,41,42,45,46,47,55],"ascension_level":20}