{"gold_per_floor":[110,110,122,122,122,122,157,157,209,209,224,253,253,268,268,340,340,360,282,332,41,41,41,41],"floor_reached":24,"playtime":673,"items_purged":[],"score":450,"play_id":"cb28105b-9290-40dd-acd6-de2ae3d04595","local_time":"20190309213056","is_ascension_mode":true,"campfire_choices":[{"data":"Dualcast","floor":6,"key":"SMITH"},{"data":"Strike_B","floor":8,"key":"PURGE"},{"data":"Strike_B","floor":10,"key":"PURGE"},{"data":"Consume","floor":13,"key":"SMITH"},{"data":"Strike_B","floor":15,"key":"PURGE"},{"data":"Blizzard","floor":23,"key":"SMITH"}],"neow_cost":"NONE","seed_source_timestamp":40334862879100,"circlet_count":0,"master_deck":["AscendersBane","Zap+1","Dualcast+1","Cold Snap","Seek","Consume+1","Gash","Melter","Blizzard+1","Static Discharge","Skim","Coolheaded+1","Capacitor","Capacitor"],"relics":["Cracked Core","NeowsBlessing","Pantograph","Peace Pipe","Ancient Tea Set","Pandora\u0027s Box","OrangePellets"],"potions_floor_usage":[24],"damage_taken":[{"damage":0,"enemies":"Small Slimes","floor":1,"turns":1},{"damage":0,"enemies":"Jaw Worm","floor":3,"turns":1},{"damage":0,"enemies":"Gremlin Nob","floor":7,"turns":1},{"damage":0,"enemies":"Cultist","floor":11,"turns":3},{"damage":26,"enemies":"3 Sentries","floor":12,"turns":10},{"damage":4,"enemies":"Exordium Wildlife","floor":14,"turns":3},{"damage":9,"enemies":"The Guardian","floor":16,"turns":13},{"damage":22,"enemies":"Chosen","floor":18,"turns":4},{"damage":32,"enemies":"Slavers","floor":24,"turns":4}],"seed_played":"5342772157601021296","potions_obtained":[{"floor":3,"key":"FearPotion"},{"floor":18,"key":"Block Potion"}],"is_trial":false,"path_per_floor":["M","?","M","?","?","R","E","R","T","R","M","E","R","M","R","B",null,"M","$","?","$","?","R","E"],"character_chosen":"DEFECT","items_purchased":["Capacitor","OrangePellets","Capacitor"],"campfire_rested":0,"item_purchase_floors":[19,21,21],"current_hp_per_floor":[64,59,59,59,59,59,59,59,59,59,59,33,33,29,29,45,65,43,43,43,43,43,43,11],"gold":41,"neow_bonus":"THREE_ENEMY_KILL","is_prod":false,"is_daily":false,"chose_seed":false,"campfire_upgraded":3,"win_rate":0,"timestamp":1552134656,"path_taken":["M","?","M","?","?","R","E","R","T","R","M","E","R","?","R","BOSS","M","$","?","$","?","R","E"],"build_version":"2019-01-23","purchased_purges":0,"victory":false,"max_hp_per_floor":[71,71,71,71,71,71,71,71,71,71,71,71,71,71,71,71,71,71,71,71,71,71,71,71],"card_choices":[{"not_picked":["Sweeping Beam","Hologram","Lockon"],"picked":"SKIP","floor":1},{"not_picked":["Rebound","Redo"],"picked":"Cold Snap","floor":3},{"not_picked":["White Noise","Steam"],"picked":"Seek","floor":7},{"not_picked":["Cold Snap","Coolheaded"],"picked":"Consume","floor":11},{"not_picked":["Rebound","Rip and Tear"],"picked":"Gash","floor":12},{"not_picked":["Rebound","Turbo","Reprogram"],"picked":"SKIP","floor":14},{"not_picked":["Redo","Compile Driver"],"picked":"Coolheaded+1","floor":18}],"player_experience":2113404,"relics_obtained":[{"floor":7,"key":"Peace Pipe"},{"floor":9,"key":"Ancient Tea Set"}],"event_choices":[{"damage_healed":0,"gold_gain":0,"player_choice":"Success","damage_taken":5,"relics_obtained":["Pantograph"],"max_hp_gain":0,"max_hp_loss":0,"event_name":"Scrap Ooze","floor":2,"gold_loss":0},{"damage_healed":0,"gold_gain":0,"player_choice":"Ignored","damage_taken":0,"max_hp_gain":0,"max_hp_loss":0,"event_name":"Liars Game","floor":4,"gold_loss":0},{"damage_healed":0,"gold_gain":0,"player_choice":"Upgraded","damage_taken":0,"max_hp_gain":0,"max_hp_loss":0,"event_name":"Upgrade Shrine","floor":5,"gold_loss":0,"cards_upgraded":["Zap"]},{"damage_healed":0,"gold_gain":50,"player_choice":"Stole From Cult","damage_taken":0,"max_hp_gain":0,"max_hp_loss":0,"event_name":"Nest","floor":20,"gold_loss":0},{"cards_removed":["Thunder Strike"],"damage_healed":0,"gold_gain":0,"player_choice":"Elegance","damage_taken":0,"max_hp_gain":0,"max_hp_loss":0,"event_name":"Back to Basics","floor":22,"gold_loss":0}],"is_beta":false,"boss_relics":[{"not_picked":["Orrery","Black Star"],"picked":"Pandora\u0027s Box"}],"items_purged_floors":[],"is_endless":false,"potions_floor_spawned":[3,18],"killed_by":"Slavers","ascension_level":20}