{"gold_per_floor":[361,374,15,28,28,28,46,46,72,84,84,99,127,140,140,242,242,254,204,216,141,13,13,33,33,79,95,95,120,120,120,120,120],"floor_reached":33,"playtime":1175,"items_purged":["Strike_R","Strike_R","Strike_R"],"score":365,"play_id":"f420dbfd-7daa-405f-9102-869c41c3363e","local_time":"20180921000416","is_ascension_mode":true,"campfire_choices":[{"data":"Bash","floor":6.0,"key":"SMITH"},{"data":"Armaments","floor":8.0,"key":"SMITH"},{"data":"Inflame","floor":11.0,"key":"SMITH"},{"floor":15.0,"key":"REST"},{"data":"Inflame","floor":23,"key":"SMITH"},{"floor":28,"key":"REST"},{"floor":30,"key":"REST"},{"floor":32,"key":"REST"}],"neow_cost":"PERCENT_DAMAGE","seed_source_timestamp":0,"circlet_count":0,"master_deck":["Defend_R","Defend_R","Defend_R","Defend_R","Bash+1","Battle Trance","Heavy Blade","Armaments+1","Inflame+1","Heavy Blade","Shrug It Off","Heavy Blade","Double Tap","Clothesline","Inflame+1","Disarm","Twin Strike","Spot Weakness"],"special_seed":0,"relics":["Burning Blood","Shuriken","Smiling Mask","Red Skull","Runic Pyramid","Orichalcum","Juzu Bracelet"],"potions_floor_usage":[29,33,33],"damage_taken":[{"damage":1.0,"enemies":"Cultist","floor":1.0,"turns":3.0},{"damage":4.0,"enemies":"Jaw Worm","floor":2.0,"turns":4.0},{"damage":0.0,"enemies":"2 Louse","floor":4.0,"turns":2.0},{"damage":16.0,"enemies":"Gremlin Gang","floor":7.0,"turns":5.0},{"damage":14.0,"enemies":"Lots of Slimes","floor":10.0,"turns":7.0},{"damage":10.0,"enemies":"3 Louse","floor":12.0,"turns":3.0},{"damage":13.0,"enemies":"Gremlin Nob","floor":13.0,"turns":3.0},{"damage":0.0,"enemies":"Looter","floor":14.0,"turns":4.0},{"damage":26.0,"enemies":"The Guardian","floor":16.0,"turns":7.0},{"damage":25.0,"enemies":"Spheric Guardian","floor":18.0,"turns":4.0},{"damage":3.0,"enemies":"Chosen","floor":20.0,"turns":4.0},{"damage":50,"enemies":"Shelled Parasite and Fungi","floor":24,"turns":6},{"damage":8,"enemies":"Chosen and Byrds","floor":27,"turns":3},{"damage":13,"enemies":"Gremlin Leader","floor":29,"turns":5},{"damage":84,"enemies":"Collector","floor":33,"turns":6}],"seed_played":"-7934996427745661557","potions_obtained":[{"floor":1.0,"key":"Swift Potion"},{"floor":7.0,"key":"SteroidPotion"},{"floor":10.0,"key":"PowerPotion"},{"floor":14.0,"key":"PowerPotion"},{"floor":24,"key":"Dexterity Potion"},{"floor":29,"key":"PowerPotion"}],"is_trial":false,"path_per_floor":["M","M","$","M","?","R","M","R","T","M","R","M","E","M","R","B",null,"M","$","M","?","$","R","M","?","T","M","R","E","R","?","R"],"character_chosen":"IRONCLAD","items_purchased":["Shuriken","Heavy Blade","Inflame"],"campfire_rested":4,"item_purchase_floors":[3,3,22],"current_hp_per_floor":[61,63,63,69,74,74,64,64,64,56,56,52,45,51,76,56,78,59,59,62,62,62,62,18,18,18,16,41,34,59,59,84,0],"gold":120,"neow_bonus":"TWO_FIFTY_GOLD","is_prod":false,"is_daily":false,"chose_seed":false,"campfire_upgraded":4,"win_rate":0,"timestamp":1537502656,"path_taken":["M","?","$","M","?","R","M","R","T","M","R","?","E","M","R","BOSS","M","$","?","?","?","R","M","?","T","?","R","E","R","?","R","BOSS"],"build_version":"2018-09-20","purchased_purges":3,"victory":false,"max_hp_per_floor":[80,80,80,80,85,85,85,85,85,85,85,85,85,85,85,85,85,85,85,85,85,85,85,85,85,85,85,85,85,85,85,85,85],"card_choices":[{"not_picked":["Twin Strike","Corruption"],"picked":"Battle Trance","floor":1.0},{"not_picked":["Reckless Charge","Thunderclap","Havoc"],"picked":"SKIP","floor":2.0},{"not_picked":["Cleave","Havoc","Warcry"],"picked":"SKIP","floor":4.0},{"not_picked":["Corruption","Rupture"],"picked":"Armaments","floor":7.0},{"not_picked":["Corruption","Shrug It Off"],"picked":"Inflame","floor":10.0},{"not_picked":["Dropkick","Searing Blow"],"picked":"Heavy Blade","floor":12.0},{"not_picked":["Brutality","Burning Pact"],"picked":"Shrug It Off","floor":13.0},{"not_picked":["Sword Boomerang","Rupture"],"picked":"Heavy Blade","floor":14.0},{"not_picked":["Demon Form","Immolate"],"picked":"Double Tap","floor":16.0},{"not_picked":["Perfected Strike","Heavy Blade"],"picked":"Clothesline","floor":18.0},{"not_picked":["Warcry","Sword Boomerang","Sever Soul"],"picked":"SKIP","floor":20.0},{"not_picked":["Thunderclap+1","Rampage"],"picked":"Disarm","floor":24},{"not_picked":["Anger","Headbutt"],"picked":"Twin Strike","floor":27},{"not_picked":["Blood for Blood","True Grit"],"picked":"Spot Weakness","floor":29}],"player_experience":131558,"relics_obtained":[{"floor":9.0,"key":"Smiling Mask"},{"floor":13.0,"key":"Red Skull"},{"floor":26,"key":"Orichalcum"},{"floor":29,"key":"Juzu Bracelet"}],"event_choices":[{"event_name":"Big Fish","player_choice":"Donut","floor":5.0,"damage_taken":0.0},{"event_name":"Beggar","player_choice":"Gave Gold","floor":21,"damage_taken":0},{"event_name":"Purifier","player_choice":"One Purge","floor":25,"damage_taken":0},{"event_name":"The Mausoleum","player_choice":"No","floor":31,"damage_taken":0}],"is_beta":false,"boss_relics":[{"not_picked":["Black Blood","Philosopher\u0027s Stone"],"picked":"Runic Pyramid"}],"items_purged_floors":[3,19,22],"is_endless":false,"potions_floor_spawned":[1,7,10,14,24,29],"killed_by":"Collector","ascension_level":5}