{"path_per_floor":["M","?","?","M","M","R","T","M","T","M","M","E","R","M","R"],"character_chosen":"DEFECT","items_purchased":[],"gold_per_floor":[117,117,67,82,93,93,93,104,104,119,131,160,160,170,170,170],"floor_reached":16,"campfire_rested":1,"playtime":617,"item_purchase_floors":[],"current_hp_per_floor":[68,68,68,68,68,68,68,54,54,53,47,28,28,14,36,0],"items_purged":[],"gold":170,"score":140,"play_id":"41b12896-dd8e-4bae-b709-63fff8c6ec70","local_time":"20180521185551","is_prod":false,"is_daily":false,"chose_seed":false,"is_ascension_mode":true,"campfire_upgraded":2,"timestamp":1526900151,"campfire_choices":[{"data":"Fusion","floor":6,"key":"SMITH"},{"data":"Meteor Strike","floor":13,"key":"SMITH"},{"floor":15,"key":"REST"}],"path_taken":["M","?","?","M","M","R","?","M","T","?","M","E","R","M","R","BOSS"],"build_version":"2018-05-18","seed_source_timestamp":873497478925209,"purchased_purges":0,"victory":false,"master_deck":["Strike_B","Strike_B","Strike_B","Defend_B","Defend_B","Defend_B","Defend_B","Zap","Dualcast","Zap","Sweeping Beam","Fusion+1","Doubt","Doubt","Chill","Genetic Algorithm","Meteor Strike+1"],"max_hp_per_floor":[75,75,75,75,75,75,75,75,75,75,75,75,75,75,75,75],"relics":["Cursed Key","Frozen Egg 2","Centennial Puzzle","Shovel"],"card_choices":[{"not_picked":["Ball Lightning","Cold Snap","Steam"],"picked":"SKIP","floor":1},{"not_picked":["Force Field","Steam"],"picked":"Fusion","floor":4},{"not_picked":["Aggregate","Steam","Go for the Eyes"],"picked":"SKIP","floor":5},{"not_picked":["Rip and Tear","Blizzard","Axe Kick"],"picked":"SKIP","floor":8},{"not_picked":["Gash","Cold Snap"],"picked":"Chill","floor":10},{"not_picked":["Cold Snap","Skim"],"picked":"Genetic Algorithm","floor":11},{"not_picked":["Undo","Sweeping Beam"],"picked":"Meteor Strike","floor":12},{"not_picked":["Axe Kick","Barrage","Turbo"],"picked":"SKIP","floor":14}],"player_experience":397179,"potions_floor_usage":[12,12,12,16],"damage_taken":[{"damage":0,"enemies":"Small Slimes","floor":1,"turns":3},{"damage":0,"enemies":"Cultist","floor":4,"turns":3},{"damage":0,"enemies":"2 Louse","floor":5,"turns":2},{"damage":14,"enemies":"Blue Slaver","floor":8,"turns":4},{"damage":1,"enemies":"2 Fungi Beasts","floor":10,"turns":3},{"damage":6,"enemies":"Lots of Slimes","floor":11,"turns":3},{"damage":19,"enemies":"Gremlin Nob","floor":12,"turns":4},{"damage":14,"enemies":"Blue Slaver","floor":14,"turns":4},{"damage":43,"enemies":"The Guardian","floor":16,"turns":9}],"relics_obtained":[{"floor":7,"key":"Frozen Egg 2"},{"floor":9,"key":"Centennial Puzzle"},{"floor":12,"key":"Shovel"}],"event_choices":[{"event_name":"Match and Keep!","player_choice":"2 cards matched","floor":2,"damage_taken":0},{"event_name":"The Cleric","player_choice":"Card Removal","floor":3,"damage_taken":0}],"boss_relics":[],"items_purged_floors":[],"potions_floor_spawned":[4,10,11,14],"seed_played":"8687943137115395595","killed_by":"The Guardian","ascension_level":7,"potions_obtained":[{"floor":4,"key":"Ancient Potion"},{"floor":10,"key":"SpeedPotion"},{"floor":11,"key":"Poison Potion"},{"floor":14,"key":"Dexterity Potion"}],"is_trial":false}