{"gold_per_floor":[109,122,122,197,197,197,225,225,280,296,330,330,362,380,380,457,457,476,493,326,326,118,118,137,137,137,137,147,182,182,212,212,286,286,298,73,87,100,118,151,151,165,165,165,165,177,177,177,177,177,177,177,177,79,106,106],"floor_reached":56,"playtime":2411,"items_purged":["Strike_R+1","Strike_R+1"],"score":2016,"play_id":"71714fa1-ee28-4ff8-823d-4b1fe8e72db2","local_time":"20190406194646","is_ascension_mode":true,"campfire_choices":[{"data":"Cleave","floor":6.0,"key":"SMITH"},{"floor":8.0,"key":"REST"},{"data":"Combust","floor":12.0,"key":"SMITH"},{"data":"Whirlwind","floor":15.0,"key":"SMITH"},{"data":"Armaments","floor":23.0,"key":"SMITH"},{"data":"Barricade","floor":27.0,"key":"SMITH"},{"data":"Inflame","floor":30.0,"key":"SMITH"},{"floor":32.0,"key":"REST"},{"floor":41.0,"key":"REST"},{"floor":44.0,"key":"RECALL"},{"floor":47.0,"key":"REST"},{"floor":49.0,"key":"REST"},{"floor":53,"key":"REST"}],"neow_cost":"NONE","seed_source_timestamp":720006383005700,"circlet_count":0,"master_deck":["AscendersBane","Strike_R+1","Strike_R+1","Defend_R+1","Defend_R+1","Defend_R+1","Defend_R+1","Bash","Cleave+1","Armaments+1","Feed","Whirlwind+1","Barricade+1","True Grit","Inflame+1","Offering","Metallicize+1","Impervious","Shrug It Off","Burning Pact","Evolve","Panacea","PanicButton","Rage","Inflame"],"special_seed":0,"relics":["Burning Blood","Happy Flower","Mercury Hourglass","Lantern","Bag of Preparation","Bronze Scales","Philosopher\u0027s Stone","Bag of Marbles","Molten Egg 2","Vajra","Fusion Hammer","Ornamental Fan","Pear","Art of War"],"potions_floor_usage":[51,56,56],"damage_taken":[{"damage":9.0,"enemies":"Jaw Worm","floor":1.0,"turns":4.0},{"damage":10.0,"enemies":"Small Slimes","floor":2.0,"turns":3.0},{"damage":25.0,"enemies":"Lagavulin","floor":7.0,"turns":6.0},{"damage":0.0,"enemies":"Cultist","floor":10.0,"turns":2.0},{"damage":10.0,"enemies":"Gremlin Nob","floor":11.0,"turns":3.0},{"damage":22.0,"enemies":"Lagavulin","floor":13.0,"turns":6.0},{"damage":0.0,"enemies":"3 Louse","floor":14.0,"turns":3.0},{"damage":10.0,"enemies":"Slime Boss","floor":16.0,"turns":6.0},{"damage":10.0,"enemies":"Spheric Guardian","floor":18.0,"turns":3.0},{"damage":32.0,"enemies":"Shell Parasite","floor":19.0,"turns":3.0},{"damage":3.0,"enemies":"Snake Plant","floor":24.0,"turns":3.0},{"damage":25.0,"enemies":"Chosen and Byrds","floor":28.0,"turns":4.0},{"damage":0.0,"enemies":"Slavers","floor":29.0,"turns":1.0},{"damage":22.0,"enemies":"Book of Stabbing","floor":31.0,"turns":2.0},{"damage":6.0,"enemies":"Champ","floor":33.0,"turns":27.0},{"damage":0.0,"enemies":"3 Darklings","floor":35.0,"turns":1.0},{"damage":6.0,"enemies":"Orb Walker","floor":37.0,"turns":4.0},{"damage":0.0,"enemies":"3 Darklings","floor":38.0,"turns":1.0},{"damage":27.0,"enemies":"Sphere and 2 Shapes","floor":39.0,"turns":8.0},{"damage":14.0,"enemies":"Nemesis","floor":40.0,"turns":11.0},{"damage":6.0,"enemies":"Maw","floor":42.0,"turns":8.0},{"damage":29.0,"enemies":"Writhing Mass","floor":46.0,"turns":7.0},{"damage":15.0,"enemies":"Donu and Deca","floor":50.0,"turns":12.0},{"damage":27,"enemies":"Awakened One","floor":51,"turns":44},{"damage":84,"enemies":"Shield and Spear","floor":55,"turns":12},{"damage":10,"enemies":"The Heart","floor":56,"turns":2}],"seed_played":"2311650706225414879","potions_obtained":[{"floor":10.0,"key":"PowerPotion"},{"floor":11.0,"key":"Block Potion"},{"floor":14.0,"key":"SpeedPotion"},{"floor":16.0,"key":"AttackPotion"},{"floor":24.0,"key":"LiquidBronze"},{"floor":28.0,"key":"FearPotion"},{"floor":33.0,"key":"Dexterity Potion"},{"floor":38.0,"key":"Ancient Potion"},{"floor":55,"key":"Weak Potion"}],"is_trial":false,"path_per_floor":["M","M","?","?","?","R","E","R","T","M","E","R","E","M","R","B",null,"M","M","$","?","$","R","M","?","T","R","M","E","R","E","R","B",null,"M","$","M","M","M","E","R","M","T","R","?","M","R","$","R","B","B",null,"R","$","E","B"],"character_chosen":"IRONCLAD","items_purchased":["Bag of Marbles","True Grit","Inflame","Shrug It Off","Burning Pact","Dexterity Potion","Inflame"],"campfire_rested":6,"item_purchase_floors":[20,22,22,36,36,54,54],"current_hp_per_floor":[65,61,38,27,27,27,8,30,30,36,32,32,16,25,25,21,64,60,37,37,37,37,37,43,84,84,84,65,71,71,59,85,85,87,88,88,92,92,74,66,94,98,108,108,98,79,112,112,113,104,83,106,113,113,35,25],"gold":106,"neow_bonus":"RANDOM_COMMON_RELIC","is_prod":false,"is_daily":false,"chose_seed":false,"campfire_upgraded":6,"win_rate":0,"timestamp":1554547606,"path_taken":["M","M","?","?","?","R","E","R","T","M","E","R","E","M","R","BOSS","M","?","$","?","$","R","M","?","T","R","M","E","R","E","R","BOSS","M","$","M","?","M","E","R","M","T","R","?","M","R","$","R","BOSS","BOSS","R","$","E","BOSS"],"build_version":"2019-01-23","purchased_purges":2,"victory":false,"max_hp_per_floor":[75,75,75,75,75,75,75,75,75,75,75,75,75,78,78,78,78,78,81,81,81,81,81,84,84,84,84,84,84,84,88,88,88,88,88,88,92,92,95,95,95,99,109,109,109,113,113,113,113,113,113,113,113,113,113,113],"card_choices":[{"not_picked":["Iron Wave","Disarm"],"picked":"Cleave","floor":1.0},{"not_picked":["Sword Boomerang","Heavy Blade","Reckless Charge"],"picked":"SKIP","floor":2.0},{"not_picked":["Iron Wave","Rupture","Corruption"],"picked":"SKIP","floor":7.0},{"not_picked":["Pommel Strike","Twin Strike"],"picked":"Armaments","floor":10.0},{"not_picked":["Heavy Blade","Twin Strike"],"picked":"Combust","floor":11.0},{"not_picked":["Carnage","Shrug It Off"],"picked":"Feed","floor":13.0},{"not_picked":["Evolve","Iron Wave"],"picked":"Whirlwind","floor":14.0},{"not_picked":["Exhume","Reaper"],"picked":"Barricade","floor":16.0},{"not_picked":["Cleave","Iron Wave+1","Metallicize"],"picked":"SKIP","floor":18.0},{"not_picked":["Metallicize","Pommel Strike","Clothesline"],"picked":"SKIP","floor":19.0},{"not_picked":["Metallicize","Thunderclap","Sever Soul"],"picked":"SKIP","floor":24.0},{"not_picked":["Bloodletting","Armaments","Reckless Charge"],"picked":"SKIP","floor":28.0},{"not_picked":["Whirlwind","Fire Breathing+1"],"picked":"Offering","floor":29.0},{"not_picked":["Shockwave","Armaments+1"],"picked":"Metallicize+1","floor":31.0},{"not_picked":["Immolate+1","Offering"],"picked":"Impervious","floor":33.0},{"not_picked":["Sword Boomerang+1","Clothesline+1","Dropkick+1"],"picked":"SKIP","floor":35.0},{"not_picked":["Shrug It Off+1","Uppercut+1"],"picked":"Evolve","floor":37.0},{"not_picked":["Evolve","Warcry","Havoc"],"picked":"SKIP","floor":38.0},{"not_picked":["Pommel Strike+1","Havoc","Headbutt+1"],"picked":"SKIP","floor":39.0},{"not_picked":["Immolate+1","Evolve","Thunderclap+1"],"picked":"SKIP","floor":40.0},{"not_picked":["Iron Wave+1","Heavy Blade+1","Bloodletting"],"picked":"SKIP","floor":42.0},{"not_picked":["Panache","Sadistic Nature"],"picked":"Panacea","floor":45.0},{"not_picked":["Panache","HandOfGreed+1"],"picked":"PanicButton","floor":45.0},{"not_picked":["Twin Strike+1","Clothesline+1"],"picked":"Rage","floor":46.0},{"not_picked":["Armaments","Clash+1","Clothesline+1"],"picked":"SKIP","floor":55},{"not_picked":["Armaments","Clash+1","Clothesline+1"],"picked":"SKIP","floor":55}],"player_experience":2920294,"relics_obtained":[{"floor":7.0,"key":"Mercury Hourglass"},{"floor":9.0,"key":"Lantern"},{"floor":11.0,"key":"Bag of Preparation"},{"floor":13.0,"key":"Bronze Scales"},{"floor":29.0,"key":"Molten Egg 2"},{"floor":31.0,"key":"Vajra"},{"floor":40.0,"key":"Ornamental Fan"},{"floor":43.0,"key":"Pear"},{"floor":55,"key":"Art of War"}],"event_choices":[{"damage_healed":0.0,"max_hp_gain":0.0,"max_hp_loss":0.0,"gold_gain":0.0,"event_name":"Shining Light","player_choice":"Entered Light","floor":3.0,"gold_loss":0.0,"damage_taken":23.0,"cards_upgraded":["Strike_R","Strike_R"]},{"damage_healed":0.0,"max_hp_gain":0.0,"max_hp_loss":0.0,"gold_gain":75.0,"event_name":"World of Goop","player_choice":"Gather Gold","floor":4.0,"gold_loss":0.0,"damage_taken":11.0},{"cards_removed":["Strike_R"],"damage_healed":0.0,"max_hp_gain":0.0,"max_hp_loss":0.0,"gold_gain":0.0,"event_name":"Purifier","player_choice":"Purged","floor":5.0,"gold_loss":0.0,"damage_taken":0.0},{"damage_healed":0.0,"max_hp_gain":0.0,"max_hp_loss":0.0,"gold_gain":0.0,"event_name":"Back to Basics","player_choice":"Simplicity","floor":21.0,"gold_loss":0.0,"damage_taken":0.0,"cards_upgraded":["Strike_R","Strike_R","Defend_R","Defend_R","Defend_R","Defend_R"]},{"cards_removed":["Combust"],"damage_healed":41.0,"max_hp_gain":0.0,"max_hp_loss":0.0,"gold_gain":0.0,"event_name":"Bonfire Elementals","player_choice":"Offered Uncommon","floor":25.0,"gold_loss":0.0,"damage_taken":0.0},{"damage_healed":0.0,"max_hp_gain":0.0,"max_hp_loss":0.0,"gold_gain":0.0,"event_name":"SensoryStone","player_choice":"Memory 3","floor":45.0,"gold_loss":0.0,"damage_taken":10.0}],"is_beta":false,"boss_relics":[{"not_picked":["Black Blood","Black Star"],"picked":"Philosopher\u0027s Stone"},{"not_picked":["Empty Cage","Coffee Dripper"],"picked":"Fusion Hammer"}],"items_purged_floors":[22,36],"is_endless":false,"potions_floor_spawned":[10,11,14,16,24,28,33,38,39,46,55],"killed_by":"The Heart","ascension_level":20}