{"path_per_floor":["M","?","M","$","M","E","R","?","T","R","M","$","M","?","R","B",null,"M","M","T","$","M","R","E","R","T","R","E","?","M","?","R","B",null,"M","?","?","M","M"],"character_chosen":"DEFECT","items_purchased":["Hello World","Regal Pillow","Static Discharge","White Noise","Loop","Jack Of All Trades"],"gold_per_floor":[360,435,452,159,175,201,201,166,166,166,176,35,53,53,53,154,154,165,176,228,101,120,120,151,151,175,175,201,201,211,211,211,314,344,358,358,358,372,386,386],"floor_reached":40,"campfire_rested":4,"playtime":2924,"item_purchase_floors":[4,4,12,12,21,21],"current_hp_per_floor":[65,54,54,54,67,32,69,75,75,75,67,67,67,67,67,49,75,46,53,53,53,34,75,42,75,75,75,68,68,63,47,75,35,80,80,80,80,76,69,0],"items_purged":["Normality"],"gold":386,"score":509,"play_id":"6db44eba-3326-45ec-94a0-77912b5eecef","local_time":"20180608184802","is_prod":false,"is_daily":false,"chose_seed":false,"is_ascension_mode":true,"campfire_upgraded":3,"win_rate":0,"timestamp":1528472882,"campfire_choices":[{"floor":7,"key":"REST"},{"data":"Hello World","floor":10,"key":"SMITH"},{"data":"White Noise","floor":15,"key":"SMITH"},{"floor":23,"key":"REST"},{"floor":25,"key":"REST"},{"data":"Jack Of All Trades","floor":27,"key":"SMITH"},{"floor":32,"key":"REST"}],"path_taken":["M","?","M","$","M","E","R","?","T","R","M","$","?","?","R","BOSS","M","M","?","$","M","R","E","R","T","R","E","?","M","?","R","BOSS","M","?","?","M","M","E"],"build_version":"2018-06-07","seed_source_timestamp":1540612598807079,"purchased_purges":1,"victory":false,"master_deck":["Strike_B","Strike_B","Strike_B","Defend_B","Defend_B","Defend_B+1","Defend_B","Zap","Dualcast","Conserve Battery","Defragment","Hello World+1","Conserve Battery","Static Discharge","White Noise+1","Amplify","Loop","Jack Of All Trades+1","Steam+1","Self Repair","White Noise","Necronomicurse","Creative AI","Conserve Battery+1","Meteor Strike","Recycle+1","Self Repair+1","Loop+1","Capacitor+1"],"max_hp_per_floor":[75,75,75,75,75,75,75,75,75,75,75,75,75,75,75,75,75,75,75,75,75,75,75,75,75,75,75,75,75,75,75,75,75,80,80,80,80,80,80,80],"relics":["Cracked Core","Regal Pillow","Mummified Hand","Meat on the Bone","Eternal Feather","Oddly Smooth Stone","Letter Opener","Blood Vial","Prayer Wheel","Necronomicon","Tiny House"],"card_choices":[{"not_picked":["Turbo","Steam"],"picked":"Conserve Battery","floor":1},{"not_picked":["Skim","Turbo"],"picked":"Defragment","floor":3},{"not_picked":["Leap","Beam Cell","Compile Driver"],"picked":"SKIP","floor":5},{"not_picked":["Compile Driver","Lockon","Sweeping Beam"],"picked":"SKIP","floor":6},{"not_picked":["Compile Driver","Blizzard"],"picked":"Conserve Battery","floor":11},{"not_picked":["Cold Snap","Undo","Turbo"],"picked":"SKIP","floor":13},{"not_picked":["Seek","Fission"],"picked":"Amplify","floor":16},{"not_picked":["Barrage","Skim","Tempest"],"picked":"SKIP","floor":18},{"not_picked":["Cold Snap","Doom and Gloom","Skim"],"picked":"SKIP","floor":19},{"not_picked":["Doom and Gloom","Tempest+1","Streamline+1"],"picked":"SKIP","floor":22},{"not_picked":["Cold Snap+1","Sweeping Beam+1"],"picked":"Steam+1","floor":24},{"not_picked":["Compile Driver","Go for the Eyes+1"],"picked":"Self Repair","floor":28},{"not_picked":["Gash","Ball Lightning"],"picked":"White Noise","floor":30},{"not_picked":["Gash","Cold Snap","Compile Driver"],"picked":"SKIP","floor":30},{"not_picked":["Hyperbeam","Thunder Strike"],"picked":"Creative AI","floor":33},{"not_picked":["Hologram","Sweeping Beam"],"picked":"Conserve Battery+1","floor":34},{"not_picked":["Barrage","Reprogram+1"],"picked":"Meteor Strike","floor":35},{"not_picked":["Sweeping Beam+1","Cold Snap","Streamline"],"picked":"SKIP","floor":35},{"not_picked":["Steam+1","Streamline+1"],"picked":"Recycle+1","floor":38},{"not_picked":["Reinforced Body+1","Chill+1"],"picked":"Self Repair+1","floor":38},{"not_picked":["Sunder","FTL+1"],"picked":"Loop+1","floor":39},{"not_picked":["Sunder+1","Gash+1"],"picked":"Capacitor+1","floor":39}],"player_experience":489036,"potions_floor_usage":[5,19,28,30,33,39],"damage_taken":[{"damage":10,"enemies":"Small Slimes","floor":1,"turns":3},{"damage":0,"enemies":"Jaw Worm","floor":3,"turns":4},{"damage":2,"enemies":"2 Louse","floor":5,"turns":6},{"damage":35,"enemies":"Gremlin Nob","floor":6,"turns":5},{"damage":8,"enemies":"Blue Slaver","floor":11,"turns":4},{"damage":0,"enemies":"Large Slime","floor":13,"turns":5},{"damage":18,"enemies":"Slime Boss","floor":16,"turns":7},{"damage":29,"enemies":"3 Byrds","floor":18,"turns":6},{"damage":2,"enemies":"Chosen","floor":19,"turns":3},{"damage":31,"enemies":"3 Cultists","floor":22,"turns":5},{"damage":45,"enemies":"Slavers","floor":24,"turns":4},{"damage":7,"enemies":"Book of Stabbing","floor":28,"turns":4},{"damage":21,"enemies":"Snecko","floor":30,"turns":5},{"damage":59,"enemies":"Champ","floor":33,"turns":12},{"damage":0,"enemies":"Orb Walker","floor":35,"turns":4},{"damage":11,"enemies":"3 Shapes","floor":38,"turns":6},{"damage":63,"enemies":"Sphere and 2 Shapes","floor":39,"turns":8},{"damage":76,"enemies":"Giant Head","floor":40,"turns":6}],"relics_obtained":[{"floor":6,"key":"Mummified Hand"},{"floor":9,"key":"Meat on the Bone"},{"floor":20,"key":"Oddly Smooth Stone"},{"floor":24,"key":"Letter Opener"},{"floor":26,"key":"Blood Vial"},{"floor":28,"key":"Prayer Wheel"},{"floor":31,"key":"Necronomicon"}],"event_choices":[{"event_name":"World of Goop","player_choice":"Gather Gold","floor":2,"damage_taken":0},{"event_name":"The Cleric","player_choice":"Healed","floor":8,"damage_taken":0},{"event_name":"Liars Game","player_choice":"disagreed","floor":14,"damage_taken":0},{"event_name":"Ghosts","player_choice":"Ignored","floor":29,"damage_taken":0},{"event_name":"Cursed Tome","player_choice":"Obtained Book","floor":31,"damage_taken":0},{"event_name":"SecretPortal","player_choice":"Rejected Portal.","floor":36,"damage_taken":0},{"event_name":"Purifier","player_choice":"One Purge","floor":37,"damage_taken":0}],"boss_relics":[{"not_picked":["Runic Pyramid","Busted Crown"],"picked":"Eternal Feather"},{"not_picked":["Cursed Key","Calling Bell"],"picked":"Tiny House"}],"items_purged_floors":[4],"potions_floor_spawned":[3,18,22,28,30,38],"seed_played":"-3801616790348371297","killed_by":"Giant Head","ascension_level":4,"potions_obtained":[{"floor":3,"key":"Regen Potion"},{"floor":18,"key":"Regen Potion"},{"floor":22,"key":"LiquidBronze"},{"floor":28,"key":"Ancient Potion"},{"floor":30,"key":"Weak Potion"},{"floor":34,"key":"SpeedPotion"},{"floor":38,"key":"Regen Potion"}],"is_trial":false}