{"path_per_floor":["M","M","?","M","M","E","R","M","T","R","$","R","?","E","R","B",null,"M","M","$","M","M","R","E","?","T","E","R","E"],"character_chosen":"THE_SILENT","items_purchased":["Backflip","Panache","Noxious Fumes"],"gold_per_floor":[114,131,131,150,169,196,196,206,206,206,131,131,159,192,192,295,295,305,325,30,40,56,56,82,82,133,167,167,198,198],"floor_reached":30,"campfire_rested":1,"playtime":3375,"current_hp_per_floor":[58,58,58,58,55,50,50,40,40,40,40,40,35,14,14,37,62,57,49,49,44,43,43,26,26,26,3,24,10,0],"items_purged":["Strike_G"],"gold":198,"score":417,"play_id":"875ef0d1-3594-40db-85df-43e667a32abd","local_time":"20180411131514","is_prod":false,"is_daily":false,"chose_seed":false,"is_ascension_mode":true,"campfire_upgraded":5,"timestamp":1523423714,"path_taken":["M","M","?","M","M","E","R","M","T","R","$","R","?","E","R","BOSS","M","M","$","M","M","R","E","?","T","E","R","E","M"],"build_version":"2018-04-10","seed_source_timestamp":1377396949705046,"purchased_purges":1,"victory":false,"master_deck":["Defend_G","Defend_G","Strike_G","Strike_G","Strike_G","Survivor","Neutralize+1","Cloak And Dagger+1","Leg Sweep+1","Heel Hook","After Image+1","Dagger Spray","Malaise+1","Finisher","Envenom+1","Outmaneuver+1","Quick Slash+1","Accuracy+1","Heel Hook","Backflip","Panache","Noxious Fumes","Catalyst","Bane+1","Dodge and Roll"],"max_hp_per_floor":[70,70,70,70,70,70,70,70,70,70,70,70,70,70,70,70,70,70,70,70,70,70,70,70,70,70,70,70,70,70],"relics":["Ring of the Snake","Vajra","Dream Catcher","Sundial","Odd Mushroom","Pantograph","Astrolabe","Mercury Hourglass","Juzu Bracelet","Happy Flower","Bag of Preparation"],"card_choices":[{"not_picked":["PiercingWail","Masterful Stab"],"picked":"Cloak And Dagger","floor":1},{"not_picked":["Slice","Underhanded Strike"],"picked":"Leg Sweep","floor":2},{"not_picked":["Deflect","Choke"],"picked":"Heel Hook","floor":4},{"not_picked":["Dagger Spray","Footwork"],"picked":"After Image","floor":5},{"not_picked":["Flying Knee","Quick Slash"],"picked":"Dagger Spray","floor":8},{"not_picked":["Sucker Punch","Underhanded Strike"],"picked":"Malaise","floor":13},{"not_picked":["Slice","Backstab"],"picked":"Finisher","floor":14},{"not_picked":["Unload","Corpse Explosion"],"picked":"Envenom","floor":16},{"not_picked":["Malaise","Prepared"],"picked":"Heel Hook","floor":18},{"not_picked":["Backflip","Leg Sweep"],"picked":"Catalyst","floor":21},{"not_picked":["Heel Hook","Dagger Throw"],"picked":"Bane","floor":22},{"not_picked":["Night Terror","Bouncing Flask"],"picked":"Dodge and Roll","floor":29}],"player_experience":258182,"potions_floor_usage":[6,24,27,27,27],"damage_taken":[{"damage":5,"enemies":"Jaw Worm","floor":1,"turns":6},{"damage":0,"enemies":"Cultist","floor":2,"turns":3},{"damage":0,"enemies":"2 Louse","floor":4,"turns":3},{"damage":3,"enemies":"Large Slime","floor":5,"turns":9},{"damage":5,"enemies":"Gremlin Nob","floor":6,"turns":5},{"damage":10,"enemies":"Exordium Thugs","floor":8,"turns":6},{"damage":5,"enemies":"The Mushroom Lair","floor":13,"turns":4},{"damage":21,"enemies":"3 Sentries","floor":14,"turns":8},{"damage":2,"enemies":"Hexaghost","floor":16,"turns":12},{"damage":5,"enemies":"Shell Parasite","floor":18,"turns":6},{"damage":8,"enemies":"Spheric Guardian","floor":19,"turns":4},{"damage":5,"enemies":"Snake Plant","floor":21,"turns":6},{"damage":1,"enemies":"Centurion and Healer","floor":22,"turns":7},{"damage":17,"enemies":"Gremlin Leader","floor":24,"turns":6},{"damage":23,"enemies":"Slavers","floor":27,"turns":5},{"damage":14,"enemies":"Book of Stabbing","floor":29,"turns":6},{"damage":21,"enemies":"Cultist and Chosen","floor":30,"turns":6}],"event_choices":[{"event_name":"Bonfire Elementals","player_choice":"BASIC","floor":3,"damage_taken":0},{"event_name":"Mushrooms","player_choice":"Fought Mushrooms","floor":13,"damage_taken":0},{"event_name":"Accursed Blacksmith","player_choice":"Forge","floor":25,"damage_taken":0}],"boss_relics":[{"not_picked":["Runic Pyramid","Pandora\u0027s Box"],"picked":"Astrolabe"}],"potions_floor_spawned":[5,6,14,18,22,24],"seed_played":"1599358579588186035","killed_by":"Cultist and Chosen","ascension_level":8,"is_trial":false}