{"gold_per_floor":[112,12,12,24,24,60,85,85,155,179,179,204,225,249,249,379,379,399,399,423,442,357,357,398,398,398,411,34,34,34,133,133,259,259,283,283,106,106,119,119,137,137,207,207,222,222,222,243,243,243],"floor_reached":50,"playtime":3424,"items_purged":[],"score":781,"play_id":"9ca56c03-c875-47f6-8ce2-18bac781c711","local_time":"20180731211643","is_ascension_mode":true,"campfire_choices":[{"data":"Redo","floor":11.0,"key":"SMITH"},{"floor":15.0,"key":"REST"},{"floor":23.0,"key":"REST"},{"floor":29,"key":"REST"},{"floor":32,"key":"REST"},{"floor":40,"key":"REST"},{"floor":42,"key":"REST"},{"floor":44,"key":"REST"},{"floor":47,"key":"REST"},{"floor":49,"key":"REST"}],"neow_cost":"NONE","seed_source_timestamp":781670401661285,"circlet_count":0,"master_deck":["Strike_B","Strike_B","Strike_B","Strike_B","Defend_B","Defend_B","Defend_B","Defend_B","Zap","Dualcast","Bandage Up+1","Reprogram","Cold Snap","Doom and Gloom","Redo+1","Loop","Echo Form","Defragment","Amplify","Cold Snap+1","Defragment","Fusion","Chill","Reboot","Coolheaded","Storm","Biased Cognition","Defragment+1","Chaos","Hologram","Static Discharge+1","Defragment","Finesse","Chaos+1","Biased Cognition","Madness","Madness","Steam+1"],"special_seed":0,"relics":["Cracked Core","NeowsBlessing","Golden Idol","Oddly Smooth Stone","Cables","Black Star","DataDisk","Blue Candle","Pantograph","Gremlin Horn","Blood Vial","Orrery","Dead Branch","Smiling Mask"],"potions_floor_usage":[33,35,39,39,45],"damage_taken":[{"damage":0.0,"enemies":"Small Slimes","floor":1.0,"turns":1.0},{"damage":0.0,"enemies":"Cultist","floor":4.0,"turns":1.0},{"damage":0.0,"enemies":"Lagavulin","floor":6.0,"turns":1.0},{"damage":0.0,"enemies":"2 Louse","floor":7.0,"turns":3.0},{"damage":0.0,"enemies":"Large Slime","floor":10.0,"turns":4.0},{"damage":2.0,"enemies":"Red Slaver","floor":12.0,"turns":3.0},{"damage":4.0,"enemies":"2 Fungi Beasts","floor":13.0,"turns":3.0},{"damage":11.0,"enemies":"3 Louse","floor":14.0,"turns":4.0},{"damage":28.0,"enemies":"The Guardian","floor":16.0,"turns":7.0},{"damage":11.0,"enemies":"Spheric Guardian","floor":18.0,"turns":5.0},{"damage":14.0,"enemies":"Shell Parasite","floor":20.0,"turns":7.0},{"damage":22.0,"enemies":"Centurion and Healer","floor":21.0,"turns":6.0},{"damage":70.0,"enemies":"Gremlin Leader","floor":24.0,"turns":10.0},{"damage":9,"enemies":"Snake Plant","floor":27,"turns":3},{"damage":54,"enemies":"Automaton","floor":33,"turns":14},{"damage":58,"enemies":"3 Darklings","floor":35,"turns":8},{"damage":30,"enemies":"3 Shapes","floor":39,"turns":3},{"damage":7,"enemies":"Maw","floor":41,"turns":9},{"damage":36,"enemies":"Flame Bruiser 2 Orb","floor":45,"turns":6},{"damage":59,"enemies":"3 Darklings","floor":48,"turns":4},{"damage":75,"enemies":"Donu and Deca","floor":50,"turns":7}],"seed_played":"-8062737077308141400","potions_obtained":[{"floor":1.0,"key":"Fire Potion"},{"floor":7.0,"key":"SteroidPotion"},{"floor":14.0,"key":"SteroidPotion"},{"floor":16.0,"key":"GamblersBrew"},{"floor":18.0,"key":"Regen Potion"},{"floor":21.0,"key":"PowerPotion"},{"floor":33,"key":"LiquidBronze"},{"floor":35,"key":"GamblersBrew"},{"floor":41,"key":"Fire Potion"}],"is_trial":false,"path_per_floor":["M","$","?","M","?","E","M","?","T","M","R","M","M","M","R","B",null,"M","?","M","M","?","R","E","?","T","M","$","R","$","?","R","B",null,"M","?","$","T","M","R","M","R","T","R","M","?","R","M","R"],"character_chosen":"DEFECT","items_purchased":["Bandage Up","Blood Vial","Storm","Regen Potion","Regen Potion","Defragment","SkillPotion","Finesse"],"campfire_rested":9,"item_purchase_floors":[2,28,28,28,28,37,37,37],"current_hp_per_floor":[68,68,68,68,50,56,62,67,67,73,73,77,73,68,80,60,75,69,69,76,54,54,78,14,14,14,11,11,35,35,35,59,53,73,38,38,38,38,16,40,41,65,65,80,50,40,64,13,37,0],"gold":243,"neow_bonus":"THREE_ENEMY_KILL","is_prod":false,"is_daily":false,"chose_seed":false,"campfire_upgraded":1,"win_rate":0,"timestamp":1533061003,"path_taken":["M","$","?","?","?","E","?","?","T","M","R","M","?","M","R","BOSS","M","?","M","M","?","R","E","?","T","M","$","R","?","?","R","BOSS","M","?","$","?","M","R","M","R","T","R","M","?","R","?","R","BOSS"],"build_version":"2018-07-26","purchased_purges":0,"victory":false,"max_hp_per_floor":[75,75,75,75,75,75,75,80,80,80,80,80,80,80,80,80,80,80,80,80,80,80,80,80,80,80,80,80,80,80,80,80,80,80,80,80,80,80,80,80,80,80,80,80,80,80,80,80,80,80],"card_choices":[{"not_picked":["Skim","Beam Cell","Turbo"],"picked":"SKIP","floor":1.0},{"not_picked":["Stack","Thunder Strike"],"picked":"Reprogram","floor":4.0},{"not_picked":["Fusion","Hologram"],"picked":"Cold Snap","floor":6.0},{"not_picked":["Conserve Battery","Reprogram"],"picked":"Doom and Gloom","floor":7.0},{"not_picked":["Barrage","Stack"],"picked":"Redo","floor":10.0},{"not_picked":["BootSequence","Melter"],"picked":"Loop","floor":12.0},{"not_picked":["Aggregate","Hello World"],"picked":"Echo Form","floor":13.0},{"not_picked":["Steam","Storm"],"picked":"Defragment","floor":14.0},{"not_picked":["Reboot","Buffer"],"picked":"Amplify","floor":16.0},{"not_picked":["Barrage+1","Streamline"],"picked":"Cold Snap+1","floor":18.0},{"not_picked":["Barrage","Steam"],"picked":"Fusion","floor":20.0},{"not_picked":["Consume","Rebound"],"picked":"Chill","floor":21.0},{"not_picked":["Ball Lightning","Aggregate+1"],"picked":"Reboot","floor":24.0},{"not_picked":["Beam Cell+1","Scrape"],"picked":"Coolheaded","floor":27},{"not_picked":["Amplify","Multi-Cast"],"picked":"Biased Cognition","floor":33},{"not_picked":["Beam Cell+1","Go for the Eyes+1"],"picked":"Defragment+1","floor":34},{"not_picked":["Recycle","Double Energy"],"picked":"Chaos","floor":34},{"not_picked":["Rebound","Hello World"],"picked":"Hologram","floor":34},{"not_picked":["Gash+1","Sunder"],"picked":"Static Discharge+1","floor":35},{"not_picked":["Barrage+1","Beam Cell+1"],"picked":"Chaos+1","floor":39},{"not_picked":["Beam Cell","Stack"],"picked":"Biased Cognition","floor":41},{"not_picked":["Stack","Beam Cell+1","Lockon"],"picked":"SKIP","floor":45},{"not_picked":["Reboot","Coolheaded+1"],"picked":"Steam+1","floor":48}],"player_experience":620200,"relics_obtained":[{"floor":6.0,"key":"Oddly Smooth Stone"},{"floor":9.0,"key":"Cables"},{"floor":24.0,"key":"Blue Candle"},{"floor":24.0,"key":"Pantograph"},{"floor":26.0,"key":"Gremlin Horn"},{"floor":38,"key":"Dead Branch"},{"floor":43,"key":"Smiling Mask"}],"event_choices":[{"event_name":"Upgrade Shrine","player_choice":"Upgraded","floor":3.0,"damage_taken":0.0},{"event_name":"Golden Idol","player_choice":"Take Damage","floor":5.0,"damage_taken":0.0},{"event_name":"Big Fish","player_choice":"Donut","floor":8.0,"damage_taken":0.0},{"event_name":"The Library","player_choice":"Read","floor":19.0,"damage_taken":0.0},{"event_name":"Addict","player_choice":"Obtained Relic","floor":22.0,"damage_taken":0.0},{"event_name":"Beggar","player_choice":"Ignored","floor":25.0,"damage_taken":0.0},{"event_name":"Nest","player_choice":"Stole From Cult","floor":31,"damage_taken":0},{"event_name":"Tomb of Lord Red Mask","player_choice":"Ignored","floor":36,"damage_taken":0},{"event_name":"Winding Halls","player_choice":"Embrace Madness","floor":46,"damage_taken":0}],"is_beta":false,"boss_relics":[{"not_picked":["Calling Bell","Ectoplasm"],"picked":"Black Star"},{"not_picked":["Astrolabe","Sozu"],"picked":"Orrery"}],"items_purged_floors":[],"is_endless":false,"potions_floor_spawned":[1,7,14,16,18,21,33,35,41],"killed_by":"Donu and Deca","ascension_level":9}