{"path_per_floor":["M","M","M","?","$","R","?","$","T","E","R","$","R","M","R","B",null,"M","?","M","$","M","R","?","R","T","M","M","R","E","?","R","B",null,"M","$","M","?","M","R","M","R","T","E","?","M","E","M","R"],"character_chosen":"IRONCLAD","items_purchased":["Spot Weakness","Sword Boomerang","Sword Boomerang","Energy Potion","Explosive Potion","Lantern","Energy Potion"],"gold_per_floor":[109,129,142,92,92,92,116,39,39,69,69,24,24,38,38,141,141,151,151,166,16,31,31,31,31,56,76,88,88,113,113,113,210,210,222,25,45,45,60,60,75,75,75,103,103,118,451,464,464,464],"floor_reached":50,"campfire_rested":6,"playtime":2180,"current_hp_per_floor":[76,74,76,76,76,76,62,62,62,52,76,76,76,79,79,78,80,67,67,59,59,49,73,58,58,58,46,48,73,38,85,85,66,80,47,47,39,60,39,64,12,37,37,39,39,22,7,11,36,0],"items_purged":[],"gold":464,"score":837,"play_id":"478a89e3-bd6a-42fe-8604-0ec3455e0c64","local_time":"20180428130553","is_prod":false,"is_daily":false,"chose_seed":false,"is_ascension_mode":true,"campfire_upgraded":5,"timestamp":1524909953,"path_taken":["M","M","M","?","$","R","?","$","T","E","R","?","R","M","R","BOSS","M","?","M","$","M","R","?","R","T","?","M","R","E","?","R","BOSS","M","$","M","?","M","R","M","R","T","E","?","M","E","?","R","BOSS"],"build_version":"2018-04-26","seed_source_timestamp":502874512821801,"purchased_purges":0,"victory":false,"master_deck":["Strike_R","Strike_R","Strike_R","Strike_R","Strike_R","Defend_R","Defend_R","Defend_R","Bash","Iron Wave","Rupture+1","Hemokinesis","Inflame","Spot Weakness+1","Sword Boomerang+1","Offering","Limit Break+1","Sword Boomerang","Double Tap+1","Sword Boomerang","Seeing Red+1","Spot Weakness","Berserk","Flex+1","Pommel Strike","Writhe","Heavy Blade","Pommel Strike+1","Clash+1","Bandage Up","Cleave","Iron Wave+1","Flex+1"],"max_hp_per_floor":[80,80,80,80,80,80,80,80,80,80,80,80,80,80,80,80,80,80,80,80,80,80,80,85,85,85,85,85,85,85,85,85,85,85,85,85,85,85,85,85,85,85,85,85,85,85,85,85,85,85],"relics":["Burning Blood","Odd Mushroom","Ancient Tea Set","Paper Frog","Runic Dome","Vajra","Red Skull","Black Star","Lantern","Bag of Marbles","Pen Nib","Art of War","Du-Vu Doll","Old Coin"],"card_choices":[{"not_picked":["Headbutt","Shrug It Off"],"picked":"Iron Wave","floor":1.0},{"not_picked":["Headbutt","Wild Strike"],"picked":"Rupture","floor":2.0},{"not_picked":["Pummel","Havoc"],"picked":"Hemokinesis","floor":3.0},{"not_picked":["Uppercut","Cleave"],"picked":"Inflame","floor":7.0},{"not_picked":["Infernal Blade","Sword Boomerang"],"picked":"Offering","floor":14},{"not_picked":["Fiend Fire","Offering"],"picked":"Limit Break","floor":16},{"not_picked":["Havoc","True Grit"],"picked":"Sword Boomerang","floor":18},{"not_picked":["Headbutt","Corruption"],"picked":"Whirlwind","floor":22},{"not_picked":["Barricade","Warcry"],"picked":"Seeing Red","floor":28},{"not_picked":["Reckless Charge","Armaments"],"picked":"Spot Weakness","floor":30},{"not_picked":["Feed","Barricade"],"picked":"Berserk","floor":33},{"not_picked":["Disarm","Evolve"],"picked":"Flex","floor":35},{"not_picked":["Carnage","Wild Strike"],"picked":"Pommel Strike","floor":37},{"not_picked":["Anger","Havoc"],"picked":"Heavy Blade","floor":39},{"not_picked":["Twin Strike","Clash"],"picked":"Pommel Strike","floor":41},{"not_picked":["Body Slam","Ghostly Armor"],"picked":"Clash","floor":44},{"not_picked":["Secret Weapon","Jack Of All Trades"],"picked":"Bandage Up","floor":45},{"not_picked":["Warcry","Thunderclap"],"picked":"Cleave","floor":46},{"not_picked":["Rupture","Fire Breathing"],"picked":"Iron Wave","floor":47},{"not_picked":["Shockwave","Battle Trance"],"picked":"Flex","floor":48}],"player_experience":378503,"potions_floor_usage":[22,22,22,33,35,39,39,46,48],"damage_taken":[{"damage":2.0,"enemies":"2 Louse","floor":1.0,"turns":3.0},{"damage":8.0,"enemies":"Jaw Worm","floor":2.0,"turns":5.0},{"damage":4.0,"enemies":"Small Slimes","floor":3.0,"turns":4.0},{"damage":29.0,"enemies":"The Mushroom Lair","floor":7.0,"turns":5.0},{"damage":16.0,"enemies":"Gremlin Nob","floor":10.0,"turns":3.0},{"damage":3,"enemies":"3 Louse","floor":14,"turns":3},{"damage":7,"enemies":"Slime Boss","floor":16,"turns":6},{"damage":19,"enemies":"3 Byrds","floor":18,"turns":4},{"damage":14,"enemies":"Shell Parasite","floor":20,"turns":2},{"damage":16,"enemies":"Centurion and Healer","floor":22,"turns":2},{"damage":18,"enemies":"Snake Plant","floor":27,"turns":3},{"damage":4,"enemies":"Snecko","floor":28,"turns":2},{"damage":41,"enemies":"Gremlin Leader","floor":30,"turns":4},{"damage":25,"enemies":"Champ","floor":33,"turns":5},{"damage":39,"enemies":"3 Darklings","floor":35,"turns":5},{"damage":14,"enemies":"Orb Walker","floor":37,"turns":2},{"damage":42,"enemies":"Maw","floor":39,"turns":6},{"damage":58,"enemies":"4 Shapes","floor":41,"turns":4},{"damage":4,"enemies":"2 Orb Walkers","floor":44,"turns":2},{"damage":23,"enemies":"Sphere and 2 Shapes","floor":46,"turns":3},{"damage":21,"enemies":"Giant Head","floor":47,"turns":5},{"damage":6,"enemies":"Maw","floor":48,"turns":3},{"damage":42,"enemies":"Time Eater","floor":50,"turns":3}],"event_choices":[{"event_name":"The Cleric","player_choice":"Card Removal","floor":4.0,"damage_taken":0.0},{"event_name":"Mushrooms","player_choice":"Fought Mushrooms","floor":7.0,"damage_taken":0.0},{"event_name":"Transmorgrifier","player_choice":"Transform","floor":19,"damage_taken":0},{"event_name":"Forgotten Altar","player_choice":"Shed Blood","floor":24,"damage_taken":0},{"event_name":"Bonfire Elementals","player_choice":"UNCOMMON","floor":31,"damage_taken":0},{"event_name":"Winding Halls","player_choice":"Writhe","floor":38,"damage_taken":0},{"event_name":"SensoryStone","player_choice":"Memory 1","floor":45,"damage_taken":0}],"boss_relics":[{"not_picked":["Astrolabe","Pandora\u0027s Box"],"picked":"Runic Dome"},{"not_picked":["Eternal Feather","White Beast Statue"],"picked":"Black Star"}],"potions_floor_spawned":[3,7,18,30,33,35,44,46,48],"seed_played":"7848625395665785143","killed_by":"Time Eater","ascension_level":7,"is_trial":false}