{"gold_per_floor":[110,110,110,35,35,61,61,76,102,114,144,173,196,236,248,334,346,369,381,393,505,551,563,587,599,611,623,635],"floor_reached":28,"playtime":771,"items_purged":[],"score":498,"play_id":"9ec2af52-75e7-4d5f-a0f7-abbeead2d3c0","local_time":"20190412123110","is_ascension_mode":true,"campfire_choices":[{"data":"Carnage","floor":7.0,"key":"SMITH"},{"data":"True Grit","floor":10.0,"key":"SMITH"},{"data":"Demon Form","floor":15.0,"key":"SMITH"},{"floor":23.0,"key":"REST"},{"floor":25.0,"key":"REST"},{"data":"Body Slam","floor":27.0,"key":"SMITH"}],"neow_cost":"NONE","seed_source_timestamp":2906373010600,"circlet_count":0,"master_deck":["AscendersBane","Strike_R+1","Strike_R","Strike_R","Defend_R+1","Defend_R","Defend_R","Defend_R","Bash","Carnage+1","True Grit+1","Body Slam+1","Demon Form+1","Shrug It Off","Reaper","Flame Barrier+1","Second Wind","Power Through","Juggernaut"],"special_seed":0,"relics":["Burning Blood","NeowsBlessing","Vajra","Calipers","MawBank","Centennial Puzzle","Mark of Pain","Ice Cream","The Courier","Red Mask"],"potions_floor_usage":[28],"damage_taken":[{"damage":0.0,"enemies":"Small Slimes","floor":1.0,"turns":1.0},{"damage":0.0,"enemies":"3 Sentries","floor":6.0,"turns":2.0},{"damage":0.0,"enemies":"Jaw Worm","floor":8.0,"turns":1.0},{"damage":0.0,"enemies":"2 Louse","floor":11.0,"turns":3.0},{"damage":18.0,"enemies":"Exordium Wildlife","floor":12.0,"turns":6.0},{"damage":3.0,"enemies":"2 Fungi Beasts","floor":13.0,"turns":4.0},{"damage":27.0,"enemies":"Gremlin Nob","floor":14.0,"turns":4.0},{"damage":2.0,"enemies":"Hexaghost","floor":16.0,"turns":9.0},{"damage":17.0,"enemies":"Chosen","floor":18.0,"turns":5.0},{"damage":17.0,"enemies":"Colosseum Slavers","floor":21.0,"turns":4.0},{"damage":23.0,"enemies":"Colosseum Nobs","floor":21.0,"turns":6.0},{"damage":43.0,"enemies":"Masked Bandits","floor":22.0,"turns":6.0},{"damage":16.0,"enemies":"Spheric Guardian","floor":24.0,"turns":5.0},{"damage":7,"enemies":"Gremlin Leader","floor":28,"turns":2}],"seed_played":"7415249676121704931","potions_obtained":[{"floor":1.0,"key":"PowerPotion"},{"floor":11.0,"key":"AttackPotion"},{"floor":22.0,"key":"Fire Potion"}],"is_trial":false,"path_per_floor":["M","?","?","?","?","E","R","M","T","R","M","M","M","E","R","B",null,"M","?","?","?","?","R","M","R","T","R","E"],"character_chosen":"IRONCLAD","items_purchased":[],"campfire_rested":2,"item_purchase_floors":[],"current_hp_per_floor":[74,74,56,56,33,39,39,45,45,45,51,39,42,21,21,25,63,58,58,58,40,20,42,32,54,54,54,57],"gold":635,"neow_bonus":"THREE_ENEMY_KILL","is_prod":false,"is_daily":false,"chose_seed":false,"campfire_upgraded":4,"win_rate":0,"timestamp":1555039870,"path_taken":["M","?","?","?","?","E","R","M","T","R","M","?","M","E","R","BOSS","M","?","?","?","?","R","M","R","T","R","E"],"build_version":"2019-01-23","purchased_purges":0,"victory":false,"max_hp_per_floor":[75,75,75,75,75,75,75,75,75,75,75,75,75,75,75,75,75,75,75,75,75,75,75,75,75,75,75,75],"card_choices":[{"not_picked":["Infernal Blade","Perfected Strike","Cleave"],"picked":"SKIP","floor":1.0},{"not_picked":["Infernal Blade","Perfected Strike","Cleave"],"picked":"SKIP","floor":1.0},{"not_picked":["Searing Blow","Sword Boomerang","Clothesline"],"picked":"SKIP","floor":6.0},{"not_picked":["Heavy Blade","Clash"],"picked":"True Grit","floor":8.0},{"not_picked":["Iron Wave","Havoc"],"picked":"Body Slam","floor":11.0},{"not_picked":["True Grit","Clash"],"picked":"Demon Form","floor":12.0},{"not_picked":["Wild Strike","Perfected Strike"],"picked":"Shrug It Off","floor":13.0},{"not_picked":["Heavy Blade","Clothesline","Pommel Strike"],"picked":"SKIP","floor":14.0},{"not_picked":["Impervious","Barricade"],"picked":"Reaper","floor":16.0},{"not_picked":["Sword Boomerang+1","Hemokinesis"],"picked":"Flame Barrier+1","floor":18.0},{"not_picked":["Thunderclap+1","Havoc+1"],"picked":"Power Through","floor":21.0},{"not_picked":["Thunderclap","Hemokinesis"],"picked":"Juggernaut","floor":24.0}],"player_experience":3070814,"relics_obtained":[{"floor":6.0,"key":"Calipers"},{"floor":9.0,"key":"MawBank"},{"floor":14.0,"key":"Centennial Puzzle"},{"floor":21.0,"key":"Ice Cream"},{"floor":21.0,"key":"The Courier"},{"floor":22.0,"key":"Red Mask"}],"event_choices":[{"damage_healed":0.0,"max_hp_gain":0.0,"max_hp_loss":0.0,"gold_gain":0.0,"cards_transformed":["Strike_R"],"event_name":"Living Wall","player_choice":"Change","floor":2.0,"gold_loss":0.0,"damage_taken":0.0,"cards_obtained":["Carnage"]},{"damage_healed":0.0,"max_hp_gain":0.0,"max_hp_loss":0.0,"gold_gain":0.0,"event_name":"Scrap Ooze","player_choice":"Success","floor":3.0,"gold_loss":0.0,"damage_taken":18.0,"relics_obtained":["Vajra"]},{"cards_removed":["Strike_R"],"damage_healed":0.0,"max_hp_gain":0.0,"max_hp_loss":0.0,"gold_gain":0.0,"event_name":"The Cleric","player_choice":"Card Removal","floor":4.0,"gold_loss":75.0,"damage_taken":0.0},{"damage_healed":0.0,"max_hp_gain":0.0,"max_hp_loss":0.0,"gold_gain":0.0,"event_name":"Shining Light","player_choice":"Entered Light","floor":5.0,"gold_loss":0.0,"damage_taken":23.0,"cards_upgraded":["Defend_R","Strike_R"]},{"damage_healed":0.0,"max_hp_gain":0.0,"max_hp_loss":0.0,"gold_gain":0.0,"event_name":"The Library","player_choice":"Read","floor":19.0,"gold_loss":0.0,"damage_taken":0.0,"cards_obtained":["Second Wind"]},{"damage_healed":0.0,"max_hp_gain":0.0,"max_hp_loss":0.0,"gold_gain":0.0,"event_name":"Ghosts","player_choice":"Ignored","floor":20.0,"gold_loss":0.0,"damage_taken":0.0},{"damage_healed":0.0,"max_hp_gain":0.0,"max_hp_loss":0.0,"gold_gain":0.0,"event_name":"Colosseum","player_choice":"Fight","floor":21.0,"gold_loss":0.0,"damage_taken":0.0},{"damage_healed":0.0,"max_hp_gain":0.0,"max_hp_loss":0.0,"gold_gain":0.0,"event_name":"Colosseum","player_choice":"Fought Nobs","floor":21.0,"gold_loss":0.0,"damage_taken":0.0},{"damage_healed":0.0,"max_hp_gain":0.0,"max_hp_loss":0.0,"gold_gain":0.0,"event_name":"Masked Bandits","player_choice":"Fought Bandits","floor":22.0,"gold_loss":0.0,"damage_taken":0.0}],"is_beta":false,"boss_relics":[{"not_picked":["Tiny House","Runic Pyramid"],"picked":"Mark of Pain"}],"items_purged_floors":[],"is_endless":false,"potions_floor_spawned":[1,11,12,13,21,22],"killed_by":"Gremlin Leader","ascension_level":20}