{"gold_per_floor":[116,116,130,68,83,83,119,119,119,154,168,168,184,184,184,283,283,304,60,78,78,78],"floor_reached":22,"playtime":1306,"items_purged":["Injury"],"score":378,"play_id":"a68de6ee-2cd4-417f-9e7c-f5761c53c266","local_time":"20190418183743","is_ascension_mode":true,"campfire_choices":[{"floor":6.0,"key":"REST"},{"floor":8.0,"key":"REST"},{"floor":15,"key":"REST"}],"neow_cost":"NONE","seed_source_timestamp":607979873872129,"circlet_count":0,"master_deck":["AscendersBane","Strike_B","Strike_B","Strike_B","Strike_B","Defend_B","Defend_B","Defend_B","Defend_B","Zap","Dualcast","Storm","Ball Lightning","Glacier","Self Repair","Redo","Defragment","Loop","Ball Lightning","Parasite","Creative AI","Melter","White Noise","Loop","Stack","Writhe"],"special_seed":0,"relics":["Cracked Core","Golden Idol","Symbiotic Virus","Ornamental Fan","Letter Opener","Eternal Feather","Ice Cream"],"potions_floor_usage":[20,22],"damage_taken":[{"damage":14.0,"enemies":"Jaw Worm","floor":1.0,"turns":4.0},{"damage":2.0,"enemies":"Small Slimes","floor":3.0,"turns":3.0},{"damage":0.0,"enemies":"2 Louse","floor":5.0,"turns":3.0},{"damage":43.0,"enemies":"3 Sentries","floor":7.0,"turns":10.0},{"damage":29.0,"enemies":"Lagavulin","floor":10.0,"turns":7.0},{"damage":0.0,"enemies":"Looter","floor":11.0,"turns":4.0},{"damage":5,"enemies":"Exordium Thugs","floor":13,"turns":6},{"damage":52,"enemies":"Hexaghost","floor":16,"turns":9},{"damage":17,"enemies":"Chosen","floor":18,"turns":6},{"damage":34,"enemies":"2 Thieves","floor":20,"turns":4},{"damage":30,"enemies":"3 Cultists","floor":22,"turns":4}],"seed_played":"2815061539488703282","potions_obtained":[{"floor":1.0,"key":"SpeedPotion"},{"floor":13,"key":"Strength Potion"},{"floor":16,"key":"FocusPotion"},{"floor":20,"key":"SkillPotion"}],"is_trial":false,"path_per_floor":["M","?","M","?","M","R","E","R","T","E","M","?","M","?","R","B",null,"M","$","M","?","M"],"character_chosen":"DEFECT","items_purchased":["White Noise","Loop"],"campfire_rested":3,"item_purchase_floors":[19,19],"current_hp_per_floor":[50,50,48,48,48,69,33,54,54,32,39,39,41,58,71,26,60,50,50,23,23,0],"gold":78,"neow_bonus":"THREE_CARDS","is_prod":false,"is_daily":false,"chose_seed":false,"campfire_upgraded":0,"win_rate":0,"timestamp":1555601863,"path_taken":["M","?","M","?","M","R","E","R","T","E","M","?","M","?","R","BOSS","M","$","M","?","M"],"build_version":"2019-01-23","purchased_purges":1,"victory":false,"max_hp_per_floor":[71,71,71,71,71,71,71,71,71,71,71,71,71,71,71,71,71,71,71,71,71,71],"card_choices":[{"not_picked":["Go for the Eyes","Turbo"],"picked":"Storm","floor":0.0},{"not_picked":["Glacier","Barrage"],"picked":"Ball Lightning","floor":1.0},{"not_picked":["Go for the Eyes","Genetic Algorithm"],"picked":"Glacier","floor":3.0},{"not_picked":["Cold Snap","Loop"],"picked":"Self Repair","floor":5.0},{"not_picked":["Consume","Meteor Strike"],"picked":"Redo","floor":7.0},{"not_picked":["Sunder","Self Repair"],"picked":"Defragment","floor":10.0},{"not_picked":["Fusion","Redo"],"picked":"Loop","floor":11.0},{"not_picked":["Undo","Beam Cell"],"picked":"Ball Lightning","floor":13},{"not_picked":["Machine Learning","Biased Cognition"],"picked":"Creative AI","floor":16},{"not_picked":["Redo","Turbo"],"picked":"Melter","floor":18},{"not_picked":["Leap","Go for the Eyes"],"picked":"Stack","floor":20}],"player_experience":1211110,"relics_obtained":[{"floor":7.0,"key":"Symbiotic Virus"},{"floor":9.0,"key":"Ornamental Fan"},{"floor":10.0,"key":"Letter Opener"}],"event_choices":[{"damage_healed":0.0,"max_hp_gain":0.0,"max_hp_loss":0.0,"gold_gain":0.0,"event_name":"Golden Idol","player_choice":"Take Wound","floor":2.0,"gold_loss":0.0,"damage_taken":0.0,"relics_obtained":["Golden Idol"],"cards_obtained":["Injury"]},{"damage_healed":0.0,"max_hp_gain":0.0,"max_hp_loss":0.0,"gold_gain":0.0,"event_name":"World of Goop","player_choice":"Left Gold","floor":4.0,"gold_loss":62.0,"damage_taken":0.0},{"damage_healed":0,"gold_gain":0,"player_choice":"Searched \u00271\u0027 times","damage_taken":0,"max_hp_gain":0,"max_hp_loss":0,"event_name":"Dead Adventurer","floor":12,"gold_loss":0},{"damage_healed":17,"gold_gain":0,"player_choice":"Healed and dodged fight","damage_taken":0,"max_hp_gain":0,"max_hp_loss":0,"event_name":"Mushrooms","floor":14,"gold_loss":0,"cards_obtained":["Parasite"]},{"damage_healed":0,"gold_gain":0,"player_choice":"Opened","damage_taken":0,"relics_obtained":["Ice Cream"],"max_hp_gain":0,"max_hp_loss":0,"event_name":"The Mausoleum","floor":21,"gold_loss":0,"cards_obtained":["Writhe"]}],"is_beta":false,"boss_relics":[{"not_picked":["Ectoplasm","FrozenCore"],"picked":"Eternal Feather"}],"items_purged_floors":[19],"is_endless":false,"potions_floor_spawned":[1,13,16,20],"killed_by":"3 Cultists","ascension_level":19}