{"gold_per_floor":[110,127,277,277,33,33,33,33,63,63,73,73,104,104,104,104],"floor_reached":16,"playtime":435,"items_purged":["Doubt"],"score":192,"play_id":"55a6143e-e0cd-4da9-9f26-69e04131ebc3","local_time":"20190310031709","is_ascension_mode":true,"campfire_choices":[{"data":"Entrench","floor":6,"key":"SMITH"},{"data":"True Grit","floor":8,"key":"SMITH"},{"data":"Bash","floor":10,"key":"SMITH"},{"data":"Sever Soul","floor":12,"key":"SMITH"},{"data":"Spot Weakness","floor":15,"key":"SMITH"}],"neow_cost":"TEN_PERCENT_HP_LOSS","seed_source_timestamp":61346297538800,"circlet_count":0,"master_deck":["AscendersBane","Strike_R","Strike_R","Strike_R","Defend_R","Defend_R","Defend_R","Defend_R","Bash+1","Ghostly Armor","Sever Soul+1","Entrench+1","True Grit+1","Spot Weakness+1"],"relics":["Burning Blood","Torii","Anchor","WarpedTongs","Tiny Chest","Bronze Scales"],"potions_floor_usage":[16],"damage_taken":[{"damage":17,"enemies":"Cultist","floor":1,"turns":4},{"damage":3,"enemies":"Small Slimes","floor":2,"turns":3},{"damage":1,"enemies":"2 Louse","floor":11,"turns":2},{"damage":18,"enemies":"3 Sentries","floor":13,"turns":10},{"damage":43,"enemies":"Hexaghost","floor":16,"turns":10}],"seed_played":"4095716795549922883","potions_obtained":[{"floor":1,"key":"EssenceOfSteel"}],"is_trial":false,"path_per_floor":["M","M","?","?","$","R","?","R","T","R","M","R","E","?","R","B"],"character_chosen":"IRONCLAD","items_purchased":["Anchor"],"campfire_rested":0,"item_purchase_floors":[5],"current_hp_per_floor":[57,60,60,55,55,55,55,55,55,55,60,60,48,48,48,5],"gold":104,"neow_bonus":"TRANSFORM_TWO_CARDS","is_prod":false,"is_daily":false,"chose_seed":false,"campfire_upgraded":5,"win_rate":0,"timestamp":1552155429,"path_taken":["M","?","?","?","$","R","?","R","T","R","?","R","E","?","R","BOSS"],"build_version":"2019-01-23","purchased_purges":1,"victory":false,"max_hp_per_floor":[68,68,68,68,68,68,68,68,68,68,68,68,68,68,68,68],"card_choices":[{"not_picked":["Combust","Perfected Strike"],"picked":"Entrench","floor":1},{"not_picked":["Havoc","Rage"],"picked":"True Grit","floor":2},{"not_picked":["Ghostly Armor","Anger"],"picked":"Spot Weakness","floor":11},{"not_picked":["Perfected Strike","Ghostly Armor","Hemokinesis"],"picked":"SKIP","floor":13}],"player_experience":2133639,"relics_obtained":[{"floor":9,"key":"Tiny Chest"},{"floor":13,"key":"Bronze Scales"}],"event_choices":[{"damage_healed":0,"gold_gain":150,"player_choice":"AGREE","damage_taken":0,"max_hp_gain":0,"max_hp_loss":0,"event_name":"Liars Game","floor":3,"gold_loss":0,"cards_obtained":["Doubt"]},{"damage_healed":0,"gold_gain":0,"player_choice":"Success","damage_taken":5,"relics_obtained":["Torii"],"max_hp_gain":0,"max_hp_loss":0,"event_name":"Scrap Ooze","floor":4,"gold_loss":0},{"damage_healed":0,"gold_gain":0,"player_choice":"Rummage","damage_taken":0,"relics_obtained":["WarpedTongs"],"max_hp_gain":0,"max_hp_loss":0,"event_name":"Accursed Blacksmith","floor":7,"gold_loss":0,"cards_obtained":["Pain"]},{"cards_removed":["Pain"],"damage_healed":0,"gold_gain":0,"player_choice":"Purged","damage_taken":0,"max_hp_gain":0,"max_hp_loss":0,"event_name":"Purifier","floor":14,"gold_loss":0}],"is_beta":false,"boss_relics":[],"items_purged_floors":[5],"is_endless":false,"potions_floor_spawned":[1],"killed_by":"Hexaghost","ascension_level":20}