{"gold_per_floor":[111,121,148,148,148,179,179,179,229,243,243,81,101,125,125,221,221,244,244,260,260,278,278],"floor_reached":23,"playtime":517,"items_purged":["Strike_B"],"score":432,"play_id":"533e4d82-6241-44d4-a058-9678c16f3577","local_time":"20190414205450","is_ascension_mode":true,"campfire_choices":[{"data":"Tempest","floor":7,"key":"SMITH"},{"data":"Recycle","floor":15,"key":"SMITH"}],"neow_cost":"NONE","seed_source_timestamp":206262110875200,"circlet_count":0,"master_deck":["AscendersBane","Strike_B","Defend_B","Defend_B","Defend_B","Defend_B","Zap","Dualcast","FTL","Tempest+1","Ball Lightning","Cold Snap","Self Repair","Recycle+1","Thunder Strike","Chill","Coolheaded+1"],"relics":["Cracked Core","NeowsBlessing","Omamori","Lantern","Golden Idol","Pantograph","Dream Catcher","Happy Flower","Runic Pyramid"],"potions_floor_usage":[16,23,23],"damage_taken":[{"damage":0,"enemies":"Cultist","floor":1,"turns":1},{"damage":0,"enemies":"2 Louse","floor":2,"turns":1},{"damage":0,"enemies":"3 Sentries","floor":6,"turns":1},{"damage":0,"enemies":"Small Slimes","floor":10,"turns":2},{"damage":13,"enemies":"3 Louse","floor":13,"turns":3},{"damage":0,"enemies":"Exordium Wildlife","floor":14,"turns":3},{"damage":43,"enemies":"Hexaghost","floor":16,"turns":9},{"damage":12,"enemies":"3 Byrds","floor":18,"turns":4},{"damage":19,"enemies":"Colosseum Slavers","floor":19,"turns":3},{"damage":22,"enemies":"2 Thieves","floor":20,"turns":3},{"damage":29,"enemies":"Cultist and Chosen","floor":22,"turns":5},{"damage":8,"enemies":"Book of Stabbing","floor":23,"turns":2}],"seed_played":"-513931598523501070","potions_obtained":[{"floor":2,"key":"PowerPotion"},{"floor":10,"key":"Strength Potion"},{"floor":16,"key":"SpeedPotion"},{"floor":18,"key":"LiquidBronze"}],"is_trial":false,"path_per_floor":["M","M","T","?","?","E","R","?","T","M","?","$","M","M","R","B",null,"M","?","M","?","M","E"],"character_chosen":"DEFECT","items_purchased":["Self Repair"],"campfire_rested":0,"item_purchase_floors":[12],"current_hp_per_floor":[64,64,64,64,64,64,64,59,59,59,52,52,46,53,53,35,62,57,45,30,30,8,0],"gold":278,"neow_bonus":"THREE_ENEMY_KILL","is_prod":false,"is_daily":false,"chose_seed":false,"campfire_upgraded":2,"win_rate":0,"timestamp":1555242890,"path_taken":["M","?","?","?","?","E","R","?","T","M","?","$","M","M","R","BOSS","M","?","M","?","M","E"],"build_version":"2019-01-23","purchased_purges":1,"victory":false,"max_hp_per_floor":[71,71,71,71,71,71,71,71,71,71,71,71,71,71,71,71,71,71,71,71,71,71,71],"card_choices":[{"not_picked":["Streamline","Reinforced Body"],"picked":"FTL","floor":1},{"not_picked":["Barrage","FTL"],"picked":"Tempest","floor":2},{"not_picked":["Beam Cell","Turbo"],"picked":"Ball Lightning","floor":6},{"not_picked":["Ball Lightning","Tempest"],"picked":"Cold Snap","floor":10},{"not_picked":["Tempest","Go for the Eyes"],"picked":"Recycle","floor":13},{"not_picked":["Ball Lightning","Stack","Gash"],"picked":"SKIP","floor":14},{"not_picked":["Creative AI","Buffer"],"picked":"Thunder Strike","floor":16},{"not_picked":["Go for the Eyes","Barrage"],"picked":"Chill","floor":18},{"not_picked":["Reprogram","Sunder"],"picked":"Coolheaded+1","floor":20},{"not_picked":["Coolheaded","Cold Snap","Ball Lightning"],"picked":"SKIP","floor":22}],"player_experience":3137136,"relics_obtained":[{"floor":3,"key":"Omamori"},{"floor":6,"key":"Pantograph"},{"floor":9,"key":"Happy Flower"}],"event_choices":[{"damage_healed":0,"gold_gain":0,"player_choice":"Box","damage_taken":0,"relics_obtained":["Lantern"],"max_hp_gain":0,"max_hp_loss":0,"event_name":"Big Fish","floor":4,"gold_loss":0,"cards_obtained":["Regret"]},{"damage_healed":0,"gold_gain":0,"player_choice":"Take Wound","damage_taken":0,"relics_obtained":["Golden Idol"],"max_hp_gain":0,"max_hp_loss":0,"event_name":"Golden Idol","floor":5,"gold_loss":0,"cards_obtained":["Injury"]},{"damage_healed":0,"gold_gain":0,"player_choice":"Success","damage_taken":5,"relics_obtained":["Dream Catcher"],"max_hp_gain":0,"max_hp_loss":0,"event_name":"Scrap Ooze","floor":8,"gold_loss":0},{"cards_removed":["Strike_B"],"damage_healed":0,"gold_gain":0,"player_choice":"Card Removal","damage_taken":7,"max_hp_gain":0,"max_hp_loss":0,"event_name":"Golden Wing","floor":11,"gold_loss":0},{"damage_healed":0,"gold_gain":0,"player_choice":"Fight","damage_taken":0,"max_hp_gain":0,"max_hp_loss":0,"event_name":"Colosseum","floor":19,"gold_loss":0},{"damage_healed":0,"gold_gain":0,"player_choice":"Fled From Nobs","damage_taken":0,"max_hp_gain":0,"max_hp_loss":0,"event_name":"Colosseum","floor":19,"gold_loss":0},{"cards_removed":["Strike_B"],"damage_healed":0,"gold_gain":0,"player_choice":"Elegance","damage_taken":0,"max_hp_gain":0,"max_hp_loss":0,"event_name":"Back to Basics","floor":21,"gold_loss":0}],"is_beta":false,"boss_relics":[{"not_picked":["Black Star","Orrery"],"picked":"Runic Pyramid"}],"items_purged_floors":[12],"is_endless":false,"potions_floor_spawned":[2,10,13,16,18],"killed_by":"Book of Stabbing","ascension_level":20}