{"gold_per_floor":[112,131,27,46,46,63,163,163,163,195,195,195,209,209,209,308,308,318,336,54,54,71,100,100,100],"floor_reached":25,"playtime":1101,"items_purged":[],"score":320,"play_id":"5797953a-043f-49e9-a0c2-a50e62b3e877","local_time":"20180707194247","is_ascension_mode":true,"campfire_choices":[{"data":"Dramatic Entrance","floor":8,"key":"SMITH"},{"floor":11,"key":"REST"},{"floor":15,"key":"REST"}],"neow_cost":"NONE","seed_source_timestamp":169283096426885,"circlet_count":0,"master_deck":["Strike_R","Strike_R","Strike_R","Strike_R","Defend_R","Defend_R","Defend_R","Defend_R","Bash","Dramatic Entrance+1","Feed","Whirlwind","Bash","Offering","Seeing Red","RitualDagger","Warcry+1"],"relics":["Burning Blood","Bag of Marbles","Dodecahedron","Sozu","TheAbacus","Ancient Tea Set"],"potions_floor_usage":[6,10,16,19],"damage_taken":[{"damage":0,"enemies":"Small Slimes","floor":1,"turns":4},{"damage":6,"enemies":"Cultist","floor":2,"turns":3},{"damage":3,"enemies":"2 Louse","floor":4,"turns":3},{"damage":13,"enemies":"Exordium Thugs","floor":6,"turns":5},{"damage":60,"enemies":"Lagavulin","floor":10,"turns":6},{"damage":0,"enemies":"3 Louse","floor":13,"turns":1},{"damage":60,"enemies":"Slime Boss","floor":16,"turns":10},{"damage":0,"enemies":"3 Byrds","floor":18,"turns":3},{"damage":4,"enemies":"Chosen","floor":19,"turns":3},{"damage":43,"enemies":"Snake Plant","floor":22,"turns":5},{"damage":36,"enemies":"Slavers","floor":23,"turns":5},{"damage":20,"enemies":"Chosen and Byrds","floor":25,"turns":4}],"seed_played":"8153665623768303034","potions_obtained":[{"floor":1,"key":"BloodPotion"},{"floor":2,"key":"AttackPotion"},{"floor":10,"key":"Weak Potion"},{"floor":13,"key":"Fire Potion"}],"is_trial":false,"path_per_floor":["M","M","$","M","?","M","?","R","T","E","R","?","M","?","R","B",null,"M","M","$","?","M","E","?"],"character_chosen":"IRONCLAD","items_purchased":["Dramatic Entrance","TheAbacus","Seeing Red"],"campfire_rested":2,"item_purchase_floors":[3,20,20],"current_hp_per_floor":[78,78,78,80,80,73,73,73,73,27,51,51,60,60,83,29,70,79,81,81,75,38,11,11,0],"gold":100,"neow_bonus":"REMOVE_CARD","is_prod":false,"is_daily":false,"chose_seed":false,"campfire_upgraded":1,"win_rate":0,"timestamp":1530981767,"path_taken":["M","M","$","M","?","M","?","R","T","E","R","?","M","?","R","BOSS","M","M","$","?","M","E","?","M"],"build_version":"2018-07-05","purchased_purges":0,"victory":false,"max_hp_per_floor":[80,80,80,80,80,80,80,80,80,80,80,80,83,83,83,83,83,86,86,86,86,86,89,89,92],"card_choices":[{"not_picked":["Rampage","Havoc","Second Wind"],"picked":"SKIP","floor":1},{"not_picked":["True Grit","Sever Soul","Wild Strike"],"picked":"SKIP","floor":2},{"not_picked":["Armaments","Wild Strike","Havoc"],"picked":"SKIP","floor":4},{"not_picked":["Headbutt","Cleave","True Grit"],"picked":"SKIP","floor":6},{"not_picked":["Feel No Pain","Body Slam"],"picked":"Feed","floor":10},{"not_picked":["Wild Strike","Headbutt","Sentinel"],"picked":"SKIP","floor":13},{"not_picked":["Reaper","Brutality"],"picked":"Offering","floor":16},{"not_picked":["Body Slam","Burning Pact","Anger"],"picked":"SKIP","floor":18},{"not_picked":["Body Slam","Armaments","Flame Barrier"],"picked":"SKIP","floor":19},{"not_picked":["Shockwave+1","Sever Soul"],"picked":"Warcry+1","floor":22},{"not_picked":["Rupture","Spot Weakness+1","Dark Embrace"],"picked":"SKIP","floor":23}],"player_experience":548575,"relics_obtained":[{"floor":9,"key":"Bag of Marbles"},{"floor":10,"key":"Dodecahedron"},{"floor":23,"key":"Ancient Tea Set"}],"event_choices":[{"event_name":"Shining Light","player_choice":"Ignored","floor":5,"damage_taken":0},{"event_name":"Golden Shrine","player_choice":"Pray","floor":7,"damage_taken":0},{"event_name":"Dead Adventurer","player_choice":"Searched \u00271\u0027 times","floor":12,"damage_taken":0},{"event_name":"Match and Keep!","player_choice":"2 cards matched","floor":14,"damage_taken":0},{"event_name":"Nest","player_choice":"Joined the Cult","floor":21,"damage_taken":0},{"event_name":"Cursed Tome","player_choice":"Ignored","floor":24,"damage_taken":0}],"boss_relics":[{"not_picked":["Philosopher\u0027s Stone","Black Blood"],"picked":"Sozu"}],"items_purged_floors":[],"is_endless":false,"potions_floor_spawned":[1,2,10,13,19,22],"killed_by":"Chosen and Byrds","ascension_level":9}