{"gold_per_floor":[116,116,135,153,172,172,200,219,244,244,244,268,311,236,236,236],"floor_reached":16,"playtime":322,"items_purged":[],"score":224,"play_id":"2ea2e62c-ddd9-4cc1-bee9-37dc26ad18fc","local_time":"20190415210022","is_ascension_mode":true,"campfire_choices":[{"data":"Whirlwind","floor":6,"key":"SMITH"},{"data":"Perfected Strike","floor":10,"key":"SMITH"},{"data":"Armaments","floor":15,"key":"SMITH"}],"neow_cost":"NONE","seed_source_timestamp":293190388460000,"circlet_count":0,"master_deck":["AscendersBane","Strike_R","Strike_R","Strike_R","Defend_R","Defend_R","Defend_R","Defend_R","Bash","Perfected Strike+1","Whirlwind+1","Armaments+1","Pommel Strike","Barricade"],"relics":["Burning Blood","NeowsBlessing","Bag of Preparation","Orichalcum","Golden Idol","Bronze Scales"],"potions_floor_usage":[7,7,16],"damage_taken":[{"damage":0,"enemies":"Jaw Worm","floor":1,"turns":1},{"damage":0,"enemies":"Cultist","floor":3,"turns":1},{"damage":0,"enemies":"Small Slimes","floor":4,"turns":1},{"damage":12,"enemies":"Looter","floor":5,"turns":3},{"damage":6,"enemies":"Gremlin Nob","floor":7,"turns":3},{"damage":20,"enemies":"Large Slime","floor":8,"turns":6},{"damage":6,"enemies":"Exordium Wildlife","floor":12,"turns":3},{"damage":12,"enemies":"3 Sentries","floor":13,"turns":5},{"damage":44,"enemies":"Slime Boss","floor":16,"turns":12}],"seed_played":"3339986606237150945","potions_obtained":[{"floor":1,"key":"Weak Potion"},{"floor":3,"key":"Fire Potion"},{"floor":12,"key":"Block Potion"}],"is_trial":false,"path_per_floor":["M","?","M","M","M","R","E","M","T","R","?","M","E","?","R","B"],"character_chosen":"IRONCLAD","items_purchased":[],"campfire_rested":0,"item_purchase_floors":[],"current_hp_per_floor":[74,74,75,75,69,69,69,55,55,55,55,55,49,49,49,5],"gold":236,"neow_bonus":"THREE_ENEMY_KILL","is_prod":false,"is_daily":false,"chose_seed":false,"campfire_upgraded":3,"win_rate":0,"timestamp":1555329622,"path_taken":["M","?","?","M","M","R","E","M","T","R","?","M","E","?","R","BOSS"],"build_version":"2019-01-23","purchased_purges":0,"victory":false,"max_hp_per_floor":[75,75,75,75,75,75,75,75,75,75,68,68,68,68,68,68],"card_choices":[{"not_picked":["Pummel","Sever Soul","Twin Strike"],"picked":"SKIP","floor":1},{"not_picked":["Pommel Strike","Intimidate"],"picked":"Perfected Strike","floor":3},{"not_picked":["Shockwave","Thunderclap"],"picked":"Whirlwind","floor":4},{"not_picked":["Clothesline","Infernal Blade"],"picked":"Armaments","floor":5},{"not_picked":["Uppercut","Entrench","Bloodletting"],"picked":"SKIP","floor":7},{"not_picked":["Havoc","Flex"],"picked":"Pommel Strike","floor":8},{"not_picked":["Heavy Blade","Cleave","Reckless Charge"],"picked":"SKIP","floor":12},{"not_picked":["Burning Pact","Perfected Strike"],"picked":"Barricade","floor":13}],"player_experience":3166014,"relics_obtained":[{"floor":7,"key":"Bag of Preparation"},{"floor":9,"key":"Orichalcum"},{"floor":13,"key":"Bronze Scales"}],"event_choices":[{"cards_removed":["Strike_R"],"damage_healed":0,"gold_gain":0,"player_choice":"Purged","damage_taken":0,"max_hp_gain":0,"max_hp_loss":0,"event_name":"Purifier","floor":2,"gold_loss":0},{"damage_healed":0,"gold_gain":0,"player_choice":"Lose Max HP","damage_taken":0,"relics_obtained":["Golden Idol"],"max_hp_gain":0,"max_hp_loss":7,"event_name":"Golden Idol","floor":11,"gold_loss":0},{"cards_removed":["Strike_R"],"damage_healed":0,"gold_gain":0,"player_choice":"Card Removal","damage_taken":0,"max_hp_gain":0,"max_hp_loss":0,"event_name":"The Cleric","floor":14,"gold_loss":75}],"is_beta":false,"boss_relics":[],"items_purged_floors":[],"is_endless":false,"potions_floor_spawned":[1,3,4,12],"killed_by":"Slime Boss","ascension_level":20}