{"gold_per_floor":[111,127,92,5,19,45,45,45,98,125,125,145,157,216,216,295,295,309,322,322,322,336,336,362,362,416,426,426,442,459,41,41,114,114,130,141,101,117,29,29,64,74,126,126],"floor_reached":44,"playtime":3950,"items_purged":[],"score":874,"play_id":"88783901-f310-4029-8208-2d736bd6bd03","local_time":"20181006192123","is_ascension_mode":true,"campfire_choices":[{"floor":8,"key":"REST"},{"data":"Hello World","floor":15,"key":"SMITH"},{"floor":23,"key":"REST"},{"floor":25,"key":"REST"},{"floor":32,"key":"REST"},{"floor":40,"key":"REST"}],"neow_cost":"PERCENT_DAMAGE","seed_source_timestamp":1900587275513429,"circlet_count":0,"master_deck":["Strike_B+1","Strike_B+1","Strike_B","Strike_B","Defend_B","Defend_B","Defend_B","Zap","Dualcast+1","AscendersBane","Barrage","Sunder","Redo+1","Auto Shields+1","Loop","Ball Lightning","Buffer+1","Hello World+1","BootSequence","Biased Cognition","Capacitor","FTL","Ball Lightning","Ball Lightning+1","Lockon","Fusion","BootSequence","Redo+1","Electrodynamics","Lockon","White Noise","White Noise","Seek","Redo","Ball Lightning","FTL","Heatsinks+1","Storm","Finesse","Chaos","Creative AI","Conserve Battery"],"relics":["Cracked Core","Oddly Smooth Stone","War Paint","Darkstone Periapt","Pen Nib","Lizard Tail","Prayer Wheel","DataDisk","Matryoshka","Regal Pillow","DollysMirror","Sozu","Thread and Needle","Kunai","Whetstone"],"potions_floor_usage":[14,19,24,30,33],"damage_taken":[{"damage":0,"enemies":"2 Louse","floor":1,"turns":3},{"damage":0,"enemies":"Small Slimes","floor":2,"turns":2},{"damage":0,"enemies":"Jaw Worm","floor":5,"turns":3},{"damage":29,"enemies":"Gremlin Nob","floor":6,"turns":4},{"damage":2,"enemies":"Lagavulin","floor":10,"turns":7},{"damage":0,"enemies":"Looter","floor":12,"turns":4},{"damage":2,"enemies":"Blue Slaver","floor":13,"turns":3},{"damage":0,"enemies":"Lagavulin Event","floor":14,"turns":6},{"damage":7,"enemies":"The Guardian","floor":16,"turns":13},{"damage":0,"enemies":"Shell Parasite","floor":18,"turns":8},{"damage":0,"enemies":"Chosen","floor":19,"turns":5},{"damage":37,"enemies":"Centurion and Healer","floor":22,"turns":8},{"damage":25,"enemies":"Gremlin Leader","floor":24,"turns":7},{"damage":23,"enemies":"Shelled Parasite and Fungi","floor":27,"turns":4},{"damage":7,"enemies":"Chosen and Byrds","floor":29,"turns":3},{"damage":10,"enemies":"Cultist and Chosen","floor":30,"turns":4},{"damage":26,"enemies":"Collector","floor":33,"turns":8},{"damage":19,"enemies":"Orb Walker","floor":35,"turns":4},{"damage":22,"enemies":"3 Darklings","floor":36,"turns":4},{"damage":22,"enemies":"Sphere and 2 Shapes","floor":38,"turns":4},{"damage":22,"enemies":"Nemesis","floor":41,"turns":7},{"damage":0,"enemies":"Spire Growth","floor":42,"turns":5},{"damage":145,"enemies":"Giant Head","floor":44,"turns":11}],"seed_played":"-2270947349608361739","potions_obtained":[{"floor":2,"key":"FairyPotion"},{"floor":6,"key":"Ancient Potion"},{"floor":14,"key":"Ancient Potion"},{"floor":22,"key":"FearPotion"},{"floor":24,"key":"SteroidPotion"},{"floor":29,"key":"Explosive Potion"}],"is_trial":false,"path_per_floor":["M","M","?","$","M","E","?","R","T","E","?","M","M","?","R","B",null,"M","M","?","?","M","R","E","R","T","M","T","M","M","$","R","B",null,"M","M","?","M","$","R","E","M","T"],"character_chosen":"DEFECT","items_purchased":["Redo","Auto Shields","Regal Pillow","White Noise","DollysMirror","AttackPotion","Finesse"],"campfire_rested":5,"item_purchase_floors":[4,4,31,31,31,31,39],"current_hp_per_floor":[57,57,78,78,78,49,49,74,74,72,77,77,75,75,75,68,85,85,85,90,90,53,80,55,82,82,59,59,52,42,42,84,58,82,63,41,41,19,19,61,39,39,39,0],"gold":126,"neow_bonus":"TWENTY_PERCENT_HP_BONUS","is_prod":false,"is_daily":false,"chose_seed":false,"campfire_upgraded":1,"win_rate":0,"timestamp":1538842883,"path_taken":["M","M","?","$","M","E","?","R","T","E","?","M","?","?","R","BOSS","M","M","?","?","?","R","E","R","T","M","?","?","?","$","R","BOSS","M","M","?","M","$","R","E","M","T","E"],"build_version":"2018-10-04v2","purchased_purges":0,"victory":false,"max_hp_per_floor":[85,85,85,85,85,85,85,85,85,85,90,90,90,90,90,90,90,90,90,90,90,90,90,90,90,90,90,90,90,90,90,90,90,90,90,90,90,90,90,90,90,90,90,90],"card_choices":[{"not_picked":["Streamline","Beam Cell"],"picked":"Barrage","floor":1},{"not_picked":["Compile Driver","BootSequence"],"picked":"Sunder","floor":2},{"not_picked":["Scrape","Hologram","Coolheaded"],"picked":"SKIP","floor":5},{"not_picked":["Gash","Coolheaded"],"picked":"Loop","floor":6},{"not_picked":["Lockon","Barrage"],"picked":"Ball Lightning","floor":10},{"not_picked":["Ball Lightning","Aggregate"],"picked":"Buffer","floor":12},{"not_picked":["Turbo","Compile Driver"],"picked":"Hello World","floor":13},{"not_picked":["Auto Shields","Rebound"],"picked":"BootSequence","floor":14},{"not_picked":["All For One","Multi-Cast"],"picked":"Biased Cognition","floor":16},{"not_picked":["Skim","Redo"],"picked":"Capacitor","floor":18},{"not_picked":["Darkness","Coolheaded"],"picked":"FTL","floor":19},{"not_picked":["Genetic Algorithm+1","Beam Cell"],"picked":"Ball Lightning","floor":22},{"not_picked":["Chaos+1","Gash"],"picked":"Ball Lightning","floor":24},{"not_picked":["Gash","Recycle"],"picked":"Lockon","floor":27},{"not_picked":["Stack","Steam"],"picked":"Fusion","floor":27},{"not_picked":["Barrage","Steam Power+1"],"picked":"BootSequence","floor":29},{"not_picked":["Rainbow","Cold Snap"],"picked":"Redo+1","floor":29},{"not_picked":["Barrage","Sunder"],"picked":"Electrodynamics","floor":30},{"not_picked":["Streamline","Rebound"],"picked":"Lockon","floor":30},{"not_picked":["Multi-Cast","Thunder Strike"],"picked":"Seek","floor":33},{"not_picked":["Melter","Beam Cell"],"picked":"Redo","floor":35},{"not_picked":["Cold Snap+1","Conserve Battery"],"picked":"Ball Lightning","floor":35},{"not_picked":["Recycle","Go for the Eyes"],"picked":"FTL","floor":36},{"not_picked":["Streamline","Undo","Gash+1"],"picked":"SKIP","floor":36},{"not_picked":["Lockon","Loop"],"picked":"Heatsinks+1","floor":38},{"not_picked":["Barrage+1","Doom and Gloom"],"picked":"Storm","floor":38},{"not_picked":["Reinforced Body+1","Darkness"],"picked":"Chaos","floor":41},{"not_picked":["Stack+1","White Noise"],"picked":"Creative AI","floor":42},{"not_picked":["Hologram","Compile Driver"],"picked":"Conserve Battery","floor":42}],"player_experience":741621,"relics_obtained":[{"floor":6,"key":"Oddly Smooth Stone"},{"floor":9,"key":"War Paint"},{"floor":10,"key":"Darkstone Periapt"},{"floor":24,"key":"Prayer Wheel"},{"floor":26,"key":"DataDisk"},{"floor":28,"key":"Matryoshka"},{"floor":41,"key":"Thread and Needle"},{"floor":43,"key":"Kunai"},{"floor":43,"key":"Whetstone"}],"event_choices":[{"event_name":"The Cleric","player_choice":"Healed","floor":3,"damage_taken":0},{"event_name":"Living Wall","player_choice":"Grow","floor":7,"damage_taken":0},{"event_name":"Big Fish","player_choice":"Donut","floor":11,"damage_taken":0},{"event_name":"Dead Adventurer","player_choice":"Searched \u00272\u0027 times","floor":14,"damage_taken":0},{"event_name":"Wheel of Change","player_choice":"Full Heal","floor":20,"damage_taken":0},{"event_name":"Bonfire Elementals","player_choice":"BASIC","floor":21,"damage_taken":0},{"event_name":"Designer","player_choice":"Upgrade 2 Random Cards","floor":37,"damage_taken":0}],"is_beta":false,"boss_relics":[{"not_picked":["Fusion Hammer","White Beast Statue"],"picked":"Lizard Tail"},{"not_picked":["Astrolabe","Snecko Eye"],"picked":"Sozu"}],"items_purged_floors":[],"is_endless":false,"potions_floor_spawned":[2,6,10,14,18,22,24,29,38,42],"killed_by":"Giant Head","ascension_level":14}