{"gold_per_floor":[112,112,187,200,217,217,245,256,256,272,272,372,402,418,418,516,516,526,538,198,209,221,221,235,235,235,268,268,285,319,338,338,439,439,457,679,217,217,217,217,232,232,255,255,272,272,303,320,320,320],"floor_reached":51,"playtime":2365,"items_purged":["Strike_R","Strike_R"],"score":884,"play_id":"fbf7defc-f284-417c-93d1-07953c0b56e6","local_time":"20190427155000","is_ascension_mode":false,"campfire_choices":[{"data":"Uppercut","floor":6.0,"key":"SMITH"},{"data":"Armaments","floor":11.0,"key":"SMITH"},{"data":"Disarm","floor":15.0,"key":"SMITH"},{"data":"Corruption","floor":23.0,"key":"SMITH"},{"data":"Immolate","floor":25.0,"key":"SMITH"},{"data":"Juggernaut","floor":28.0,"key":"SMITH"},{"data":"Juggernaut","floor":32,"key":"SMITH"},{"data":"Mind Blast","floor":40,"key":"SMITH"},{"data":"Clothesline","floor":42,"key":"SMITH"},{"data":"Defend_R","floor":44,"key":"SMITH"},{"data":"Offering","floor":46,"key":"SMITH"},{"data":"Defend_R","floor":49,"key":"SMITH"}],"neow_cost":"CURSE","seed_source_timestamp":1312570248691700,"circlet_count":0,"master_deck":["Defend_R","Defend_R","Defend_R+1","Defend_R+1","Bash","Armaments+1","Clothesline+1","Uppercut+1","Wild Strike","Intimidate","Seeing Red","Disarm+1","Immolate+1","Cleave","Rampage","Corruption+1","Shrug It Off","Hemokinesis+1","Fire Breathing+1","Juggernaut+1","Havoc+1","Burning Pact+1","Juggernaut+1","Iron Wave+1","Offering+1","Mind Blast+1","PanicButton","Dark Shackles"],"special_seed":0,"relics":["Burning Blood","FossilizedHelix","Mummified Hand","Gremlin Horn","Empty Cage","Oddly Smooth Stone","Singing Bowl","Red Mask","Pear","Philosopher\u0027s Stone","Pen Nib","Vajra","Incense Burner"],"potions_floor_usage":[30,33,33,33,50,50],"damage_taken":[{"damage":0.0,"enemies":"Small Slimes","floor":1.0,"turns":3.0},{"damage":0.0,"enemies":"2 Louse","floor":4.0,"turns":3.0},{"damage":1.0,"enemies":"Cultist","floor":5.0,"turns":3.0},{"damage":32.0,"enemies":"Gremlin Nob","floor":7.0,"turns":6.0},{"damage":3.0,"enemies":"Large Slime","floor":8.0,"turns":5.0},{"damage":4.0,"enemies":"Exordium Thugs","floor":10.0,"turns":4.0},{"damage":0.0,"enemies":"Lagavulin","floor":13.0,"turns":7.0},{"damage":0.0,"enemies":"3 Louse","floor":14.0,"turns":2.0},{"damage":22.0,"enemies":"Hexaghost","floor":16.0,"turns":11.0},{"damage":0.0,"enemies":"3 Byrds","floor":18.0,"turns":4.0},{"damage":5.0,"enemies":"Shell Parasite","floor":19.0,"turns":8.0},{"damage":0.0,"enemies":"Snecko","floor":21.0,"turns":4.0},{"damage":9.0,"enemies":"Centurion and Healer","floor":22.0,"turns":8.0},{"damage":6.0,"enemies":"3 Cultists","floor":24.0,"turns":5.0},{"damage":0.0,"enemies":"Masked Bandits","floor":27.0,"turns":2.0},{"damage":20.0,"enemies":"Snake Plant","floor":29.0,"turns":5.0},{"damage":5,"enemies":"Slavers","floor":30,"turns":4},{"damage":0,"enemies":"Chosen and Byrds","floor":31,"turns":4},{"damage":16,"enemies":"Collector","floor":33,"turns":9},{"damage":0,"enemies":"3 Shapes","floor":35,"turns":2},{"damage":0,"enemies":"Orb Walker","floor":41,"turns":4},{"damage":2,"enemies":"Spire Growth","floor":45,"turns":3},{"damage":0,"enemies":"Reptomancer","floor":47,"turns":3},{"damage":0,"enemies":"3 Darklings","floor":48,"turns":3},{"damage":0,"enemies":"Time Eater","floor":50,"turns":10}],"seed_played":"-1325213080038069910","potions_obtained":[{"floor":1.0,"key":"Explosive Potion"},{"floor":10.0,"key":"EssenceOfSteel"},{"floor":14.0,"key":"Energy Potion"},{"floor":18.0,"key":"Ancient Potion"},{"floor":19.0,"key":"AttackPotion"},{"floor":24.0,"key":"Explosive Potion"},{"floor":27.0,"key":"EssenceOfSteel"},{"floor":30,"key":"Block Potion"},{"floor":41,"key":"Ancient Potion"},{"floor":48,"key":"PowerPotion"}],"is_trial":false,"path_per_floor":["M","?","?","M","M","R","E","M","T","M","R","?","E","M","R","B",null,"M","M","$","M","M","R","M","R","T","?","R","M","E","M","R","B",null,"M","?","$","?","?","R","M","R","T","R","M","R","E","M","R","B",null],"character_chosen":"IRONCLAD","items_purchased":["Corruption","Shrug It Off","Oddly Smooth Stone","Strength Potion","Pen Nib","Ancient Potion","Mind Blast"],"campfire_rested":0,"item_purchase_floors":[20,20,20,37,37,37,37],"current_hp_per_floor":[96,96,87,93,96,96,70,73,73,75,75,75,81,87,87,71,96,96,96,96,96,93,93,93,93,93,96,96,82,93,99,99,89,106,108,108,108,100,100,100,108,108,108,108,114,114,116,118,118,118],"gold":320,"neow_bonus":"TWENTY_PERCENT_HP_BONUS","is_prod":false,"is_daily":false,"chose_seed":false,"campfire_upgraded":12,"win_rate":1,"timestamp":1556405400,"path_taken":["M","?","?","M","?","R","E","M","T","M","R","?","E","M","R","BOSS","M","M","$","M","M","R","M","R","T","?","R","M","E","M","R","BOSS","M","?","$","?","?","R","M","R","T","R","M","R","E","M","R","BOSS"],"build_version":"2019-01-23","purchased_purges":2,"victory":true,"max_hp_per_floor":[96,96,96,96,96,96,96,96,96,96,96,96,96,96,96,96,96,96,96,96,96,96,96,96,96,96,96,96,96,106,106,106,106,106,108,108,108,110,110,110,112,112,112,112,114,114,116,118,118,118],"card_choices":[{"not_picked":["True Grit","Cleave"],"picked":"Armaments","floor":1.0},{"not_picked":["Headbutt","Flex"],"picked":"Clothesline","floor":4.0},{"not_picked":["Power Through","Armaments"],"picked":"Uppercut","floor":5.0},{"not_picked":["Body Slam","Sever Soul"],"picked":"Wild Strike","floor":7.0},{"not_picked":["Blood for Blood","Iron Wave"],"picked":"Intimidate","floor":8.0},{"not_picked":["Body Slam","Second Wind","Clothesline"],"picked":"SKIP","floor":10.0},{"not_picked":["Warcry","Pummel"],"picked":"Seeing Red","floor":13.0},{"not_picked":["Sever Soul","Clash"],"picked":"Disarm","floor":14.0},{"not_picked":["Double Tap","Impervious"],"picked":"Immolate","floor":16.0},{"not_picked":["Perfected Strike","Pommel Strike"],"picked":"Cleave","floor":18.0},{"not_picked":["Second Wind","Perfected Strike"],"picked":"Rampage","floor":19.0},{"not_picked":["Sword Boomerang","Flex"],"picked":"Hemokinesis+1","floor":21.0},{"not_picked":["Sever Soul+1","Fire Breathing+1","Pommel Strike"],"picked":"SKIP","floor":22.0},{"not_picked":["Sever Soul+1","Pommel Strike"],"picked":"Fire Breathing+1","floor":22.0},{"not_picked":["Dual Wield","Headbutt"],"picked":"Juggernaut","floor":24.0},{"not_picked":["Wild Strike","Armaments"],"picked":"Havoc+1","floor":27.0},{"not_picked":["Sever Soul","Clash"],"picked":"Burning Pact+1","floor":29.0},{"not_picked":["Anger","Offering"],"picked":"Juggernaut","floor":30},{"not_picked":["Sword Boomerang","Havoc"],"picked":"Iron Wave+1","floor":31},{"not_picked":["Limit Break","Juggernaut"],"picked":"Offering","floor":33},{"not_picked":["Combust","Infernal Blade","Body Slam+1"],"picked":"Singing Bowl","floor":35},{"not_picked":["Trip","Jack Of All Trades"],"picked":"PanicButton","floor":38},{"not_picked":["Impatience","Transmutation"],"picked":"Dark Shackles","floor":38},{"not_picked":["Good Instincts","Mind Blast","Thinking Ahead"],"picked":"Singing Bowl","floor":38},{"not_picked":["Corruption","Searing Blow","Clash"],"picked":"Singing Bowl","floor":41},{"not_picked":["Clothesline","Pummel+1","Dual Wield"],"picked":"Singing Bowl","floor":45},{"not_picked":["Twin Strike+1","Rage","Warcry"],"picked":"Singing Bowl","floor":47},{"not_picked":["Armaments","Blood for Blood","Evolve+1"],"picked":"Singing Bowl","floor":48}],"player_experience":631565,"relics_obtained":[{"floor":7.0,"key":"FossilizedHelix"},{"floor":9.0,"key":"Mummified Hand"},{"floor":13.0,"key":"Gremlin Horn"},{"floor":26.0,"key":"Singing Bowl"},{"floor":27.0,"key":"Red Mask"},{"floor":30,"key":"Pear"},{"floor":43,"key":"Vajra"},{"floor":47,"key":"Incense Burner"}],"event_choices":[{"cards_removed":["Doubt"],"damage_healed":0.0,"max_hp_gain":0.0,"max_hp_loss":0.0,"gold_gain":0.0,"event_name":"Living Wall","player_choice":"Forget","floor":2.0,"gold_loss":0.0,"damage_taken":0.0},{"damage_healed":0.0,"max_hp_gain":0.0,"max_hp_loss":0.0,"gold_gain":75.0,"event_name":"FaceTrader","player_choice":"Touch","floor":3.0,"gold_loss":0.0,"damage_taken":9.0},{"damage_healed":0.0,"max_hp_gain":0.0,"max_hp_loss":0.0,"gold_gain":100.0,"event_name":"Golden Shrine","player_choice":"Pray","floor":12.0,"gold_loss":0.0,"damage_taken":0.0},{"damage_healed":0.0,"max_hp_gain":0.0,"max_hp_loss":0.0,"gold_gain":0.0,"event_name":"Masked Bandits","player_choice":"Fought Bandits","floor":27.0,"gold_loss":0.0,"damage_taken":0.0},{"damage_healed":0,"gold_gain":222,"player_choice":"Wore Mask","damage_taken":0,"max_hp_gain":0,"max_hp_loss":0,"event_name":"Tomb of Lord Red Mask","floor":36,"gold_loss":0},{"damage_healed":0,"gold_gain":0,"player_choice":"Memory 3","damage_taken":10,"max_hp_gain":0,"max_hp_loss":0,"event_name":"SensoryStone","floor":38,"gold_loss":0},{"cards_removed":["Strike_R"],"damage_healed":0,"gold_gain":0,"player_choice":"Purged","damage_taken":0,"max_hp_gain":0,"max_hp_loss":0,"event_name":"Purifier","floor":39,"gold_loss":0}],"is_beta":false,"boss_relics":[{"not_picked":["Calling Bell","Lizard Tail"],"picked":"Empty Cage"},{"not_picked":["Sozu","Runic Cube"],"picked":"Philosopher\u0027s Stone"}],"items_purged_floors":[20,37],"is_endless":false,"potions_floor_spawned":[1,10,14,18,19,24,27,30,31,41,48],"ascension_level":0}