{"gold_per_floor":[117,127,139,152,227,227,250,280,307,317,168,178,178,353,353,458,458,471,471,487,498,515,515,533,550,550,550,10,10,22,38,38,137,137,155,155,4,23,23],"floor_reached":39,"playtime":2613,"items_purged":["Strike_B"],"score":553,"play_id":"437c6b36-8929-4d09-8ce6-1fb003ba1488","local_time":"20180720225157","is_ascension_mode":true,"campfire_choices":[{"floor":6,"key":"REST"},{"floor":13,"key":"REST"},{"floor":15,"key":"REST"},{"floor":23,"key":"REST"},{"floor":27,"key":"REST"},{"data":"Zap","floor":29,"key":"SMITH"},{"floor":32,"key":"REST"}],"neow_cost":"NONE","seed_source_timestamp":1302298306219337,"circlet_count":0,"master_deck":["Strike_B","Strike_B","Strike_B","Defend_B","Defend_B","Defend_B","Defend_B","Zap+1","Dualcast","Chill","FTL","Beam Cell","Cold Snap","Streamline","Go for the Eyes","Creative AI","Double Energy+1","Streamline","FTL","Streamline","Cold Snap+1","Scrape","Hologram","Swift Strike","Gash","Gash","All For One","Streamline+1","Flash of Steel","Hologram","Jack Of All Trades","Streamline"],"relics":["Cracked Core","Omamori","Odd Mushroom","Oddly Smooth Stone","Centennial Puzzle","Boot","Nuclear Battery","Mango","Lee\u0027s Waffle","Inserter"],"potions_floor_usage":[7,10,10,20,21,21,21,21,21,22,30,30,35,38],"damage_taken":[{"damage":1,"enemies":"Cultist","floor":1,"turns":3},{"damage":0,"enemies":"Small Slimes","floor":2,"turns":3},{"damage":3,"enemies":"2 Louse","floor":3,"turns":3},{"damage":0,"enemies":"Large Slime","floor":4,"turns":3},{"damage":1,"floor":7,"turns":4},{"damage":35,"enemies":"Lagavulin","floor":8,"turns":7},{"damage":11,"enemies":"Exordium Thugs","floor":10,"turns":4},{"damage":8,"enemies":"Exordium Wildlife","floor":12,"turns":3},{"damage":24,"enemies":"Hexaghost","floor":16,"turns":9},{"damage":14,"enemies":"Shell Parasite","floor":18,"turns":6},{"damage":3,"enemies":"3 Byrds","floor":20,"turns":4},{"damage":27,"enemies":"Slaver and Parasite","floor":21,"turns":6},{"damage":16,"enemies":"Sentry and Sphere","floor":22,"turns":4},{"damage":8,"enemies":"Cultist and Chosen","floor":24,"turns":5},{"damage":4,"enemies":"Centurion and Healer","floor":25,"turns":7},{"damage":16,"enemies":"Snake Plant","floor":30,"turns":2},{"damage":8,"enemies":"Snecko","floor":31,"turns":4},{"damage":89,"enemies":"Collector","floor":33,"turns":15},{"damage":41,"enemies":"3 Darklings","floor":35,"turns":7},{"damage":2,"enemies":"Flame Bruiser 1 Orb","floor":38,"turns":4},{"damage":31,"enemies":"3 Darklings","floor":39,"turns":4}],"seed_played":"-2749115577794387375","potions_obtained":[{"floor":1,"key":"Ancient Potion"},{"floor":4,"key":"SkillPotion"},{"floor":7,"key":"Ancient Potion"},{"floor":8,"key":"PowerPotion"},{"floor":18,"key":"Fire Potion"},{"floor":20,"key":"EntropicBrew"},{"floor":21,"key":"SkillPotion"},{"floor":25,"key":"SteroidPotion"},{"floor":33,"key":"FocusPotion"},{"floor":35,"key":"Ancient Potion"}],"is_trial":false,"path_per_floor":["M","M","M","M","?","R","?","E","T","M","$","M","R","?","R","B",null,"M","?","M","M","M","R","M","M","T","R","$","R","M","M","R","B",null,"M","?","$","M"],"character_chosen":"DEFECT","items_purchased":["Boot","Scrape","Hologram","Lee\u0027s Waffle","Swift Strike","AttackPotion","Hologram","Jack Of All Trades"],"campfire_rested":6,"item_purchase_floors":[11,28,28,28,28,28,37,37],"current_hp_per_floor":[67,67,64,64,53,75,74,39,39,28,28,20,42,42,64,40,66,52,52,49,22,6,28,20,16,30,56,96,96,80,72,96,7,74,33,33,33,31,0],"gold":23,"neow_bonus":"RANDOM_COMMON_RELIC","is_prod":false,"is_daily":false,"chose_seed":false,"campfire_upgraded":1,"win_rate":0,"timestamp":1532116317,"path_taken":["M","M","M","M","?","R","?","E","T","M","$","M","R","?","R","BOSS","M","?","?","M","M","R","M","M","T","R","$","R","M","M","R","BOSS","M","?","$","?","M"],"build_version":"2018-07-19v2","purchased_purges":1,"victory":false,"max_hp_per_floor":[75,75,75,75,75,75,75,75,75,75,75,75,75,75,75,75,75,75,75,75,75,75,75,75,75,89,89,96,96,96,96,96,96,96,96,96,96,96,96],"card_choices":[{"not_picked":["Glacier","Rebound"],"picked":"Chill","floor":1},{"not_picked":["Turbo","Skim"],"picked":"FTL","floor":2},{"not_picked":["Coolheaded","Scrape"],"picked":"Beam Cell","floor":3},{"not_picked":["Consume","Conserve Battery","Recycle"],"picked":"SKIP","floor":4},{"not_picked":["Stack","Barrage"],"picked":"Cold Snap","floor":7},{"not_picked":["Amplify","Consume"],"picked":"Streamline","floor":8},{"not_picked":["Doom and Gloom","Storm"],"picked":"Go for the Eyes","floor":10},{"not_picked":["Leap","Capacitor","Barrage"],"picked":"SKIP","floor":12},{"not_picked":["Hyperbeam","Buffer"],"picked":"Creative AI","floor":16},{"not_picked":["Turbo","Doom and Gloom"],"picked":"Double Energy+1","floor":18},{"not_picked":["Aggregate+1","Reinforced Body"],"picked":"Streamline","floor":20},{"not_picked":["Lockon","Sweeping Beam+1","Reinforced Body+1"],"picked":"SKIP","floor":21},{"not_picked":["Reprogram","Steam"],"picked":"FTL","floor":22},{"not_picked":["Buffer","Lockon"],"picked":"Streamline","floor":24},{"not_picked":["Turbo","Conserve Battery"],"picked":"Cold Snap+1","floor":25},{"not_picked":["Conserve Battery","Steam+1"],"picked":"Gash","floor":30},{"not_picked":["Steam","Coolheaded"],"picked":"Gash","floor":31},{"not_picked":["Core Surge","Thunder Strike"],"picked":"All For One","floor":33},{"not_picked":["Chill","Beam Cell"],"picked":"Streamline+1","floor":35},{"not_picked":["Purity","Deep Breath"],"picked":"Flash of Steel","floor":36},{"not_picked":["Conserve Battery","Stack"],"picked":"Streamline","floor":38}],"player_experience":596442,"relics_obtained":[{"floor":7,"key":"Odd Mushroom"},{"floor":8,"key":"Oddly Smooth Stone"},{"floor":9,"key":"Centennial Puzzle"},{"floor":26,"key":"Mango"}],"event_choices":[{"event_name":"World of Goop","player_choice":"Gather Gold","floor":5,"damage_taken":0},{"event_name":"Mushrooms","player_choice":"Fought Mushrooms","floor":7,"damage_taken":0},{"event_name":"Liars Game","player_choice":"agreed","floor":14,"damage_taken":0},{"event_name":"Drug Dealer","player_choice":"Ignored","floor":19,"damage_taken":0},{"event_name":"SensoryStone","player_choice":"Memory 1","floor":36,"damage_taken":0}],"is_beta":false,"boss_relics":[{"not_picked":["FrozenCore","Sozu"],"picked":"Nuclear Battery"},{"not_picked":["Astrolabe","Runic Pyramid"],"picked":"Inserter"}],"items_purged_floors":[28],"is_endless":false,"potions_floor_spawned":[1,4,7,8,18,20,21,25,33,35],"killed_by":"3 Darklings","ascension_level":6}