{"gold_per_floor":[114,114,131,144,144,144,171,171,197,222,238,273,198,198,198,272,272,287,287,47,59,59,59,93,93,145,70,70,70,70],"floor_reached":30,"playtime":829,"items_purged":["Strike_R"],"score":549,"play_id":"b03f39ca-c1e9-4db7-a913-fa5e42ef76a1","local_time":"20190415121825","is_ascension_mode":true,"campfire_choices":[{"data":"Whirlwind","floor":6,"key":"SMITH"},{"floor":15,"key":"REST"},{"floor":23,"key":"REST"},{"data":"True Grit","floor":25,"key":"SMITH"}],"neow_cost":"NONE","seed_source_timestamp":261364966201100,"circlet_count":0,"master_deck":["AscendersBane","Strike_R+1","Strike_R","Defend_R","Defend_R","Defend_R","Defend_R","Bash","Uppercut+1","Whirlwind+1","Battle Trance","Inflame","Demon Form","Limit Break","True Grit+1","Second Wind","Decay"],"relics":["Burning Blood","NeowsBlessing","Potion Belt","WarpedTongs","Whetstone","Mango","Juzu Bracelet","Philosopher\u0027s Stone","Enchiridion","Regal Pillow","Darkstone Periapt","Ancient Tea Set"],"potions_floor_usage":[24,24],"damage_taken":[{"damage":0,"enemies":"Small Slimes","floor":1,"turns":1},{"damage":0,"enemies":"Cultist","floor":3,"turns":1},{"damage":0,"enemies":"Jaw Worm","floor":4,"turns":1},{"damage":30,"enemies":"3 Sentries","floor":7,"turns":5},{"damage":32,"enemies":"Lagavulin","floor":10,"turns":8},{"damage":2,"enemies":"Lots of Slimes","floor":11,"turns":1},{"damage":39,"enemies":"3 Sentries","floor":12,"turns":7},{"damage":18,"enemies":"Slime Boss","floor":16,"turns":6},{"damage":22,"enemies":"Shell Parasite","floor":18,"turns":5},{"damage":0,"enemies":"3 Byrds","floor":21,"turns":4},{"damage":47,"enemies":"Book of Stabbing","floor":24,"turns":5},{"damage":22,"enemies":"Slavers","floor":30,"turns":2}],"seed_played":"4143981022958365386","potions_obtained":[{"floor":4,"key":"Weak Potion"},{"floor":10,"key":"Ancient Potion"},{"floor":16,"key":"FearPotion"},{"floor":18,"key":"Ancient Potion"}],"is_trial":false,"path_per_floor":["M","?","M","M","?","R","E","?","T","E","M","E","?","?","R","B",null,"M","?","$","M","?","R","E","R","T","?","$","?","E"],"character_chosen":"IRONCLAD","items_purchased":["Regal Pillow"],"campfire_rested":2,"item_purchase_floors":[20],"current_hp_per_floor":[74,74,75,75,75,75,51,51,51,39,43,10,10,10,36,24,73,57,36,36,42,42,83,42,42,42,42,42,48,26],"gold":70,"neow_bonus":"THREE_ENEMY_KILL","is_prod":false,"is_daily":false,"chose_seed":false,"campfire_upgraded":2,"win_rate":0,"timestamp":1555298305,"path_taken":["M","?","?","M","?","R","E","?","T","E","?","E","?","?","R","BOSS","M","?","$","M","?","R","E","R","T","?","?","?","E"],"build_version":"2019-01-23","purchased_purges":1,"victory":false,"max_hp_per_floor":[75,75,75,75,75,75,75,75,75,89,89,89,89,89,89,89,89,89,89,89,89,89,89,89,89,89,89,89,95,95],"card_choices":[{"not_picked":["Clothesline","Searing Blow","Corruption"],"picked":"SKIP","floor":1},{"not_picked":["Disarm","Pommel Strike"],"picked":"Uppercut","floor":3},{"not_picked":["Flex","Hemokinesis"],"picked":"Whirlwind","floor":4},{"not_picked":["Wild Strike","Dark Embrace"],"picked":"Battle Trance","floor":7},{"not_picked":["Armaments","Shockwave"],"picked":"Inflame","floor":10},{"not_picked":["Twin Strike","Burning Pact","Thunderclap"],"picked":"SKIP","floor":11},{"not_picked":["Cleave","Blood for Blood"],"picked":"Demon Form","floor":12},{"not_picked":["Juggernaut","Double Tap"],"picked":"Limit Break","floor":16},{"not_picked":["Iron Wave","Clothesline","Cleave+1"],"picked":"SKIP","floor":18},{"not_picked":["Iron Wave","Heavy Blade"],"picked":"True Grit","floor":21},{"not_picked":["Intimidate","Pommel Strike"],"picked":"Second Wind","floor":24}],"player_experience":3148712,"relics_obtained":[{"floor":7,"key":"Potion Belt"},{"floor":9,"key":"Whetstone"},{"floor":10,"key":"Mango"},{"floor":12,"key":"Juzu Bracelet"},{"floor":19,"key":"Enchiridion"},{"floor":24,"key":"Darkstone Periapt"},{"floor":26,"key":"Ancient Tea Set"}],"event_choices":[{"cards_removed":["Strike_R"],"damage_healed":0,"gold_gain":0,"player_choice":"Offered Basic","damage_taken":0,"max_hp_gain":0,"max_hp_loss":0,"event_name":"Bonfire Elementals","floor":2,"gold_loss":0},{"damage_healed":0,"gold_gain":0,"player_choice":"Ignored","damage_taken":0,"max_hp_gain":0,"max_hp_loss":0,"event_name":"Liars Game","floor":5,"gold_loss":0},{"damage_healed":0,"gold_gain":0,"player_choice":"Rummage","damage_taken":0,"relics_obtained":["WarpedTongs"],"max_hp_gain":0,"max_hp_loss":0,"event_name":"Accursed Blacksmith","floor":8,"gold_loss":0,"cards_obtained":["Pain"]},{"cards_removed":["Pain"],"damage_healed":0,"gold_gain":0,"player_choice":"Card Removal","damage_taken":0,"max_hp_gain":0,"max_hp_loss":0,"event_name":"The Cleric","floor":13,"gold_loss":75},{"damage_healed":0,"gold_gain":0,"player_choice":"Ignored","damage_taken":0,"max_hp_gain":0,"max_hp_loss":0,"event_name":"Shining Light","floor":14,"gold_loss":0},{"damage_healed":0,"gold_gain":0,"player_choice":"Obtained Book","damage_taken":21,"max_hp_gain":0,"max_hp_loss":0,"event_name":"Cursed Tome","floor":19,"gold_loss":0},{"damage_healed":0,"gold_gain":0,"player_choice":"Ignored","damage_taken":0,"max_hp_gain":0,"max_hp_loss":0,"event_name":"The Mausoleum","floor":22,"gold_loss":0},{"cards_removed":["Strike_R"],"damage_healed":0,"gold_gain":0,"player_choice":"Gave Gold","damage_taken":0,"max_hp_gain":0,"max_hp_loss":0,"event_name":"Beggar","floor":27,"gold_loss":75},{"damage_healed":0,"gold_gain":0,"player_choice":"Smashed Altar","damage_taken":0,"max_hp_gain":0,"max_hp_loss":0,"event_name":"Forgotten Altar","floor":29,"gold_loss":0,"cards_obtained":["Decay"]}],"is_beta":false,"boss_relics":[{"not_picked":["Busted Crown","Fusion Hammer"],"picked":"Philosopher\u0027s Stone"}],"items_purged_floors":[20],"is_endless":false,"potions_floor_spawned":[4,10,16,18],"killed_by":"Slavers","ascension_level":20}