{"gold_per_floor":[116,116,116,130,130,174,174,214,241,256,271,271,139,159,159,252,252,270,8,22,61,75,75,90,90,145,145,70,113,63,102,102,102],"floor_reached":33,"playtime":1127,"items_purged":["Strike_R","Strike_R"],"score":636,"play_id":"52e9c8b3-74aa-454a-8e7b-a16e698cfc7c","local_time":"20190309180242","is_ascension_mode":true,"campfire_choices":[{"data":"Cleave","floor":7,"key":"SMITH"},{"data":"True Grit","floor":12,"key":"SMITH"},{"data":"Body Slam","floor":15,"key":"SMITH"},{"data":"Immolate","floor":23,"key":"SMITH"},{"floor":27,"key":"REST"},{"floor":32,"key":"REST"}],"neow_cost":"NONE","seed_source_timestamp":27386497190500,"circlet_count":0,"master_deck":["AscendersBane","Strike_R","Defend_R","Defend_R","Defend_R","Defend_R","Bash","Feel No Pain","Cleave+1","Reaper","True Grit+1","Body Slam+1","Immolate+1","Intimidate","Power Through"],"relics":["Burning Blood","NeowsBlessing","Bag of Marbles","Golden Idol","Pantograph","Boot","Pen Nib","Runic Dome","Omamori","Red Mask","Blue Candle","Incense Burner","Du-Vu Doll"],"potions_floor_usage":[8,16,18,18,20,24,29],"damage_taken":[{"damage":0,"enemies":"2 Louse","floor":1,"turns":1},{"damage":0,"enemies":"Jaw Worm","floor":4,"turns":1},{"damage":0,"enemies":"Gremlin Nob","floor":6,"turns":1},{"damage":20,"enemies":"3 Sentries","floor":8,"turns":6},{"damage":4,"enemies":"Cultist","floor":10,"turns":4},{"damage":22,"enemies":"3 Louse","floor":11,"turns":4},{"damage":16,"enemies":"Blue Slaver","floor":14,"turns":5},{"damage":45,"enemies":"The Guardian","floor":16,"turns":13},{"damage":4,"enemies":"Shell Parasite","floor":18,"turns":2},{"damage":2,"enemies":"2 Thieves","floor":20,"turns":3},{"damage":30,"enemies":"Masked Bandits","floor":21,"turns":3},{"damage":26,"enemies":"Snake Plant","floor":22,"turns":4},{"damage":11,"enemies":"Sentry and Sphere","floor":24,"turns":3},{"damage":52,"enemies":"Gremlin Leader","floor":29,"turns":5},{"damage":36,"enemies":"Slavers","floor":31,"turns":5},{"damage":2,"enemies":"Automaton","floor":33,"turns":4}],"seed_played":"2448688683698120997","potions_obtained":[{"floor":4,"key":"AttackPotion"},{"floor":8,"key":"Swift Potion"},{"floor":16,"key":"BloodPotion"},{"floor":18,"key":"AttackPotion"},{"floor":21,"key":"Fire Potion"},{"floor":24,"key":"PowerPotion"}],"is_trial":false,"path_per_floor":["M","?","?","M","?","E","R","E","T","M","M","R","$","M","R","B",null,"M","$","M","?","M","R","M","?","T","R","?","E","?","E","R","B"],"character_chosen":"IRONCLAD","items_purchased":["Fire Potion","Omamori"],"campfire_rested":2,"item_purchase_floors":[13,19],"current_hp_per_floor":[74,67,67,73,47,53,53,39,39,41,40,40,40,36,36,27,63,72,72,75,51,37,37,32,32,32,54,54,24,24,12,34,72],"gold":102,"neow_bonus":"THREE_ENEMY_KILL","is_prod":false,"is_daily":false,"chose_seed":false,"campfire_upgraded":4,"win_rate":0,"timestamp":1552122162,"path_taken":["M","?","?","?","?","E","R","E","T","M","M","R","$","M","R","BOSS","M","$","M","?","M","R","M","?","T","R","?","E","?","E","R","BOSS"],"build_version":"2019-01-23","purchased_purges":2,"victory":false,"max_hp_per_floor":[75,75,75,75,75,75,75,75,75,75,75,75,75,75,75,75,75,75,75,75,75,75,75,75,75,75,75,75,75,75,75,75,75],"card_choices":[{"not_picked":["Havoc","Pommel Strike"],"picked":"True Grit","floor":1},{"not_picked":["Armaments","Clothesline"],"picked":"Feel No Pain","floor":4},{"not_picked":["Rupture","Pommel Strike"],"picked":"Cleave","floor":6},{"not_picked":["Pummel","Perfected Strike","Hemokinesis"],"picked":"SKIP","floor":8},{"not_picked":["Heavy Blade","Armaments"],"picked":"Reaper","floor":10},{"not_picked":["Combust","Pommel Strike"],"picked":"True Grit","floor":11},{"not_picked":["Warcry","Perfected Strike"],"picked":"Body Slam","floor":14},{"not_picked":["Impervious","Barricade"],"picked":"Immolate","floor":16},{"not_picked":["Intimidate","Flex","Spot Weakness"],"picked":"SKIP","floor":18},{"not_picked":["Perfected Strike+1","Twin Strike","Burning Pact"],"picked":"SKIP","floor":20},{"not_picked":["True Grit","Heavy Blade","Havoc"],"picked":"SKIP","floor":22},{"not_picked":["Warcry","Inflame","Armaments"],"picked":"SKIP","floor":24},{"not_picked":["Pummel","Havoc"],"picked":"Intimidate","floor":29},{"not_picked":["Iron Wave","Havoc"],"picked":"Power Through","floor":31}],"player_experience":2100753,"relics_obtained":[{"floor":6,"key":"Pantograph"},{"floor":8,"key":"Boot"},{"floor":9,"key":"Pen Nib"},{"floor":21,"key":"Red Mask"},{"floor":29,"key":"Incense Burner"},{"floor":31,"key":"Du-Vu Doll"}],"event_choices":[{"cards_removed":["Strike_R"],"damage_healed":0,"gold_gain":0,"player_choice":"Card Removal","damage_taken":7,"max_hp_gain":0,"max_hp_loss":0,"event_name":"Golden Wing","floor":2,"gold_loss":0},{"cards_removed":["True Grit"],"damage_healed":0,"gold_gain":0,"player_choice":"Gave Card","damage_taken":0,"relics_obtained":["Bag of Marbles"],"max_hp_gain":0,"max_hp_loss":0,"event_name":"WeMeetAgain","floor":3,"gold_loss":0},{"damage_healed":0,"gold_gain":0,"player_choice":"Take Damage","damage_taken":26,"relics_obtained":["Golden Idol"],"max_hp_gain":0,"max_hp_loss":0,"event_name":"Golden Idol","floor":5,"gold_loss":0},{"damage_healed":0,"gold_gain":0,"player_choice":"Fought Bandits","damage_taken":0,"max_hp_gain":0,"max_hp_loss":0,"event_name":"Masked Bandits","floor":21,"gold_loss":0},{"damage_healed":0,"gold_gain":0,"player_choice":"Opened","damage_taken":0,"relics_obtained":["Blue Candle"],"max_hp_gain":0,"max_hp_loss":0,"event_name":"The Mausoleum","floor":25,"gold_loss":0,"cards_obtained":["Writhe"]},{"cards_removed":["Strike_R"],"damage_healed":0,"gold_gain":0,"player_choice":"Gave Gold","damage_taken":0,"max_hp_gain":0,"max_hp_loss":0,"event_name":"Beggar","floor":28,"gold_loss":75},{"damage_healed":0,"gold_gain":0,"player_choice":"Bet on Murderer","damage_taken":0,"max_hp_gain":0,"max_hp_loss":0,"event_name":"The Joust","floor":30,"gold_loss":50}],"is_beta":false,"boss_relics":[{"not_picked":["Runic Cube","Eternal Feather"],"picked":"Runic Dome"}],"items_purged_floors":[13,19],"is_endless":false,"potions_floor_spawned":[4,8,16,18,21,24],"killed_by":"Automaton","ascension_level":20}