{"gold_per_floor":[118,137,148,39,53,53,81,98,98,98,115,115,140,150,150,251,251,261,0,0,20,20,52,52,72,72,72,103,103,121,63,63,162,162,173,173,173,173,187,187,199,199,199,213,213,229,245,245],"floor_reached":48,"playtime":3660,"items_purged":["Strike_G"],"score":750,"play_id":"db3c40ba-eb60-4511-8c17-17acddd2ec8c","local_time":"20190427180401","is_ascension_mode":true,"campfire_choices":[{"data":"Dash","floor":6.0,"key":"SMITH"},{"floor":10.0,"key":"REST"},{"floor":15.0,"key":"REST"},{"floor":24.0,"key":"REST"},{"data":"Sucker Punch","floor":27.0,"key":"SMITH"},{"data":"Sucker Punch","floor":29.0,"key":"SMITH"},{"floor":32.0,"key":"REST"},{"data":"Accuracy","floor":40.0,"key":"SMITH"},{"floor":45.0,"key":"REST"}],"neow_cost":"NONE","seed_source_timestamp":0,"circlet_count":0,"master_deck":["AscendersBane","Defend_G","Defend_G","Defend_G","Defend_G","Defend_G","Strike_G","Strike_G","Strike_G","Strike_G","Survivor","Neutralize","Sucker Punch+1","Flying Knee","Dash+1","Cloak And Dagger","Storm of Steel","Crippling Poison","Concentrate","Corpse Explosion","Sucker Punch+1","Tools of the Trade","Underhanded Strike","Dash","Accuracy+1","Tools of the Trade","Madness","Madness","Leg Sweep+1","Blade Dance+1","Dash+1","Escape Plan"],"special_seed":0,"relics":["Runic Pyramid","Oddly Smooth Stone","Bag of Preparation","Happy Flower","Busted Crown","Ninja Scroll","The Courier","Orichalcum","Eternal Feather","Bottled Lightning"],"potions_floor_usage":[48],"damage_taken":[{"damage":0.0,"enemies":"Cultist","floor":1.0,"turns":4.0},{"damage":5.0,"enemies":"Small Slimes","floor":2.0,"turns":4.0},{"damage":0.0,"enemies":"Jaw Worm","floor":3.0,"turns":4.0},{"damage":0.0,"enemies":"2 Fungi Beasts","floor":5.0,"turns":4.0},{"damage":25.0,"enemies":"Gremlin Nob","floor":7.0,"turns":6.0},{"damage":9.0,"enemies":"Exordium Thugs","floor":8.0,"turns":6.0},{"damage":0.0,"enemies":"Large Slime","floor":11.0,"turns":6.0},{"damage":2.0,"enemies":"Lagavulin","floor":13.0,"turns":7.0},{"damage":7.0,"enemies":"Lots of Slimes","floor":14.0,"turns":5.0},{"damage":29.0,"enemies":"Slime Boss","floor":16.0,"turns":15.0},{"damage":1.0,"enemies":"Spheric Guardian","floor":18.0,"turns":5.0},{"damage":0.0,"enemies":"3 Byrds","floor":21.0,"turns":4.0},{"damage":25.0,"enemies":"Slavers","floor":23.0,"turns":4.0},{"damage":0.0,"enemies":"3 Cultists","floor":25.0,"turns":2.0},{"damage":12.0,"enemies":"Gremlin Leader","floor":28.0,"turns":8.0},{"damage":29.0,"enemies":"Shelled Parasite and Fungi","floor":30.0,"turns":5.0},{"damage":23.0,"enemies":"Collector","floor":33.0,"turns":16.0},{"damage":2.0,"enemies":"3 Shapes","floor":35.0,"turns":6.0},{"damage":14.0,"enemies":"3 Darklings","floor":39.0,"turns":3.0},{"damage":0.0,"enemies":"Jaw Worm Horde","floor":41.0,"turns":2.0},{"damage":26.0,"enemies":"Sphere and 2 Shapes","floor":44.0,"turns":5.0},{"damage":0.0,"enemies":"3 Darklings","floor":46.0,"turns":3.0},{"damage":50.0,"enemies":"Transient","floor":47.0,"turns":5.0},{"damage":9,"enemies":"Jaw Worm Horde","floor":48,"turns":2}],"seed_played":"-5901556657341176756","potions_obtained":[{"floor":1.0,"key":"Poison Potion"},{"floor":3.0,"key":"Strength Potion"},{"floor":5.0,"key":"EssenceOfSteel"},{"floor":22.0,"key":"Dexterity Potion"},{"floor":39.0,"key":"Fire Potion"},{"floor":47.0,"key":"Weak Potion"}],"is_trial":false,"path_per_floor":["M","M","M","$","M","R","E","M","T","R","M","$","E","M","R","B",null,"M","?","$","M","?","E","R","M","T","R","E","R","M","$","R","B",null,"M","?","?","$","M","R","M","?","T","M","R","M","M","M"],"character_chosen":"THE_SILENT","items_purchased":["Dash","Accuracy"],"campfire_rested":5,"item_purchase_floors":[4,31],"current_hp_per_floor":[63,58,58,58,58,58,33,24,24,45,45,45,43,36,57,28,60,59,59,59,59,59,34,55,55,55,55,43,43,14,14,35,12,56,54,45,45,45,31,46,46,46,46,20,59,59,9,0],"gold":245,"neow_bonus":"BOSS_RELIC","is_prod":false,"is_daily":false,"chose_seed":false,"campfire_upgraded":4,"win_rate":0,"timestamp":1556359441,"path_taken":["M","M","M","?","M","R","E","M","T","R","M","$","E","M","R","BOSS","M","?","$","M","?","E","R","M","T","R","E","R","?","$","R","BOSS","M","?","?","$","?","R","M","?","T","?","R","?","M","M"],"build_version":"2019-01-23","purchased_purges":1,"victory":false,"max_hp_per_floor":[70,70,70,70,70,70,70,70,70,70,70,70,70,70,70,70,70,70,70,70,70,70,70,70,70,70,70,70,70,70,70,70,70,70,70,70,70,70,70,70,70,70,70,70,70,70,70,70],"card_choices":[{"not_picked":["Endless Agony","Bane","Outmaneuver"],"picked":"SKIP","floor":1.0},{"not_picked":["Quick Slash","Blade Dance"],"picked":"Sucker Punch","floor":2.0},{"not_picked":["Prepared","Underhanded Strike"],"picked":"Flying Knee","floor":3.0},{"not_picked":["Expertise","Infinite Blades"],"picked":"Cloak And Dagger","floor":5.0},{"not_picked":["Catalyst","Bouncing Flask"],"picked":"Storm of Steel","floor":7.0},{"not_picked":["Blade Dance","Distraction"],"picked":"Deadly Poison","floor":8.0},{"not_picked":["Bane","Blur"],"picked":"Crippling Poison","floor":11.0},{"not_picked":["Well Laid Plans","Burst"],"picked":"Concentrate","floor":13.0},{"not_picked":["Expertise","Poisoned Stab","Backflip"],"picked":"SKIP","floor":14.0},{"not_picked":["Tools of the Trade","Storm of Steel"],"picked":"Corpse Explosion","floor":16.0},{"not_picked":["Outmaneuver"],"picked":"SKIP","floor":18.0},{"not_picked":[],"picked":"Sucker Punch","floor":21.0},{"not_picked":[],"picked":"Tools of the Trade","floor":23.0},{"not_picked":[],"picked":"Underhanded Strike","floor":25.0},{"not_picked":["Dagger Spray"],"picked":"SKIP","floor":28.0},{"not_picked":[],"picked":"Dash","floor":30.0},{"not_picked":[],"picked":"Tools of the Trade","floor":33.0},{"not_picked":["Well Laid Plans+1"],"picked":"SKIP","floor":35.0},{"not_picked":[],"picked":"Leg Sweep+1","floor":39.0},{"not_picked":[],"picked":"Blade Dance+1","floor":41.0},{"not_picked":[],"picked":"Dash+1","floor":44.0},{"not_picked":[],"picked":"Escape Plan","floor":46.0},{"not_picked":["Slice"],"picked":"SKIP","floor":47.0}],"player_experience":722052,"relics_obtained":[{"floor":7.0,"key":"Oddly Smooth Stone"},{"floor":9.0,"key":"Bag of Preparation"},{"floor":13.0,"key":"Happy Flower"},{"floor":23.0,"key":"Ninja Scroll"},{"floor":26.0,"key":"The Courier"},{"floor":28.0,"key":"Orichalcum"},{"floor":43.0,"key":"Bottled Lightning"}],"event_choices":[{"damage_healed":0.0,"max_hp_gain":0.0,"max_hp_loss":0.0,"gold_gain":0.0,"event_name":"Masked Bandits","player_choice":"Paid Fearfully","floor":19.0,"gold_loss":261.0,"damage_taken":0.0},{"damage_healed":0.0,"max_hp_gain":0.0,"max_hp_loss":0.0,"gold_gain":0.0,"event_name":"Lab","player_choice":"Got Potions","floor":22.0,"gold_loss":0.0,"damage_taken":0.0},{"damage_healed":0.0,"max_hp_gain":0.0,"max_hp_loss":0.0,"gold_gain":0.0,"event_name":"Winding Halls","player_choice":"Embrace Madness","floor":36.0,"gold_loss":0.0,"damage_taken":9.0,"cards_obtained":["Madness","Madness"]},{"cards_removed":["Deadly Poison"],"damage_healed":0.0,"max_hp_gain":0.0,"max_hp_loss":0.0,"gold_gain":0.0,"event_name":"Falling","player_choice":"Removed Skill","floor":37.0,"gold_loss":0.0,"damage_taken":0.0},{"damage_healed":0.0,"max_hp_gain":0.0,"max_hp_loss":0.0,"gold_gain":0.0,"event_name":"SecretPortal","player_choice":"Ignored","floor":42.0,"gold_loss":0.0,"damage_taken":0.0}],"is_beta":false,"boss_relics":[{"not_picked":["Empty Cage","Philosopher\u0027s Stone"],"picked":"Busted Crown"},{"not_picked":["Lizard Tail","Runic Dome"],"picked":"Eternal Feather"}],"items_purged_floors":[4],"is_endless":false,"potions_floor_spawned":[1,3,5,11,18,28,39,47],"killed_by":"Jaw Worm Horde","ascension_level":11}