{"gold_per_floor":[118,133,145,155,155,182,182,196,250,264,264,280,280,293,293,369,369,380,399,399],"floor_reached":20,"playtime":872,"items_purged":[],"score":360,"play_id":"4f09388f-f594-4380-8d48-cf6e765d9c61","local_time":"20190206132214","is_ascension_mode":true,"campfire_choices":[{"data":"Consume","floor":7,"key":"SMITH"},{"floor":13,"key":"REST"},{"floor":15,"key":"REST"}],"neow_cost":"TEN_PERCENT_HP_LOSS","seed_source_timestamp":68635817612700,"circlet_count":0,"master_deck":["AscendersBane","Strike_B+1","Strike_B","Strike_B+1","Defend_B","Defend_B","Zap","Dualcast","Stack","Streamline","Gash","Consume+1","White Noise","Coolheaded","Seek","Defragment+1","Reboot","Glacier"],"relics":["FrozenCore","Frozen Egg 2","Whetstone"],"potions_floor_usage":[6,16,16,18],"damage_taken":[{"damage":7,"enemies":"2 Louse","floor":1,"turns":2},{"damage":1,"enemies":"Cultist","floor":2,"turns":3},{"damage":0,"enemies":"Small Slimes","floor":3,"turns":2},{"damage":13,"enemies":"Red Slaver","floor":4,"turns":3},{"damage":11,"enemies":"Gremlin Nob","floor":6,"turns":3},{"damage":8,"enemies":"Large Slime","floor":8,"turns":4},{"damage":12,"enemies":"Lots of Slimes","floor":10,"turns":4},{"damage":6,"enemies":"Blue Slaver","floor":12,"turns":3},{"damage":9,"enemies":"3 Louse","floor":14,"turns":3},{"damage":28,"enemies":"Slime Boss","floor":16,"turns":15},{"damage":25,"enemies":"2 Thieves","floor":18,"turns":4},{"damage":5,"enemies":"Spheric Guardian","floor":19,"turns":8},{"damage":22,"enemies":"Colosseum Slavers","floor":20,"turns":1}],"seed_played":"-2192504723917879036","potions_obtained":[{"floor":1,"key":"AttackPotion"},{"floor":6,"key":"PowerPotion"},{"floor":10,"key":"Poison Potion"},{"floor":16,"key":"AttackPotion"},{"floor":19,"key":"Energy Potion"}],"is_trial":false,"path_per_floor":["M","M","M","M","?","E","R","M","T","M","?","M","R","M","R","B",null,"M","M","?"],"character_chosen":"DEFECT","items_purchased":[],"campfire_rested":2,"item_purchase_floors":[],"current_hp_per_floor":[57,56,56,43,43,32,32,24,24,12,12,6,25,16,35,7,50,25,20,0],"gold":399,"neow_bonus":"TRANSFORM_TWO_CARDS","is_prod":false,"is_daily":false,"chose_seed":false,"campfire_upgraded":1,"win_rate":0,"timestamp":1549426934,"path_taken":["M","M","M","M","?","E","R","?","T","?","?","?","R","M","R","BOSS","M","M","?"],"build_version":"2019-01-23","purchased_purges":0,"victory":false,"max_hp_per_floor":[64,64,64,64,64,64,64,64,64,64,64,64,64,64,64,64,64,64,64,64],"card_choices":[{"not_picked":["Recycle","Sweeping Beam","Go for the Eyes"],"picked":"SKIP","floor":1},{"not_picked":["Leap","Conserve Battery","Streamline"],"picked":"SKIP","floor":2},{"not_picked":["Fusion","Stack"],"picked":"Gash","floor":3},{"not_picked":["Ball Lightning","Conserve Battery"],"picked":"Consume","floor":4},{"not_picked":["Meteor Strike","Gash"],"picked":"Coolheaded","floor":6},{"not_picked":["Steam","Hologram","Static Discharge+1"],"picked":"SKIP","floor":8},{"not_picked":["Rebound","Recycle"],"picked":"Seek","floor":10},{"not_picked":["Chill","Stack"],"picked":"Defragment+1","floor":12},{"not_picked":["Auto Shields","Sunder","Compile Driver"],"picked":"SKIP","floor":14},{"not_picked":["Auto Shields","Sunder","Compile Driver"],"picked":"SKIP","floor":14},{"not_picked":["Seek","Hyperbeam"],"picked":"Reboot","floor":16},{"not_picked":["Fusion+1","Conserve Battery"],"picked":"Glacier","floor":18},{"not_picked":["Compile Driver","Leap","Force Field"],"picked":"SKIP","floor":19}],"player_experience":1403741,"relics_obtained":[{"floor":6,"key":"Frozen Egg 2"},{"floor":9,"key":"Whetstone"}],"event_choices":[{"damage_healed":0,"gold_gain":0,"player_choice":"1 cards matched","damage_taken":0,"max_hp_gain":0,"max_hp_loss":0,"event_name":"Match and Keep!","floor":5,"gold_loss":0,"cards_obtained":["White Noise"]},{"cards_removed":["Defend_B"],"damage_healed":0,"gold_gain":0,"player_choice":"Card Removal","damage_taken":0,"max_hp_gain":0,"max_hp_loss":0,"event_name":"Wheel of Change","floor":11,"gold_loss":0},{"damage_healed":0,"gold_gain":0,"player_choice":"Fight","damage_taken":0,"max_hp_gain":0,"max_hp_loss":0,"event_name":"Colosseum","floor":20,"gold_loss":0}],"is_beta":false,"boss_relics":[{"not_picked":["Coffee Dripper","Empty Cage"],"picked":"FrozenCore"}],"items_purged_floors":[],"is_endless":false,"potions_floor_spawned":[1,6,10,16,19],"killed_by":"Colosseum Slavers","ascension_level":20}