{"gold_per_floor":[114,114,130,147,17,42,42,42,42,55,68,99,99,99,99,175,175,189,199,219,219,48,81,92,92,92,92,367,378,389,1,1,74,74,90,135,51,51,51,51,81,81,126,160,178,228,263,273,273,273,273],"floor_reached":51,"playtime":2867,"items_purged":["Pain","Regret"],"score":1576,"play_id":"73f7a1e8-35be-4b19-a1b6-dd0846689679","local_time":"20190215125326","is_ascension_mode":true,"campfire_choices":[{"floor":8,"key":"REST"},{"data":"Buffer","floor":13,"key":"SMITH"},{"floor":15,"key":"REST"},{"data":"Electrodynamics","floor":25,"key":"SMITH"},{"data":"Seek","floor":27,"key":"SMITH"},{"data":"Ghostly","floor":32,"key":"SMITH"},{"data":"Ghostly","floor":40,"key":"SMITH"},{"data":"Capacitor","floor":42,"key":"SMITH"},{"data":"1","floor":49,"key":"LIFT"}],"neow_cost":"TEN_PERCENT_HP_LOSS","seed_source_timestamp":94812320771500,"circlet_count":0,"master_deck":["AscendersBane","Strike_B+1","Defend_B","Defend_B","Defend_B","Defend_B","Zap","Dualcast","Coolheaded","Rip and Tear+1","Buffer+1","Sunder+1","Coolheaded","Electrodynamics+1","Ball Lightning+1","Hologram+1","Seek+1","Ghostly+1","Ghostly+1","Ghostly+1","Bandage Up+1","Chill","Beam Cell+1","Buffer+1","Core Surge+1","Hologram+1","Self Repair+1","Cold Snap+1","Capacitor+1","Amplify","Chill","Barrage+1","Barrage+1"],"relics":["Cracked Core","Ginger","Matryoshka","WarpedTongs","Orichalcum","Molten Egg 2","Mummified Hand","CultistMask","Coffee Dripper","Whetstone","Pen Nib","War Paint","Lee\u0027s Waffle","Astrolabe","Girya","Ancient Tea Set","Question Card","Smiling Mask"],"potions_floor_usage":[6,16,20,29,50,50],"damage_taken":[{"damage":9,"enemies":"Jaw Worm","floor":1,"turns":4},{"damage":1,"enemies":"Cultist","floor":3,"turns":3},{"damage":0,"enemies":"2 Louse","floor":4,"turns":2},{"damage":8,"enemies":"Lagavulin","floor":6,"turns":7},{"damage":14,"enemies":"Exordium Thugs","floor":10,"turns":6},{"damage":6,"enemies":"Gremlin Gang","floor":11,"turns":4},{"damage":15,"enemies":"3 Sentries","floor":12,"turns":5},{"damage":29,"enemies":"The Guardian","floor":16,"turns":17},{"damage":13,"enemies":"2 Thieves","floor":18,"turns":3},{"damage":19,"enemies":"Shell Parasite","floor":19,"turns":5},{"damage":13,"enemies":"Centurion and Healer","floor":20,"turns":3},{"damage":5,"enemies":"Gremlin Leader","floor":23,"turns":7},{"damage":0,"enemies":"Sentry and Sphere","floor":24,"turns":5},{"damage":1,"enemies":"Chosen and Byrds","floor":29,"turns":5},{"damage":0,"enemies":"Snecko","floor":30,"turns":4},{"damage":7,"enemies":"Automaton","floor":33,"turns":12},{"damage":1,"enemies":"3 Darklings","floor":35,"turns":5},{"damage":0,"enemies":"2 Orb Walkers","floor":36,"turns":6},{"damage":35,"enemies":"Giant Head","floor":41,"turns":11},{"damage":0,"enemies":"Reptomancer","floor":44,"turns":10},{"damage":6,"enemies":"3 Shapes","floor":45,"turns":2},{"damage":0,"enemies":"Nemesis","floor":47,"turns":7},{"damage":0,"enemies":"Spire Growth","floor":48,"turns":6},{"damage":18,"enemies":"Time Eater","floor":50,"turns":11},{"damage":34,"enemies":"Donu and Deca","floor":51,"turns":11}],"seed_played":"7631970454917056226","potions_obtained":[{"floor":6,"key":"Dexterity Potion"},{"floor":10,"key":"LiquidBronze"},{"floor":16,"key":"Block Potion"},{"floor":30,"key":"AttackPotion"},{"floor":36,"key":"SteroidPotion"},{"floor":45,"key":"GamblersBrew"}],"is_trial":false,"path_per_floor":["M","?","M","M","$","E","?","R","T","M","M","E","R","?","R","B",null,"M","M","M","?","$","E","M","R","T","R","?","M","M","$","R","B",null,"M","?","$","$","?","R","E","R","T","E","M","?","E","M","R","B","B"],"character_chosen":"DEFECT","items_purchased":["PowerPotion","Rip and Tear","Bandage Up","Lee\u0027s Waffle","Beam Cell+1","Capacitor"],"campfire_rested":2,"item_purchase_floors":[5,5,22,31,31,37],"current_hp_per_floor":[55,55,54,54,54,46,46,64,64,50,44,29,29,29,48,19,53,40,21,8,8,8,7,11,11,11,11,11,16,22,39,39,38,39,39,39,39,39,37,37,18,18,18,34,37,37,37,37,37,35,3],"gold":273,"neow_bonus":"ONE_RARE_RELIC","is_prod":false,"is_daily":false,"chose_seed":false,"campfire_upgraded":6,"win_rate":0,"timestamp":1550202806,"path_taken":["M","?","?","?","$","E","?","R","T","?","?","E","R","?","R","BOSS","M","?","M","?","$","E","M","R","T","R","?","?","M","$","R","BOSS","M","?","?","$","?","R","E","R","T","E","M","?","E","?","R","BOSS","BOSS"],"build_version":"2019-01-23","purchased_purges":2,"victory":false,"max_hp_per_floor":[64,64,64,64,64,64,64,64,64,64,64,64,64,64,64,64,64,64,64,64,32,32,32,32,32,32,32,32,32,32,39,39,39,39,39,39,39,39,37,37,37,37,37,37,37,37,37,37,37,37,37],"card_choices":[{"not_picked":["Rebound","Hologram","Steam"],"picked":"SKIP","floor":1},{"not_picked":["Compile Driver","Barrage"],"picked":"Coolheaded","floor":3},{"not_picked":["Steam","Leap","Auto Shields"],"picked":"SKIP","floor":4},{"not_picked":["Go for the Eyes","Stack"],"picked":"Buffer","floor":6},{"not_picked":["Compile Driver+1","Redo","Barrage+1"],"picked":"SKIP","floor":10},{"not_picked":["Ball Lightning+1","Loop"],"picked":"Sunder+1","floor":11},{"not_picked":["Chill","Beam Cell+1"],"picked":"Coolheaded","floor":12},{"not_picked":["Meteor Strike+1","Rainbow"],"picked":"Electrodynamics","floor":16},{"not_picked":["Heatsinks","Skim"],"picked":"Ball Lightning+1","floor":18},{"not_picked":["Go for the Eyes+1","Steam"],"picked":"Hologram+1","floor":19},{"not_picked":["Hologram","White Noise"],"picked":"Seek","floor":20},{"not_picked":["Scrape+1","White Noise+1"],"picked":"Chill","floor":23},{"not_picked":["Conserve Battery","Streamline+1","Force Field"],"picked":"SKIP","floor":24},{"not_picked":["Steam","Rebound+1","Fusion"],"picked":"SKIP","floor":29},{"not_picked":["Steam","Go for the Eyes+1","Darkness"],"picked":"SKIP","floor":30},{"not_picked":["Ball Lightning+1","Coolheaded"],"picked":"Self Repair+1","floor":35},{"not_picked":["Storm","Conserve Battery+1"],"picked":"Cold Snap+1","floor":36},{"not_picked":["Electrodynamics","Coolheaded"],"picked":"Amplify","floor":41},{"not_picked":["Go for the Eyes+1","FTL+1"],"picked":"Chill","floor":44},{"not_picked":["Ball Lightning+1","Leap","Genetic Algorithm","Compile Driver+1"],"picked":"SKIP","floor":45},{"not_picked":["Undo","Seek","Sweeping Beam+1"],"picked":"Barrage+1","floor":47},{"not_picked":["Genetic Algorithm","Reprogram+1","Steam"],"picked":"Barrage+1","floor":48}],"player_experience":1584943,"relics_obtained":[{"floor":6,"key":"Matryoshka"},{"floor":9,"key":"Orichalcum"},{"floor":9,"key":"Molten Egg 2"},{"floor":12,"key":"Mummified Hand"},{"floor":23,"key":"Whetstone"},{"floor":26,"key":"Pen Nib"},{"floor":26,"key":"War Paint"},{"floor":36,"key":"Girya"},{"floor":41,"key":"Ancient Tea Set"},{"floor":44,"key":"Question Card"},{"floor":47,"key":"Smiling Mask"}],"event_choices":[{"damage_healed":0,"gold_gain":0,"player_choice":"0 cards matched","damage_taken":0,"max_hp_gain":0,"max_hp_loss":0,"event_name":"Match and Keep!","floor":2,"gold_loss":0,"cards_obtained":[]},{"damage_healed":0,"gold_gain":0,"player_choice":"Rummage","damage_taken":0,"relics_obtained":["WarpedTongs"],"max_hp_gain":0,"max_hp_loss":0,"event_name":"Accursed Blacksmith","floor":7,"gold_loss":0,"cards_obtained":["Pain"]},{"damage_healed":0,"gold_gain":0,"player_choice":"Trade","damage_taken":0,"relics_obtained":["CultistMask"],"max_hp_gain":0,"max_hp_loss":0,"event_name":"FaceTrader","floor":14,"gold_loss":0},{"damage_healed":0,"gold_gain":0,"player_choice":"Became a Ghost","damage_taken":0,"max_hp_gain":0,"max_hp_loss":32,"event_name":"Ghosts","floor":21,"gold_loss":0,"cards_obtained":["Ghostly","Ghostly","Ghostly"]},{"damage_healed":0,"gold_gain":275,"player_choice":"Desecrate","damage_taken":0,"max_hp_gain":0,"max_hp_loss":0,"event_name":"Golden Shrine","floor":28,"gold_loss":0,"cards_obtained":["Regret"]},{"damage_healed":0,"gold_gain":0,"player_choice":"Fight","damage_taken":0,"max_hp_gain":0,"max_hp_loss":0,"event_name":"Mysterious Sphere","floor":36,"gold_loss":0},{"damage_healed":0,"gold_gain":0,"player_choice":"Max HP","damage_taken":0,"max_hp_gain":0,"max_hp_loss":2,"event_name":"Winding Halls","floor":39,"gold_loss":0},{"damage_healed":0,"gold_gain":50,"player_choice":"Pray","damage_taken":0,"max_hp_gain":0,"max_hp_loss":0,"event_name":"Golden Shrine","floor":46,"gold_loss":0}],"is_beta":false,"boss_relics":[{"not_picked":["Nuclear Battery","Black Star"],"picked":"Coffee Dripper"},{"not_picked":["Eternal Feather","Runic Dome"],"picked":"Astrolabe"}],"items_purged_floors":[22,31],"is_endless":false,"potions_floor_spawned":[6,10,16,18,30,36,41,45],"killed_by":"Donu and Deca","ascension_level":20}