{"gold_per_floor":[19,94,112,112,125,125,125,155,182,16,16,36,36,55,55,152,152,162,162,162,173,173,173,206,206,260,273,273,342,1,18,18,115,115,135,235,235,248,248,248,273,273,273,292,292,35,35,49,49,49],"floor_reached":51,"playtime":1870,"items_purged":["Writhe","Defend_B"],"score":873,"play_id":"c75484bb-1e53-465e-bd4c-74c37369b828","local_time":"20190216125320","is_ascension_mode":true,"campfire_choices":[{"data":"Zap","floor":6,"key":"SMITH"},{"data":"Discovery","floor":11,"key":"SMITH"},{"data":"Beam Cell","floor":13,"key":"SMITH"},{"floor":15,"key":"REST"},{"data":"Creative AI","floor":23,"key":"SMITH"},{"data":"Streamline","floor":25,"key":"SMITH"},{"data":"Apotheosis","floor":32,"key":"SMITH"},{"data":"Defragment","floor":40,"key":"SMITH"},{"floor":45,"key":"REST"},{"data":"Loop","floor":47,"key":"SMITH"},{"floor":49,"key":"REST"}],"neow_cost":"NO_GOLD","seed_source_timestamp":182198922462300,"circlet_count":0,"master_deck":["Strike_B","Defend_B","Defend_B+1","Zap+1","Dualcast","FTL","Fusion","Cold Snap+1","FTL","Reinforced Body","Beam Cell+1","Discovery+1","Chill","Coolheaded","Creative AI+1","Glacier","Loop","Fusion","Conserve Battery","Streamline+1","Chill","Apotheosis+1","Loop+1","Creative AI","Hologram","Dark Shackles","Defragment+1","Conserve Battery+1","Cold Snap+1"],"relics":["Cracked Core","Regal Pillow","Blood Vial","Busted Crown","Oddly Smooth Stone","Bag of Preparation","Lantern","Anchor","Pantograph","Runic Dome","Girya","Ancient Tea Set","Kunai","Orichalcum"],"potions_floor_usage":[24,50,50],"damage_taken":[{"damage":4,"enemies":"2 Louse","floor":1,"turns":2},{"damage":0,"enemies":"Small Slimes","floor":3,"turns":2},{"damage":5,"enemies":"Jaw Worm","floor":5,"turns":2},{"damage":19,"enemies":"3 Sentries","floor":8,"turns":7},{"damage":0,"enemies":"Exordium Wildlife","floor":12,"turns":3},{"damage":9,"enemies":"Large Slime","floor":14,"turns":4},{"damage":15,"enemies":"Hexaghost","floor":16,"turns":12},{"damage":9,"enemies":"Spheric Guardian","floor":18,"turns":5},{"damage":0,"enemies":"Colosseum Slavers","floor":19,"turns":5},{"damage":31,"enemies":"Chosen","floor":21,"turns":5},{"damage":0,"enemies":"Slavers","floor":24,"turns":8},{"damage":0,"enemies":"Centurion and Healer","floor":27,"turns":7},{"damage":0,"enemies":"Snake Plant","floor":31,"turns":5},{"damage":0,"enemies":"Champ","floor":33,"turns":14},{"damage":0,"enemies":"3 Shapes","floor":35,"turns":5},{"damage":0,"enemies":"Mind Bloom Boss Battle","floor":36,"turns":8},{"damage":0,"enemies":"Orb Walker","floor":38,"turns":4},{"damage":53,"enemies":"Reptomancer","floor":41,"turns":9},{"damage":0,"enemies":"4 Shapes","floor":44,"turns":5},{"damage":9,"enemies":"Spire Growth","floor":48,"turns":5},{"damage":4,"enemies":"Time Eater","floor":50,"turns":11}],"seed_played":"-6024800099880981408","potions_obtained":[{"floor":12,"key":"Ancient Potion"},{"floor":16,"key":"FocusPotion"},{"floor":27,"key":"Energy Potion"},{"floor":31,"key":"FocusPotion"}],"is_trial":false,"path_per_floor":["M","?","M","?","M","R","?","E","T","$","R","M","R","M","R","B",null,"M","?","T","M","?","R","E","R","T","M","?","T","$","M","R","B",null,"M","?","?","M","?","R","E","?","T","M","R","$","R","M","R","B",null],"character_chosen":"DEFECT","items_purchased":["Discovery","Chill","Apotheosis","Loop","Orichalcum"],"campfire_rested":3,"item_purchase_floors":[10,10,30,30,46],"current_hp_per_floor":[71,60,60,60,55,55,40,21,21,21,21,23,23,16,53,40,75,66,68,68,39,39,39,41,41,41,43,43,43,43,45,45,72,75,75,75,65,67,67,67,16,16,16,18,55,55,55,48,75,71],"gold":49,"neow_bonus":"TRANSFORM_TWO_CARDS","is_prod":false,"is_daily":false,"chose_seed":false,"campfire_upgraded":8,"win_rate":0,"timestamp":1550289200,"path_taken":["M","?","M","?","M","R","?","E","T","$","R","M","R","M","R","BOSS","M","?","?","M","?","R","E","R","T","M","?","?","$","M","R","BOSS","M","?","?","M","?","R","E","?","T","?","R","?","R","M","R","BOSS"],"build_version":"2019-01-23","purchased_purges":2,"victory":true,"max_hp_per_floor":[75,75,75,75,75,75,75,75,75,75,75,75,75,75,75,75,75,75,75,75,75,75,75,75,75,75,75,75,75,75,75,75,75,75,75,75,75,75,75,75,75,75,75,75,75,75,75,75,75,75],"card_choices":[{"not_picked":["Beam Cell","Darkness"],"picked":"Cold Snap","floor":1},{"not_picked":["Ball Lightning","Redo"],"picked":"FTL","floor":3},{"not_picked":["Redo","Leap"],"picked":"Reinforced Body","floor":5},{"not_picked":["Rainbow","Doom and Gloom"],"picked":"Beam Cell","floor":8},{"not_picked":["Lockon","Tempest","Redo"],"picked":"SKIP","floor":12},{"not_picked":["Tempest","Ball Lightning"],"picked":"Coolheaded","floor":14},{"not_picked":["Echo Form","Multi-Cast"],"picked":"Creative AI","floor":16},{"not_picked":[],"picked":"Glacier","floor":18},{"not_picked":[],"picked":"Loop","floor":21},{"not_picked":[],"picked":"Streamline","floor":24},{"not_picked":[],"picked":"Chill","floor":27},{"not_picked":["Steam"],"picked":"SKIP","floor":31},{"not_picked":[],"picked":"Creative AI","floor":33},{"not_picked":[],"picked":"Hologram","floor":35},{"not_picked":[],"picked":"BootSequence+1","floor":36},{"not_picked":[],"picked":"Dark Shackles","floor":37},{"not_picked":[],"picked":"Defragment","floor":38},{"not_picked":["Storm"],"picked":"SKIP","floor":41},{"not_picked":[],"picked":"Conserve Battery+1","floor":44},{"not_picked":[],"picked":"Cold Snap+1","floor":48}],"player_experience":69209,"relics_obtained":[{"floor":8,"key":"Regal Pillow"},{"floor":9,"key":"Blood Vial"},{"floor":20,"key":"Oddly Smooth Stone"},{"floor":24,"key":"Bag of Preparation"},{"floor":26,"key":"Lantern"},{"floor":29,"key":"Pantograph"},{"floor":36,"key":"Girya"},{"floor":41,"key":"Ancient Tea Set"},{"floor":43,"key":"Kunai"}],"event_choices":[{"damage_healed":0,"gold_gain":75,"player_choice":"Gather Gold","damage_taken":11,"max_hp_gain":0,"max_hp_loss":0,"event_name":"World of Goop","floor":2,"gold_loss":0},{"damage_healed":0,"gold_gain":0,"player_choice":"Ignored","damage_taken":0,"max_hp_gain":0,"max_hp_loss":0,"event_name":"Liars Game","floor":4,"gold_loss":0},{"damage_healed":0,"gold_gain":0,"player_choice":"Entered Light","damage_taken":15,"max_hp_gain":0,"max_hp_loss":0,"event_name":"Shining Light","floor":7,"gold_loss":0,"cards_upgraded":["Defend_B","Cold Snap"]},{"damage_healed":0,"gold_gain":0,"player_choice":"Fight","damage_taken":0,"max_hp_gain":0,"max_hp_loss":0,"event_name":"Colosseum","floor":19,"gold_loss":0},{"damage_healed":0,"gold_gain":0,"player_choice":"Fled From Nobs","damage_taken":0,"max_hp_gain":0,"max_hp_loss":0,"event_name":"Colosseum","floor":19,"gold_loss":0},{"damage_healed":0,"gold_gain":0,"cards_transformed":["Strike_B","Strike_B"],"player_choice":"Became Test Subject","damage_taken":0,"max_hp_gain":0,"max_hp_loss":0,"event_name":"Drug Dealer","floor":22,"gold_loss":0,"cards_obtained":["Fusion","Conserve Battery"]},{"damage_healed":0,"gold_gain":0,"player_choice":"Opened","damage_taken":0,"relics_obtained":["Anchor"],"max_hp_gain":0,"max_hp_loss":0,"event_name":"The Mausoleum","floor":28,"gold_loss":0,"cards_obtained":["Writhe"]},{"damage_healed":0,"gold_gain":0,"player_choice":"Fight","damage_taken":0,"max_hp_gain":0,"max_hp_loss":0,"event_name":"MindBloom","floor":36,"gold_loss":0},{"damage_healed":0,"gold_gain":0,"player_choice":"Memory 3","damage_taken":10,"max_hp_gain":0,"max_hp_loss":0,"event_name":"SensoryStone","floor":37,"gold_loss":0},{"damage_healed":0,"gold_gain":0,"player_choice":"Ignored","damage_taken":0,"max_hp_gain":0,"max_hp_loss":0,"event_name":"Mysterious Sphere","floor":39,"gold_loss":0},{"cards_removed":["BootSequence"],"damage_healed":0,"gold_gain":0,"player_choice":"Removed Skill","damage_taken":0,"max_hp_gain":0,"max_hp_loss":0,"event_name":"Falling","floor":42,"gold_loss":0}],"is_beta":false,"boss_relics":[{"not_picked":["Ectoplasm","Calling Bell"],"picked":"Busted Crown"},{"not_picked":["Philosopher\u0027s Stone","Runic Pyramid"],"picked":"Runic Dome"}],"items_purged_floors":[30,46],"is_endless":false,"potions_floor_spawned":[12,16,19,27,31,36,44],"ascension_level":3}