{"gold_per_floor":[117,117,117,63,63,94,94,122,122,152,167,167,0,0,0,74,74,91,61,61,81,81,81,110,110,133,133,133,133,150,75,75,149,149,161,161,161,1160,979,1005,1019,1019,1019,499,514,514,514],"floor_reached":47,"playtime":1860,"items_purged":["Defend_R","Defend_R","Injury"],"score":1187,"play_id":"d2080fa4-5b45-4fc2-b9f3-08ae6fefcb67","local_time":"20190313162537","is_ascension_mode":true,"campfire_choices":[{"data":"Bash","floor":7,"key":"SMITH"},{"data":"Evolve","floor":12,"key":"SMITH"},{"data":"Entrench","floor":15,"key":"SMITH"},{"data":"Disarm","floor":23,"key":"SMITH"},{"data":"Impervious","floor":25,"key":"SMITH"},{"data":"Offering","floor":27,"key":"SMITH"},{"floor":32,"key":"REST"},{"floor":42,"key":"REST"},{"floor":46,"key":"REST"}],"neow_cost":"NONE","seed_source_timestamp":366428098497500,"circlet_count":0,"master_deck":["AscendersBane","Bash+1","Impervious+1","Evolve+1","Ghostly Armor","Rampage+1","Entrench+1","Offering+1","Body Slam+1","Disarm+1","Dropkick+1","Feed+1","Dual Wield","Deep Breath","Discovery","Purity","Flame Barrier+1"],"relics":["Burning Blood","NeowsBlessing","Juzu Bracelet","Paper Frog","Question Card","Shuriken","Molten Egg 2","Empty Cage","Omamori","Cursed Key","Whetstone","Strawberry","Oddly Smooth Stone"],"potions_floor_usage":[16,18,24,33,33,40,40,45],"damage_taken":[{"damage":0,"enemies":"2 Louse","floor":1,"turns":1},{"damage":0,"enemies":"Lagavulin","floor":6,"turns":1},{"damage":0,"enemies":"3 Sentries","floor":8,"turns":2},{"damage":35,"enemies":"Lagavulin","floor":10,"turns":6},{"damage":7,"enemies":"Small Slimes","floor":11,"turns":3},{"damage":0,"enemies":"Slime Boss","floor":16,"turns":14},{"damage":9,"enemies":"Chosen","floor":18,"turns":5},{"damage":20,"enemies":"Shell Parasite","floor":21,"turns":7},{"damage":23,"enemies":"Book of Stabbing","floor":24,"turns":5},{"damage":7,"enemies":"Snake Plant","floor":30,"turns":3},{"damage":28,"enemies":"Champ","floor":33,"turns":10},{"damage":6,"enemies":"3 Shapes","floor":35,"turns":3},{"damage":47,"enemies":"Reptomancer","floor":40,"turns":6},{"damage":13,"enemies":"Orb Walker","floor":41,"turns":4},{"damage":27,"enemies":"3 Darklings","floor":45,"turns":6},{"damage":49,"enemies":"Nemesis","floor":47,"turns":5}],"seed_played":"-347310433156951345","potions_obtained":[{"floor":10,"key":"PowerPotion"},{"floor":16,"key":"SkillPotion"},{"floor":19,"key":"Poison Potion"},{"floor":30,"key":"AttackPotion"},{"floor":33,"key":"SteroidPotion"},{"floor":41,"key":"LiquidBronze"}],"is_trial":false,"path_per_floor":["M","?","?","$","?","E","R","E","T","E","M","R","$","?","R","B",null,"M","?","$","M","?","R","E","R","T","R","$","?","M","$","R","B",null,"M","?","?","?","$","E","M","R","T","$","M","R","E"],"character_chosen":"IRONCLAD","items_purchased":["PowerPotion","Rampage+1","Entrench","Ancient Potion","Strawberry","Oddly Smooth Stone","SkillPotion"],"campfire_rested":3,"item_purchase_floors":[4,13,13,39,44,44,44],"current_hp_per_floor":[74,74,74,74,74,75,75,75,75,46,45,45,45,38,38,44,67,64,64,64,50,50,50,33,33,33,33,33,33,32,32,54,32,64,68,68,58,58,58,17,10,33,33,40,23,50,1],"gold":514,"neow_bonus":"THREE_ENEMY_KILL","is_prod":false,"is_daily":false,"chose_seed":false,"campfire_upgraded":6,"win_rate":0,"timestamp":1552461937,"path_taken":["M","?","?","$","?","E","R","E","T","E","M","R","$","?","R","BOSS","M","?","?","M","?","R","E","R","T","R","$","?","M","$","R","BOSS","M","?","?","?","?","E","M","R","T","$","M","R","E"],"build_version":"2019-01-23","purchased_purges":3,"victory":false,"max_hp_per_floor":[75,75,75,75,75,75,75,75,75,75,75,75,75,75,75,75,75,75,75,75,75,75,75,75,75,75,75,75,75,75,75,75,75,75,79,79,79,79,79,79,79,79,79,86,90,90,90],"card_choices":[{"not_picked":["Flex","Heavy Blade","Armaments"],"picked":"SKIP","floor":1},{"not_picked":["Pommel Strike","Warcry","Headbutt"],"picked":"SKIP","floor":6},{"not_picked":["Sever Soul","Entrench"],"picked":"Impervious","floor":8},{"not_picked":["Pommel Strike","Flex","Twin Strike"],"picked":"Evolve","floor":10},{"not_picked":["Pommel Strike+1","Heavy Blade+1","Flex"],"picked":"Ghostly Armor","floor":11},{"not_picked":["Double Tap","Exhume","Limit Break"],"picked":"Offering","floor":16},{"not_picked":["Flex","Iron Wave+1","Thunderclap+1","Havoc"],"picked":"SKIP","floor":18},{"not_picked":["Anger+1","Spot Weakness","Flex"],"picked":"Body Slam+1","floor":21},{"not_picked":["Limit Break","Carnage+1","Wild Strike+1","Flex"],"picked":"SKIP","floor":24},{"not_picked":["Havoc","Cleave+1","Battle Trance+1"],"picked":"Dropkick+1","floor":30},{"not_picked":["Offering","Reaper+1","Limit Break"],"picked":"Feed+1","floor":33},{"not_picked":["Iron Wave+1","Heavy Blade+1","Clothesline+1"],"picked":"Dual Wield","floor":35},{"not_picked":["Transmutation","Mind Blast+1","Enlightenment"],"picked":"Deep Breath","floor":37},{"not_picked":["Swift Strike+1","Good Instincts","Dramatic Entrance+1"],"picked":"Discovery","floor":37},{"not_picked":["Sadistic Nature","HandOfGreed+1","Mind Blast+1"],"picked":"Purity","floor":37},{"not_picked":["Body Slam+1","Sever Soul+1","Havoc+1"],"picked":"Flame Barrier+1","floor":40},{"not_picked":["Rupture","Wild Strike+1","Searing Blow+1","Iron Wave+1"],"picked":"SKIP","floor":41},{"not_picked":["Thunderclap+1","Headbutt+1","Metallicize","Uppercut+1"],"picked":"SKIP","floor":45}],"player_experience":2232774,"relics_obtained":[{"floor":6,"key":"Paper Frog"},{"floor":8,"key":"Question Card"},{"floor":9,"key":"Shuriken"},{"floor":10,"key":"Molten Egg 2"},{"floor":26,"key":"Omamori"},{"floor":40,"key":"Whetstone"}],"event_choices":[{"damage_healed":0,"gold_gain":0,"player_choice":"Box","damage_taken":0,"relics_obtained":["Juzu Bracelet"],"max_hp_gain":0,"max_hp_loss":0,"event_name":"Big Fish","floor":2,"gold_loss":0,"cards_obtained":["Regret"]},{"cards_removed":["Regret"],"damage_healed":0,"gold_gain":0,"player_choice":"Forget","damage_taken":0,"max_hp_gain":0,"max_hp_loss":0,"event_name":"Living Wall","floor":3,"gold_loss":0},{"cards_removed":["Strike_R"],"damage_healed":0,"gold_gain":0,"player_choice":"Offered Basic","damage_taken":0,"max_hp_gain":0,"max_hp_loss":0,"event_name":"Bonfire Elementals","floor":5,"gold_loss":0},{"cards_removed":["Strike_R"],"damage_healed":0,"gold_gain":0,"player_choice":"Card Removal","damage_taken":7,"max_hp_gain":0,"max_hp_loss":0,"event_name":"Golden Wing","floor":14,"gold_loss":0},{"damage_healed":0,"gold_gain":0,"player_choice":"Bought 2 Potions","damage_taken":0,"max_hp_gain":0,"max_hp_loss":0,"event_name":"The Woman in Blue","floor":19,"gold_loss":0},{"damage_healed":0,"gold_gain":0,"cards_transformed":["Strike_R","Defend_R"],"player_choice":"Became Test Subject","damage_taken":0,"max_hp_gain":0,"max_hp_loss":0,"event_name":"Drug Dealer","floor":22,"gold_loss":0,"cards_obtained":["Wild Strike","Disarm"]},{"cards_removed":["Defend_R"],"damage_healed":0,"gold_gain":0,"player_choice":"Card Removal","damage_taken":0,"max_hp_gain":0,"max_hp_loss":0,"event_name":"Wheel of Change","floor":29,"gold_loss":0},{"cards_removed":["Wild Strike"],"damage_healed":0,"gold_gain":0,"player_choice":"Removed Attack","damage_taken":0,"max_hp_gain":0,"max_hp_loss":0,"event_name":"Falling","floor":36,"gold_loss":0},{"damage_healed":0,"gold_gain":0,"player_choice":"Memory 3","damage_taken":10,"max_hp_gain":0,"max_hp_loss":0,"event_name":"SensoryStone","floor":37,"gold_loss":0},{"damage_healed":0,"gold_gain":999,"player_choice":"Gold","damage_taken":0,"max_hp_gain":0,"max_hp_loss":0,"event_name":"MindBloom","floor":38,"gold_loss":0,"cards_obtained":["Normality","Normality"]}],"is_beta":false,"boss_relics":[{"not_picked":["Orrery","White Beast Statue"],"picked":"Empty Cage"},{"not_picked":["Philosopher\u0027s Stone","Snecko Eye"],"picked":"Cursed Key"}],"items_purged_floors":[31,39,44],"is_endless":false,"potions_floor_spawned":[10,16,30,33,41],"killed_by":"Nemesis","ascension_level":20}