{"path_per_floor":["M","?","T","M","M","R","E","M","T","R","M","E","$","E","R","B",null,"M","$","?","?","?","R","M","E","T","?","E","M","E","M","R","B",null,"M","?","$","M","T","R","M","R","T","$","M","E","M","M","R","B"],"character_chosen":"IRONCLAD","items_purchased":["Clash","Flex","Panacea","Whetstone","Bloodletting","Flash of Steel","Question Card"],"gold_per_floor":[111,211,211,229,246,246,277,288,288,288,304,333,189,218,218,320,320,333,129,229,229,229,229,248,276,276,310,338,354,414,430,430,535,535,546,646,382,396,443,443,461,461,461,47,58,83,102,112,112,112],"floor_reached":51,"campfire_rested":0,"playtime":2052,"current_hp_per_floor":[75,75,75,80,79,79,45,40,40,40,39,35,35,40,40,44,71,73,73,73,73,73,73,79,80,80,80,82,84,84,86,86,81,86,88,88,88,92,92,92,91,91,91,91,94,103,108,109,109,108],"items_purged":["Defend_R","Strike_R","Body Slam","Strike_R"],"gold":112,"score":1401,"play_id":"d92c343e-07fd-4712-8684-8ca3916cb7bd","local_time":"20180411012339","is_prod":false,"is_daily":false,"chose_seed":false,"is_ascension_mode":true,"campfire_upgraded":8,"timestamp":1523381019,"path_taken":["M","?","?","M","M","R","E","M","T","R","M","E","$","E","R","BOSS","M","$","?","?","?","R","?","E","T","?","E","M","E","M","R","BOSS","M","?","?","M","?","R","M","R","T","$","M","E","M","M","R","BOSS"],"build_version":"2018-04-10","seed_source_timestamp":1336013579586038,"purchased_purges":4,"victory":true,"master_deck":["Strike_R","Strike_R+1","Bash","Pommel Strike+1","Sword Boomerang+1","Sword Boomerang+1","Flex+1","Clash","Offering+1","Clash+1","Flex+1","Rage+1","Double Tap+1","Panacea","Heavy Blade+1","Flex+1","Hemokinesis+1","Bloodletting","Flash of Steel","Metallicize+1"],"max_hp_per_floor":[80,80,80,80,80,80,80,80,80,80,80,80,80,80,80,80,80,80,80,80,80,80,80,80,80,80,80,82,84,84,86,86,88,88,90,90,90,92,92,92,94,94,94,94,94,106,108,110,110,110],"relics":["Burning Blood","Vajra","Centennial Puzzle","Shuriken","Oddly Smooth Stone","Meat on the Bone","Bag of Preparation","Sozu","Kunai","Smiling Mask","Red Mask","Singing Bowl","Tiny Chest","Astrolabe","Whetstone","Orichalcum","Mercury Hourglass","Question Card","Pear"],"card_choices":[{"not_picked":["Bloodletting","Shrug It Off"],"picked":"Pommel Strike","floor":1},{"not_picked":["Body Slam","Combust"],"picked":"Sword Boomerang","floor":4},{"not_picked":["Flame Barrier","Intimidate"],"picked":"Sword Boomerang","floor":5},{"not_picked":["Heavy Blade","Sever Soul"],"picked":"Flex","floor":7},{"not_picked":["Flex","Twin Strike"],"picked":"Clash","floor":11},{"not_picked":["Pommel Strike","Havoc"],"picked":"Offering","floor":12},{"not_picked":["Power Through","Clothesline"],"picked":"Rage","floor":14},{"not_picked":["Exhume","Dark Embrace"],"picked":"Double Tap","floor":16},{"not_picked":["Sentinel","Rampage"],"picked":"Heavy Blade","floor":30},{"not_picked":["Thunderclap","Perfected Strike","Cleave"],"picked":"Metallicize","floor":45}],"player_experience":256130,"potions_floor_usage":[11,12,50],"damage_taken":[{"damage":3,"enemies":"2 Louse","floor":1,"turns":3},{"damage":1,"enemies":"Cultist","floor":4,"turns":3},{"damage":7,"enemies":"Jaw Worm","floor":5,"turns":3},{"damage":40,"enemies":"Lagavulin","floor":7,"turns":6},{"damage":11,"enemies":"Looter","floor":8,"turns":2},{"damage":16,"enemies":"Lots of Slimes","floor":11,"turns":4},{"damage":10,"enemies":"Gremlin Nob","floor":12,"turns":3},{"damage":13,"enemies":"3 Sentries","floor":14,"turns":3},{"damage":14,"enemies":"The Guardian","floor":16,"turns":4},{"damage":4,"enemies":"2 Thieves","floor":18,"turns":2},{"damage":0,"enemies":"Spheric Guardian","floor":24,"turns":2},{"damage":4,"enemies":"Gremlin Leader","floor":25,"turns":2},{"damage":4,"enemies":"Masked Bandits","floor":27,"turns":3},{"damage":4,"enemies":"Book of Stabbing","floor":28,"turns":2},{"damage":4,"enemies":"Chosen and Byrds","floor":29,"turns":1},{"damage":4,"enemies":"Gremlin Leader","floor":30,"turns":2},{"damage":4,"enemies":"Snake Plant","floor":31,"turns":1},{"damage":13,"enemies":"Collector","floor":33,"turns":4},{"damage":6,"enemies":"Flame Bruiser 1 Orb","floor":35,"turns":1},{"damage":3,"enemies":"3 Shapes","floor":38,"turns":1},{"damage":9,"enemies":"Maw","floor":41,"turns":2},{"damage":0,"enemies":"Flame Bruiser 2 Orb","floor":45,"turns":2},{"damage":9,"enemies":"2 Orb Walkers","floor":46,"turns":1},{"damage":0,"enemies":"3 Darklings","floor":47,"turns":1},{"damage":7,"enemies":"Sphere and 2 Shapes","floor":48,"turns":2},{"damage":7,"enemies":"Awakened One","floor":50,"turns":3}],"event_choices":[{"event_name":"Golden Shrine","player_choice":"Pray","floor":2,"damage_taken":0},{"event_name":"Golden Shrine","player_choice":"Pray","floor":20,"damage_taken":0},{"event_name":"The Lab","player_choice":"Got Potions","floor":21,"damage_taken":0},{"event_name":"Bonfire Elementals","player_choice":"BASIC","floor":22,"damage_taken":0},{"event_name":"Masked Bandits","player_choice":"Fought over 276 gold","floor":27,"damage_taken":0},{"event_name":"Golden Shrine","player_choice":"Pray","floor":36,"damage_taken":0}],"boss_relics":[{"not_picked":["White Beast Statue","Orrery"],"picked":"Sozu"},{"not_picked":["Calling Bell","Snecko Eye"],"picked":"Astrolabe"}],"potions_floor_spawned":[5,11,16,25,27,29,33,35,41],"seed_played":"-6105686838690580818","ascension_level":9,"is_trial":false}