{"gold_per_floor":[113,132,142,152,170,170,197,197,197,209,15,15,41,55,55,128,128,142,142,67,67,83,114,114,139,166,178,197,208,8,21,21,99,99,112,122,122],"floor_reached":37,"playtime":2547,"items_purged":[],"score":701,"play_id":"7fca25db-6ae6-4413-b428-2fa1d2949bdd","local_time":"20181122093243","is_ascension_mode":true,"campfire_choices":[{"data":"Skewer","floor":6,"key":"SMITH"},{"data":"Wraith Form v2","floor":15,"key":"SMITH"},{"data":"Neutralize","floor":24,"key":"SMITH"},{"floor":32,"key":"REST"}],"neow_cost":"NONE","seed_source_timestamp":1040151860573289,"circlet_count":0,"master_deck":["AscendersBane","Defend_G","Defend_G","Defend_G","Defend_G","Defend_G","Strike_G","Strike_G","Strike_G","Survivor","Neutralize+1","Wraith Form v2+1","Skewer+1","Backflip","Dash","Terror","Skewer+1","Underhanded Strike+1","Flying Knee+1","Sucker Punch+1","Tools of the Trade","Underhanded Strike+1","Well Laid Plans","Dash+1","Dodge and Roll+1","Noxious Fumes","Backflip","Reflex","Eviscerate+1","After Image"],"relics":["Ring of the Snake","Mercury Hourglass","Molten Egg 2","Medical Kit","Kunai","Velvet Choker","Bottled Flame","Dream Catcher","Ancient Tea Set","Blood Vial","Eternal Feather"],"potions_floor_usage":[7,14,16,23,23,33,35],"damage_taken":[{"damage":0,"enemies":"Cultist","floor":1,"turns":5},{"damage":17,"enemies":"Jaw Worm","floor":2,"turns":10},{"damage":0,"enemies":"2 Louse","floor":3,"turns":3},{"damage":4,"enemies":"Exordium Thugs","floor":4,"turns":8},{"damage":1,"enemies":"Red Slaver","floor":5,"turns":6},{"damage":11,"enemies":"Lagavulin","floor":7,"turns":6},{"damage":4,"enemies":"Looter","floor":10,"turns":3},{"damage":12,"enemies":"Gremlin Nob","floor":13,"turns":3},{"damage":10,"enemies":"Exordium Thugs","floor":14,"turns":4},{"damage":8,"enemies":"The Guardian","floor":16,"turns":11},{"damage":1,"enemies":"Spheric Guardian","floor":18,"turns":4},{"damage":2,"enemies":"Shell Parasite","floor":22,"turns":4},{"damage":15,"enemies":"Slavers","floor":23,"turns":6},{"damage":4,"enemies":"Gremlin Leader","floor":25,"turns":5},{"damage":6,"enemies":"Centurion and Healer","floor":27,"turns":6},{"damage":5,"enemies":"3 Cultists","floor":28,"turns":4},{"damage":0,"enemies":"Snake Plant","floor":29,"turns":3},{"damage":0,"enemies":"Centurion and Healer","floor":31,"turns":5},{"damage":11,"enemies":"Collector","floor":33,"turns":10},{"damage":55,"enemies":"3 Darklings","floor":35,"turns":8},{"damage":4,"enemies":"3 Shapes","floor":36,"turns":6},{"damage":10,"enemies":"Sphere and 2 Shapes","floor":37,"turns":3}],"seed_played":"8056525551547441153","potions_obtained":[{"floor":3,"key":"Weak Potion"},{"floor":7,"key":"EssenceOfSteel"},{"floor":13,"key":"Energy Potion"},{"floor":16,"key":"SteroidPotion"},{"floor":18,"key":"Strength Potion"},{"floor":29,"key":"LiquidBronze"},{"floor":31,"key":"PowerPotion"},{"floor":33,"key":"SneckoOil"}],"is_trial":false,"path_per_floor":["M","M","M","M","M","R","E","?","T","M","$","?","E","M","R","B",null,"M","?","?","$","M","E","R","E","T","M","M","M","$","M","R","B",null,"M","M","M"],"character_chosen":"THE_SILENT","items_purchased":["Medical Kit","Blood Vial","Backflip"],"campfire_rested":1,"item_purchase_floors":[11,30,30],"current_hp_per_floor":[63,46,46,42,41,41,30,53,53,49,49,49,37,27,27,19,57,56,43,43,43,41,26,26,22,22,16,11,11,11,13,35,26,63,10,8,0],"gold":122,"neow_bonus":"ONE_RANDOM_RARE_CARD","is_prod":false,"is_daily":false,"chose_seed":false,"campfire_upgraded":3,"win_rate":0,"timestamp":1542850363,"path_taken":["M","M","M","?","M","R","E","?","T","M","?","?","E","?","R","BOSS","M","?","?","$","?","E","R","E","T","M","M","M","$","M","R","BOSS","M","M","?"],"build_version":"2018-11-15","purchased_purges":0,"victory":false,"max_hp_per_floor":[70,70,70,70,70,70,70,70,70,70,70,70,70,70,70,70,70,70,75,75,75,75,75,75,75,75,75,75,75,75,75,75,75,75,75,75,75],"card_choices":[{"not_picked":["Underhanded Strike","Poisoned Stab","Acrobatics"],"picked":"SKIP","floor":1},{"not_picked":["Acrobatics","Slice"],"picked":"Skewer","floor":2},{"not_picked":["Sucker Punch","Prepared"],"picked":"Backflip","floor":3},{"not_picked":["Outmaneuver","Quick Slash"],"picked":"Dash","floor":4},{"not_picked":["Backflip","Distraction"],"picked":"Terror","floor":5},{"not_picked":["Finisher","Underhanded Strike","Acrobatics"],"picked":"SKIP","floor":7},{"not_picked":["Deflect","Poisoned Stab+1"],"picked":"Skewer+1","floor":10},{"not_picked":["Backflip","Prepared"],"picked":"Flying Knee+1","floor":13},{"not_picked":["Outmaneuver","Prepared"],"picked":"Sucker Punch+1","floor":14},{"not_picked":["Glass Knife+1","Doppelganger"],"picked":"Tools of the Trade","floor":16},{"not_picked":["Dagger Throw+1","Acrobatics+1"],"picked":"Underhanded Strike+1","floor":18},{"not_picked":["Backflip","Acrobatics"],"picked":"Well Laid Plans","floor":22},{"not_picked":["Grand Finale+1","Bane+1","Deadly Poison"],"picked":"SKIP","floor":23},{"not_picked":["Dodge and Roll","Poisoned Stab+1"],"picked":"Dash+1","floor":25},{"not_picked":["Cloak And Dagger","Bane+1"],"picked":"Dodge and Roll+1","floor":27},{"not_picked":["Predator+1","Infinite Blades"],"picked":"Noxious Fumes","floor":28},{"not_picked":["Acrobatics","Dagger Throw+1","Setup+1"],"picked":"SKIP","floor":29},{"not_picked":["Sucker Punch+1","Bane+1"],"picked":"Reflex","floor":31},{"not_picked":["Outmaneuver","Flying Knee+1"],"picked":"Eviscerate+1","floor":32},{"not_picked":["Die Die Die+1","Phantasmal Killer"],"picked":"After Image","floor":33},{"not_picked":["Endless Agony+1","Poisoned Stab+1","Noxious Fumes"],"picked":"SKIP","floor":35},{"not_picked":["Bane+1","Blade Dance","Noxious Fumes"],"picked":"SKIP","floor":36}],"player_experience":534349,"relics_obtained":[{"floor":7,"key":"Mercury Hourglass"},{"floor":9,"key":"Molten Egg 2"},{"floor":13,"key":"Kunai"},{"floor":23,"key":"Bottled Flame"},{"floor":25,"key":"Dream Catcher"},{"floor":26,"key":"Ancient Tea Set"}],"event_choices":[{"damage_healed":23,"gold_gain":0,"player_choice":"Banana","damage_taken":0,"max_hp_gain":0,"max_hp_loss":0,"event_name":"Big Fish","floor":8,"gold_loss":0},{"damage_healed":0,"gold_gain":0,"cards_transformed":["Strike_G"],"player_choice":"Transformed","damage_taken":0,"max_hp_gain":0,"max_hp_loss":0,"event_name":"Transmorgrifier","floor":12,"gold_loss":0,"cards_obtained":["Underhanded Strike"]},{"damage_healed":0,"gold_gain":0,"player_choice":"Shed Blood","damage_taken":18,"max_hp_gain":5,"max_hp_loss":0,"event_name":"Forgotten Altar","floor":19,"gold_loss":0},{"cards_removed":["Strike_G"],"damage_healed":0,"gold_gain":0,"player_choice":"Gave Gold","damage_taken":0,"max_hp_gain":0,"max_hp_loss":0,"event_name":"Beggar","floor":20,"gold_loss":75}],"is_beta":true,"boss_relics":[{"not_picked":["Tiny House","Pandora\u0027s Box"],"picked":"Velvet Choker"},{"not_picked":["Runic Dome","Fusion Hammer"],"picked":"Eternal Feather"}],"items_purged_floors":[],"is_endless":false,"potions_floor_spawned":[3,7,13,16,18,29,31,33],"killed_by":"Sphere and 2 Shapes","ascension_level":13}