{"gold_per_floor":[18,35,35,35,135,135,169,184,233,233,253,318,318,343,343,417,417,437,352,352,352,20,20,31,31,58,86,101,101,134,145,145,222,222,238,153,165,217,228,228,228,258,326,326],"floor_reached":44,"playtime":1394,"items_purged":["Strike_B"],"score":1089,"play_id":"633c4c5d-60d3-4776-ae44-8eec253f6d27","local_time":"20190328214523","is_ascension_mode":true,"campfire_choices":[{"data":"Sunder","floor":6,"key":"SMITH"},{"floor":13,"key":"REST"},{"data":"Electrodynamics","floor":15,"key":"SMITH"},{"data":"Discovery","floor":23,"key":"SMITH"},{"data":"Double Energy","floor":25,"key":"SMITH"},{"floor":29,"key":"REST"},{"floor":32,"key":"REST"},{"floor":40,"key":"DIG"}],"neow_cost":"NO_GOLD","seed_source_timestamp":9392936564500,"circlet_count":0,"master_deck":["AscendersBane","Strike_B","Defend_B","Zap","Dualcast","Sunder+1","Electrodynamics+1","Cold Snap+1","Beam Cell+1","Cold Snap","Undo","Double Energy","FTL","Seek","Double Energy+1","Creative AI+1","Biased Cognition+1","Discovery+1","Blizzard","Cold Snap","White Noise","Core Surge","Coolheaded","Turbo","Coolheaded","Consume","Self Repair+1","Glacier+1","Cold Snap","Loop+1"],"relics":["Cracked Core","Blood Vial","Dream Catcher","Whetstone","Mercury Hourglass","Frozen Egg 2","Singing Bowl","Nuclear Battery","Symbiotic Virus","Regal Pillow","Shovel","Bottled Tornado","Orrery","Calipers","Nunchaku","Vajra"],"potions_floor_usage":[7,12,16,18,27,30,44,44],"damage_taken":[{"damage":3,"enemies":"2 Louse","floor":1,"turns":2},{"damage":15,"enemies":"Small Slimes","floor":2,"turns":3},{"damage":19,"enemies":"3 Sentries","floor":7,"turns":5},{"damage":0,"enemies":"Cultist","floor":8,"turns":3},{"damage":0,"enemies":"Exordium Wildlife","floor":11,"turns":3},{"damage":3,"enemies":"Lagavulin Event","floor":12,"turns":5},{"damage":22,"enemies":"Lagavulin","floor":14,"turns":4},{"damage":0,"enemies":"Slime Boss","floor":16,"turns":4},{"damage":2,"enemies":"3 Byrds","floor":18,"turns":3},{"damage":21,"enemies":"Shell Parasite","floor":24,"turns":3},{"damage":28,"enemies":"Book of Stabbing","floor":27,"turns":4},{"damage":0,"enemies":"Snecko","floor":28,"turns":3},{"damage":28,"enemies":"Gremlin Leader","floor":30,"turns":4},{"damage":0,"enemies":"Centurion and Healer","floor":31,"turns":2},{"damage":30,"enemies":"Collector","floor":33,"turns":5},{"damage":6,"enemies":"3 Darklings","floor":35,"turns":3},{"damage":0,"enemies":"3 Shapes","floor":37,"turns":1},{"damage":46,"enemies":"2 Orb Walkers","floor":38,"turns":5},{"damage":13,"enemies":"Spire Growth","floor":39,"turns":5},{"damage":24,"enemies":"Reptomancer","floor":42,"turns":11},{"damage":13,"enemies":"Giant Head","floor":44,"turns":11}],"seed_played":"-116280326342908305","potions_obtained":[{"floor":2,"key":"Dexterity Potion"},{"floor":7,"key":"Block Potion"},{"floor":11,"key":"Explosive Potion"},{"floor":14,"key":"PowerPotion"},{"floor":16,"key":"LiquidBronze"},{"floor":18,"key":"AttackPotion"},{"floor":27,"key":"SpeedPotion"},{"floor":33,"key":"Swift Potion"},{"floor":39,"key":"Ancient Potion"}],"is_trial":false,"path_per_floor":["M","M","$","?","?","R","E","M","T","T","M","?","R","E","R","B",null,"M","?","?","?","$","R","M","R","T","E","M","R","E","M","R","B",null,"M","$","M","?","M","R","?","E","T","E"],"character_chosen":"DEFECT","items_purchased":["Biased Cognition+1","Discovery","Self Repair+1"],"campfire_rested":3,"item_purchase_floors":[22,22,36],"current_hp_per_floor":[61,46,46,20,20,20,3,5,5,5,7,6,27,9,9,11,58,60,60,60,60,60,60,41,41,41,17,19,59,35,37,78,50,77,75,75,77,45,44,44,73,49,49,38],"gold":326,"neow_bonus":"TRANSFORM_TWO_CARDS","is_prod":false,"is_daily":false,"chose_seed":false,"campfire_upgraded":4,"win_rate":0,"timestamp":1553777123,"path_taken":["M","M","$","?","?","R","E","?","T","?","?","?","R","E","R","BOSS","M","?","?","?","$","R","?","R","T","E","M","R","E","M","R","BOSS","M","$","M","?","M","R","?","E","T","E"],"build_version":"2019-01-23","purchased_purges":1,"victory":false,"max_hp_per_floor":[71,71,71,71,71,71,71,71,71,71,71,71,71,73,73,73,73,75,75,75,75,75,75,75,75,75,77,77,79,81,81,83,83,85,87,87,87,89,89,89,73,73,73,73],"card_choices":[{"not_picked":["Conserve Battery","Gash"],"picked":"Cold Snap","floor":1},{"not_picked":["Streamline","Lockon"],"picked":"Beam Cell","floor":2},{"not_picked":["Sweeping Beam","Static Discharge"],"picked":"Cold Snap","floor":7},{"not_picked":["Stack","Gash","Ball Lightning"],"picked":"SKIP","floor":8},{"not_picked":["Force Field","Streamline"],"picked":"Undo","floor":11},{"not_picked":["Coolheaded","Fission"],"picked":"Double Energy","floor":12},{"not_picked":["Compile Driver","Ball Lightning"],"picked":"FTL","floor":13},{"not_picked":["Cold Snap","Gash","Heatsinks+1"],"picked":"Singing Bowl","floor":14},{"not_picked":["Thunder Strike","Rainbow"],"picked":"Seek","floor":16},{"not_picked":["Steam Power","Barrage","Steam+1"],"picked":"Singing Bowl","floor":18},{"not_picked":["Rip and Tear","Leap"],"picked":"Blizzard","floor":24},{"not_picked":["Ball Lightning","Double Energy","Steam"],"picked":"Singing Bowl","floor":27},{"not_picked":["Compile Driver","Sweeping Beam"],"picked":"Cold Snap","floor":28},{"not_picked":["Fusion","Leap","Static Discharge+1"],"picked":"Singing Bowl","floor":29},{"not_picked":["Skim","Fission","Undo"],"picked":"Singing Bowl","floor":30},{"not_picked":["Cold Snap","Beam Cell"],"picked":"White Noise","floor":31},{"not_picked":["Barrage","Scrape","Ball Lightning"],"picked":"Singing Bowl","floor":32},{"not_picked":["Biased Cognition+1","All For One"],"picked":"Core Surge","floor":33},{"not_picked":["Barrage+1","Consume"],"picked":"Coolheaded","floor":34},{"not_picked":["Compile Driver","Scrape"],"picked":"Turbo","floor":34},{"not_picked":["Compile Driver","Gash"],"picked":"Coolheaded","floor":34},{"not_picked":["Stack+1","Sweeping Beam+1"],"picked":"Consume","floor":34},{"not_picked":["Ball Lightning","Compile Driver","Consume"],"picked":"Singing Bowl","floor":34},{"not_picked":["Go for the Eyes","Gash","Hyperbeam"],"picked":"Singing Bowl","floor":35},{"not_picked":["Steam+1","Rebound"],"picked":"Glacier+1","floor":37},{"not_picked":["Conserve Battery","Melter","Chaos"],"picked":"Singing Bowl","floor":38},{"not_picked":["Static Discharge+1","Steam Power"],"picked":"Cold Snap","floor":39},{"not_picked":["Coolheaded","Stack"],"picked":"Loop+1","floor":42}],"player_experience":2690124,"relics_obtained":[{"floor":7,"key":"Dream Catcher"},{"floor":9,"key":"Whetstone"},{"floor":10,"key":"Mercury Hourglass"},{"floor":12,"key":"Frozen Egg 2"},{"floor":14,"key":"Singing Bowl"},{"floor":26,"key":"Regal Pillow"},{"floor":27,"key":"Shovel"},{"floor":30,"key":"Bottled Tornado"},{"floor":38,"key":"Calipers"},{"floor":40,"key":"Nunchaku"},{"floor":42,"key":"Vajra"}],"event_choices":[{"damage_healed":0,"gold_gain":0,"player_choice":"Success","damage_taken":26,"relics_obtained":["Blood Vial"],"max_hp_gain":0,"max_hp_loss":0,"event_name":"Scrap Ooze","floor":4,"gold_loss":0},{"damage_healed":0,"gold_gain":100,"player_choice":"Gold","damage_taken":0,"max_hp_gain":0,"max_hp_loss":0,"event_name":"Wheel of Change","floor":5,"gold_loss":0},{"damage_healed":0,"gold_gain":0,"player_choice":"Searched \u00271\u0027 times","damage_taken":0,"max_hp_gain":0,"max_hp_loss":0,"event_name":"Dead Adventurer","floor":12,"gold_loss":0},{"damage_healed":0,"gold_gain":0,"player_choice":"Obtained Relic","damage_taken":0,"relics_obtained":["Symbiotic Virus"],"max_hp_gain":0,"max_hp_loss":0,"event_name":"Addict","floor":19,"gold_loss":85},{"damage_healed":0,"gold_gain":0,"cards_transformed":["Strike_B","Strike_B"],"player_choice":"Became Test Subject","damage_taken":0,"max_hp_gain":0,"max_hp_loss":0,"event_name":"Drug Dealer","floor":20,"gold_loss":0,"cards_obtained":["Double Energy","Creative AI"]},{"cards_removed":["Defend_B"],"damage_healed":0,"gold_gain":0,"player_choice":"Elegance","damage_taken":0,"max_hp_gain":0,"max_hp_loss":0,"event_name":"Back to Basics","floor":21,"gold_loss":0},{"damage_healed":0,"gold_gain":0,"player_choice":"Fight","damage_taken":0,"max_hp_gain":0,"max_hp_loss":0,"event_name":"Mysterious Sphere","floor":38,"gold_loss":0},{"damage_healed":73,"gold_gain":0,"player_choice":"Heal","damage_taken":0,"max_hp_gain":0,"max_hp_loss":16,"event_name":"The Moai Head","floor":41,"gold_loss":0}],"is_beta":false,"boss_relics":[{"not_picked":["Inserter","White Beast Statue"],"picked":"Nuclear Battery"},{"not_picked":["Philosopher\u0027s Stone","Eternal Feather"],"picked":"Orrery"}],"items_purged_floors":[22],"is_endless":false,"potions_floor_spawned":[2,7,11,14,16,18,27,33,39,42],"killed_by":"Giant Head","ascension_level":20}