{"gold_per_floor":[117,56,76,76,76,76,105,124,197,215,240,255,20,33,33,33],"floor_reached":16,"playtime":379,"items_purged":["Strike_R"],"score":274,"play_id":"8233c00d-cefa-403b-903e-f7ef2c4a16fa","local_time":"20190326201429","is_ascension_mode":true,"campfire_choices":[{"data":"Bash","floor":6,"key":"SMITH"},{"data":"1","floor":15,"key":"LIFT"}],"neow_cost":"NONE","seed_source_timestamp":177482702024200,"circlet_count":0,"master_deck":["AscendersBane","Strike_R","Strike_R","Strike_R","Strike_R+1","Defend_R","Defend_R","Defend_R","Defend_R+1","Bash+1","Spot Weakness","Body Slam","Second Wind","Power Through","Whirlwind","Feel No Pain","Evolve"],"relics":["Burning Blood","NeowsBlessing","PreservedInsect","Nunchaku","Ornamental Fan","Girya"],"potions_floor_usage":[16],"damage_taken":[{"damage":0,"enemies":"Cultist","floor":1,"turns":1},{"damage":0,"enemies":"Small Slimes","floor":3,"turns":2},{"damage":0,"enemies":"3 Sentries","floor":7,"turns":1},{"damage":4,"enemies":"2 Louse","floor":8,"turns":3},{"damage":6,"enemies":"Blue Slaver","floor":10,"turns":4},{"damage":32,"enemies":"Gremlin Nob","floor":11,"turns":4},{"damage":16,"enemies":"Exordium Wildlife","floor":12,"turns":5},{"damage":5,"enemies":"Red Slaver","floor":14,"turns":3},{"damage":20,"enemies":"Hexaghost","floor":16,"turns":8}],"seed_played":"7881252739392089087","potions_obtained":[{"floor":7,"key":"Explosive Potion"},{"floor":8,"key":"SneckoOil"},{"floor":14,"key":"PowerPotion"}],"is_trial":false,"path_per_floor":["M","?","M","?","?","R","E","M","T","M","E","M","$","M","R","B"],"character_chosen":"IRONCLAD","items_purchased":["Whirlwind","Feel No Pain"],"campfire_rested":0,"item_purchase_floors":[13,13],"current_hp_per_floor":[74,74,75,52,57,57,63,65,65,65,39,29,29,30,30,10],"gold":33,"neow_bonus":"THREE_ENEMY_KILL","is_prod":false,"is_daily":false,"chose_seed":false,"campfire_upgraded":1,"win_rate":0,"timestamp":1553598869,"path_taken":["M","?","?","?","?","R","E","M","T","M","E","M","$","M","R","BOSS"],"build_version":"2019-01-23","purchased_purges":1,"victory":false,"max_hp_per_floor":[75,75,75,75,80,80,80,80,80,80,80,80,80,80,80,80],"card_choices":[{"not_picked":["Perfected Strike","Burning Pact","Clothesline"],"picked":"SKIP","floor":1},{"not_picked":["Wild Strike","Headbutt","Searing Blow"],"picked":"SKIP","floor":3},{"not_picked":["Metallicize","Clothesline"],"picked":"Spot Weakness","floor":7},{"not_picked":["Infernal Blade","Twin Strike"],"picked":"Body Slam","floor":8},{"not_picked":["Flex","True Grit"],"picked":"Second Wind","floor":10},{"not_picked":["Iron Wave","Sword Boomerang"],"picked":"Power Through","floor":11},{"not_picked":["Heavy Blade","Hemokinesis","Flex"],"picked":"SKIP","floor":12},{"not_picked":["Thunderclap","Exhume"],"picked":"Evolve","floor":14}],"player_experience":2612481,"relics_obtained":[{"floor":7,"key":"Nunchaku"},{"floor":9,"key":"Ornamental Fan"},{"floor":11,"key":"Girya"}],"event_choices":[{"damage_healed":0,"gold_gain":0,"player_choice":"Paid Gold","damage_taken":0,"relics_obtained":["PreservedInsect"],"max_hp_gain":0,"max_hp_loss":0,"event_name":"WeMeetAgain","floor":2,"gold_loss":61},{"damage_healed":0,"gold_gain":0,"player_choice":"Entered Light","damage_taken":23,"max_hp_gain":0,"max_hp_loss":0,"event_name":"Shining Light","floor":4,"gold_loss":0,"cards_upgraded":["Defend_R","Strike_R"]},{"damage_healed":0,"gold_gain":0,"player_choice":"Donut","damage_taken":0,"max_hp_gain":5,"max_hp_loss":0,"event_name":"Big Fish","floor":5,"gold_loss":0}],"is_beta":false,"boss_relics":[],"items_purged_floors":[13],"is_endless":false,"potions_floor_spawned":[7,8,14],"killed_by":"Hexaghost","ascension_level":20}