{"gold_per_floor":[114,128,128,93,168,168,50,50,50,80,97,109,109,125,125,202,202,221,240,38,38,38,38,38],"floor_reached":24,"playtime":838,"items_purged":[],"score":340,"play_id":"51a49487-2c67-4d98-98b5-539a4d931e8d","local_time":"20181124124018","is_ascension_mode":true,"campfire_choices":[{"data":"Storm","floor":6,"key":"SMITH"},{"floor":8,"key":"REST"},{"data":"Static Discharge","floor":13,"key":"SMITH"},{"floor":15,"key":"REST"},{"floor":23,"key":"REST"}],"neow_cost":"NONE","seed_source_timestamp":137906172328,"circlet_count":0,"master_deck":["AscendersBane","Strike_B","Strike_B","Strike_B","Strike_B","Defend_B","Defend_B","Defend_B","Defend_B","Zap","Dualcast","Capacitor","Storm+1","Static Discharge+1","White Noise","Melter","Heatsinks","Rebound","Doom and Gloom","Creative AI","Ball Lightning","Conserve Battery","Hologram","White Noise","Amplify","Ball Lightning","Self Repair","Force Field","Skim"],"relics":["Cracked Core","Lantern","Smiling Mask","Orrery","Nilry\u0027s Codex"],"potions_floor_usage":[10,12,16,17,19,24],"damage_taken":[{"damage":0,"enemies":"Small Slimes","floor":1,"turns":3},{"damage":7,"enemies":"Jaw Worm","floor":2,"turns":3},{"damage":10,"enemies":"Lagavulin","floor":10,"turns":6},{"damage":4,"enemies":"2 Louse","floor":11,"turns":3},{"damage":0,"enemies":"Lots of Slimes","floor":12,"turns":1},{"damage":13,"enemies":"Blue Slaver","floor":14,"turns":3},{"damage":26,"enemies":"The Guardian","floor":16,"turns":6},{"damage":9,"enemies":"Spheric Guardian","floor":18,"turns":3},{"damage":18,"enemies":"Shell Parasite","floor":19,"turns":5},{"damage":46,"enemies":"Gremlin Leader","floor":24,"turns":3}],"seed_played":"-5071322240523547350","potions_obtained":[{"floor":0,"key":"FocusPotion"},{"floor":0,"key":"Energy Potion"},{"floor":2,"key":"PowerPotion"},{"floor":12,"key":"Poison Potion"},{"floor":16,"key":"Fruit Juice"},{"floor":18,"key":"Block Potion"}],"is_trial":false,"path_per_floor":["M","M","?","?","?","R","$","R","T","E","M","M","R","M","R","B",null,"M","M","$","?","?","R","E"],"character_chosen":"DEFECT","items_purchased":["Static Discharge","White Noise","Self Repair","Force Field","Swift Potion"],"campfire_rested":3,"item_purchase_floors":[7,7,20,20,20],"current_hp_per_floor":[64,57,52,69,58,58,58,71,71,61,57,57,57,44,65,39,68,59,41,41,20,20,42,0],"gold":38,"neow_bonus":"THREE_SMALL_POTIONS","is_prod":false,"is_daily":false,"chose_seed":false,"campfire_upgraded":2,"win_rate":0,"timestamp":1543056018,"path_taken":["M","M","?","?","?","R","$","R","T","E","M","M","R","M","R","BOSS","M","M","$","?","?","R","E"],"build_version":"2018-11-15","purchased_purges":0,"victory":false,"max_hp_per_floor":[71,71,71,71,71,71,71,71,71,71,71,71,71,71,71,71,76,76,76,76,76,76,76,76],"card_choices":[{"not_picked":["Coolheaded","Streamline"],"picked":"Capacitor","floor":1},{"not_picked":["Double Energy","Cold Snap"],"picked":"Storm","floor":2},{"not_picked":["Gash","Turbo"],"picked":"Melter","floor":10},{"not_picked":["Gash","Steam Power"],"picked":"Heatsinks","floor":11},{"not_picked":["Turbo","Blizzard"],"picked":"Rebound","floor":12},{"not_picked":["Beam Cell","Coolheaded"],"picked":"Doom and Gloom","floor":14},{"not_picked":["Core Surge","Machine Learning"],"picked":"Creative AI","floor":16},{"not_picked":["Chaos","Redo"],"picked":"Ball Lightning","floor":17},{"not_picked":["Heatsinks","Compile Driver"],"picked":"Conserve Battery","floor":17},{"not_picked":["Streamline","Rip and Tear"],"picked":"Hologram","floor":17},{"not_picked":["Turbo","Barrage"],"picked":"White Noise","floor":17},{"not_picked":["Recycle","Compile Driver"],"picked":"Barrage","floor":17},{"not_picked":["Stack","Gash"],"picked":"Amplify","floor":18},{"not_picked":["Barrage","Cold Snap"],"picked":"Ball Lightning","floor":19}],"player_experience":780452,"relics_obtained":[{"floor":9,"key":"Lantern"},{"floor":10,"key":"Smiling Mask"},{"floor":21,"key":"Nilry\u0027s Codex"}],"event_choices":[{"damage_healed":0,"gold_gain":0,"player_choice":"Fled","damage_taken":5,"max_hp_gain":0,"max_hp_loss":0,"event_name":"Scrap Ooze","floor":3,"gold_loss":0},{"damage_healed":17,"gold_gain":0,"player_choice":"Healed","damage_taken":0,"max_hp_gain":0,"max_hp_loss":0,"event_name":"The Cleric","floor":4,"gold_loss":35},{"damage_healed":0,"gold_gain":75,"player_choice":"Gather Gold","damage_taken":11,"max_hp_gain":0,"max_hp_loss":0,"event_name":"World of Goop","floor":5,"gold_loss":0},{"damage_healed":0,"gold_gain":0,"player_choice":"Obtained Book","damage_taken":21,"max_hp_gain":0,"max_hp_loss":0,"event_name":"Cursed Tome","floor":21,"gold_loss":0},{"damage_healed":0,"gold_gain":0,"cards_transformed":["Barrage"],"player_choice":"Transformed","damage_taken":0,"max_hp_gain":0,"max_hp_loss":0,"event_name":"Transmorgrifier","floor":22,"gold_loss":0,"cards_obtained":["Skim"]}],"is_beta":false,"boss_relics":[{"not_picked":["Snecko Eye","Runic Dome"],"picked":"Orrery"}],"items_purged_floors":[],"is_endless":false,"potions_floor_spawned":[2,12,16,18],"killed_by":"Gremlin Leader","ascension_level":15}