{"gold_per_floor":[113,125,125,125,145,178,178,208,208,238,238,238,253,270,270,344,344,357,367,93,93,107,107,125,125,125,158,83,94,108,29,29,101,101,118,138,85,85],"floor_reached":38,"playtime":4330,"items_purged":[],"score":958,"play_id":"29aea8db-e767-4465-9a27-4de91864fed5","local_time":"20181219001319","is_ascension_mode":true,"campfire_choices":[{"data":"Neutralize","floor":7.0,"key":"SMITH"},{"floor":11,"key":"REST"},{"data":"Night Terror","floor":15,"key":"SMITH"},{"data":"After Image","floor":23,"key":"SMITH"},{"data":"Cloak And Dagger","floor":25,"key":"SMITH"},{"data":"Wraith Form v2","floor":32,"key":"SMITH"}],"neow_cost":"NONE","seed_source_timestamp":2019212623077284,"circlet_count":0,"master_deck":["AscendersBane","Survivor+1","Neutralize+1","Night Terror+1","Dagger Throw","Blur","Escape Plan","Predator","Riddle With Holes","Well Laid Plans","Wraith Form v2+1","After Image+1","Infinite Blades","PiercingWail","Bite","Bite","Bite","Bite","Bite","Footwork","Cloak And Dagger+1","Leg Sweep","Terror","Adrenaline","Corpse Explosion","Outmaneuver","Slice","Dagger Spray","Dagger Spray","Dash","Acrobatics","Dodge and Roll"],"special_seed":0,"relics":["Ring of the Snake","PreservedInsect","Bottled Lightning","Ancient Tea Set","Vajra","Letter Opener","Sozu","Shuriken","Ginger","Torii","Pandora\u0027s Box"],"potions_floor_usage":[18,27],"damage_taken":[{"damage":3.0,"enemies":"Jaw Worm","floor":1.0,"turns":7.0},{"damage":0.0,"enemies":"2 Louse","floor":2.0,"turns":5.0},{"damage":3.0,"enemies":"Cultist","floor":5.0,"turns":4.0},{"damage":0.0,"enemies":"3 Sentries","floor":6.0,"turns":8.0},{"damage":5.0,"enemies":"Lagavulin","floor":8.0,"turns":6.0},{"damage":6,"enemies":"3 Sentries","floor":10,"turns":9},{"damage":0,"enemies":"Blue Slaver","floor":13,"turns":3},{"damage":1,"enemies":"3 Louse","floor":14,"turns":4},{"damage":24,"enemies":"The Guardian","floor":16,"turns":17},{"damage":6,"enemies":"Shell Parasite","floor":18,"turns":6},{"damage":6,"enemies":"Spheric Guardian","floor":19,"turns":5},{"damage":7,"enemies":"Chosen and Byrds","floor":22,"turns":6},{"damage":29,"enemies":"Cultist and Chosen","floor":24,"turns":7},{"damage":32,"enemies":"Book of Stabbing","floor":27,"turns":5},{"damage":8,"enemies":"Shelled Parasite and Fungi","floor":29,"turns":8},{"damage":0,"enemies":"Snecko","floor":30,"turns":6},{"damage":0,"enemies":"Champ","floor":33,"turns":10},{"damage":34,"enemies":"3 Darklings","floor":35,"turns":6},{"damage":10,"enemies":"3 Shapes","floor":36,"turns":6},{"damage":22,"enemies":"Spire Growth","floor":38,"turns":2}],"seed_played":"5905465939070898031","potions_obtained":[{"floor":1.0,"key":"GhostInAJar"},{"floor":5.0,"key":"Fire Potion"},{"floor":10,"key":"GhostInAJar"},{"floor":14,"key":"Fire Potion"}],"is_trial":false,"path_per_floor":["M","M","?","?","M","E","R","E","T","E","R","?","M","M","R","B",null,"M","M","$","?","M","R","M","R","T","E","?","M","M","$","R","B",null,"M","M","$","M"],"character_chosen":"THE_SILENT","items_purchased":["Shuriken","Adrenaline","Dodge and Roll"],"campfire_rested":1,"item_purchase_floors":[20,31,37],"current_hp_per_floor":[56,56,45,25,22,22,22,17,17,11,30,30,30,29,29,5,51,45,39,39,39,44,44,33,33,33,11,11,17,29,29,29,46,46,20,16,16,0],"gold":85,"neow_bonus":"ONE_RANDOM_RARE_CARD","is_prod":false,"is_daily":false,"chose_seed":false,"campfire_upgraded":5,"win_rate":0,"timestamp":1545149599,"path_taken":["M","M","?","?","M","E","R","E","T","E","R","?","M","M","R","BOSS","M","M","$","?","M","R","M","R","T","E","?","M","M","?","R","BOSS","M","M","$","M"],"build_version":"2018-12-06","purchased_purges":0,"victory":false,"max_hp_per_floor":[66,66,66,66,66,66,66,66,66,66,66,66,66,66,66,66,66,66,66,66,46,46,46,46,46,46,46,46,46,46,46,46,46,46,46,46,46,46],"card_choices":[{"not_picked":["Escape Plan","Setup"],"picked":"Dagger Throw","floor":1.0},{"not_picked":["Sucker Punch","Flechettes","Outmaneuver"],"picked":"SKIP","floor":2.0},{"not_picked":["Dagger Throw","Flying Knee"],"picked":"Blur","floor":5.0},{"not_picked":["Blade Dance","Finisher"],"picked":"Escape Plan","floor":6.0},{"not_picked":["Endless Agony","Accuracy"],"picked":"Predator","floor":8.0},{"not_picked":["Acrobatics","Expertise"],"picked":"Riddle With Holes","floor":10},{"not_picked":["Cloak And Dagger","Dodge and Roll"],"picked":"Well Laid Plans","floor":13},{"not_picked":["Blade Dance","Deflect"],"picked":"Wraith Form v2","floor":14},{"not_picked":["Glass Knife","Burst"],"picked":"After Image","floor":16},{"not_picked":["Dodge and Roll","Cloak And Dagger"],"picked":"Infinite Blades","floor":18},{"not_picked":["Well Laid Plans","Skewer"],"picked":"PiercingWail","floor":19},{"not_picked":["Bouncing Flask","Deadly Poison"],"picked":"Footwork","floor":22},{"not_picked":["Well Laid Plans","Poisoned Stab"],"picked":"Cloak And Dagger","floor":24},{"not_picked":["Calculated Gamble","Dagger Throw"],"picked":"Leg Sweep","floor":27},{"not_picked":["Caltrops","Blade Dance","PiercingWail"],"picked":"SKIP","floor":29},{"not_picked":["Prepared+1","Outmaneuver"],"picked":"Terror","floor":30},{"not_picked":["Die Die Die","Phantasmal Killer"],"picked":"Corpse Explosion","floor":33},{"not_picked":["Deflect","Outmaneuver+1","Flying Knee+1"],"picked":"SKIP","floor":35},{"not_picked":["Dagger Spray","Dash"],"picked":"Acrobatics","floor":36}],"player_experience":639797,"relics_obtained":[{"floor":6.0,"key":"Bottled Lightning"},{"floor":8.0,"key":"Ancient Tea Set"},{"floor":9.0,"key":"Vajra"},{"floor":10,"key":"Letter Opener"},{"floor":26,"key":"Ginger"},{"floor":27,"key":"Torii"}],"event_choices":[{"damage_healed":0.0,"max_hp_gain":0.0,"max_hp_loss":0.0,"gold_gain":0.0,"event_name":"Scrap Ooze","player_choice":"Success","floor":3.0,"gold_loss":0.0,"damage_taken":11.0,"relics_obtained":["PreservedInsect"]},{"damage_healed":0.0,"max_hp_gain":0.0,"max_hp_loss":0.0,"gold_gain":0.0,"event_name":"Shining Light","player_choice":"Entered Light","floor":4.0,"gold_loss":0.0,"damage_taken":20.0,"cards_upgraded":["Defend_G","Survivor"]},{"damage_healed":0,"gold_gain":0,"cards_transformed":["Strike_G"],"player_choice":"Transformed","damage_taken":0,"max_hp_gain":0,"max_hp_loss":0,"event_name":"Transmorgrifier","floor":12,"gold_loss":0,"cards_obtained":["Catalyst"]},{"damage_healed":0,"gold_gain":0,"player_choice":"Became a vampire","damage_taken":0,"max_hp_gain":0,"max_hp_loss":20,"event_name":"Vampires","floor":21,"gold_loss":0,"cards_obtained":["Bite","Bite","Bite","Bite","Bite"]},{"cards_removed":["Catalyst"],"damage_healed":0,"gold_gain":0,"player_choice":"Gave Gold","damage_taken":0,"max_hp_gain":0,"max_hp_loss":0,"event_name":"Beggar","floor":28,"gold_loss":75}],"is_beta":true,"boss_relics":[{"not_picked":["Cursed Key","Velvet Choker"],"picked":"Sozu"},{"not_picked":["Runic Dome","Philosopher\u0027s Stone"],"picked":"Pandora\u0027s Box"}],"items_purged_floors":[],"is_endless":false,"potions_floor_spawned":[1,5,10,14,19,24,27,29],"killed_by":"Spire Growth","ascension_level":18}