{"gold_per_floor":[17,17,27,27,41,41,69,69,95,112,112,440,440,453,453,453],"floor_reached":16,"playtime":448,"items_purged":[],"score":220,"play_id":"9117dc78-bb41-455a-84d1-2c1767bdad65","local_time":"20190417194542","is_ascension_mode":true,"campfire_choices":[{"data":"Biased Cognition","floor":6,"key":"SMITH"},{"floor":8,"key":"REST"},{"data":"Streamline","floor":13,"key":"SMITH"},{"data":"Defend_B","floor":15,"key":"PURGE"}],"neow_cost":"NO_GOLD","seed_source_timestamp":143318754425300,"circlet_count":0,"master_deck":["AscendersBane","Strike_B","Strike_B","Strike_B","Strike_B","Defend_B","Defend_B","Defend_B","Zap","Dualcast","Coolheaded","Biased Cognition+1","Hologram","Self Repair","Streamline+1","Chill"],"relics":["Cracked Core","Peace Pipe","Potion Belt","Dream Catcher","Old Coin"],"potions_floor_usage":[7,10,10],"damage_taken":[{"damage":10,"enemies":"2 Louse","floor":1,"turns":4},{"damage":7,"enemies":"Jaw Worm","floor":3,"turns":3},{"damage":2,"enemies":"Cultist","floor":5,"turns":4},{"damage":40,"enemies":"Gremlin Nob","floor":7,"turns":5},{"damage":10,"enemies":"Lots of Slimes","floor":10,"turns":5},{"damage":29,"enemies":"Lagavulin","floor":12,"turns":9},{"damage":14,"enemies":"Red Slaver","floor":14,"turns":3},{"damage":35,"enemies":"Hexaghost","floor":16,"turns":9}],"seed_played":"-3243068525014011109","potions_obtained":[{"floor":1,"key":"SpeedPotion"},{"floor":7,"key":"Poison Potion"},{"floor":10,"key":"Fruit Juice"}],"is_trial":false,"path_per_floor":["M","?","M","$","M","R","E","R","T","M","?","E","R","M","R","B"],"character_chosen":"DEFECT","items_purchased":[],"campfire_rested":1,"item_purchase_floors":[],"current_hp_per_floor":[54,54,47,47,45,45,5,26,26,21,76,54,54,47,47,12],"gold":453,"neow_bonus":"ONE_RARE_RELIC","is_prod":false,"is_daily":false,"chose_seed":false,"campfire_upgraded":2,"win_rate":0,"timestamp":1555497942,"path_taken":["M","?","M","$","M","R","E","R","T","M","?","E","R","?","R","BOSS"],"build_version":"2019-01-23","purchased_purges":0,"victory":false,"max_hp_per_floor":[71,71,71,71,71,71,71,71,71,76,76,76,76,76,76,76],"card_choices":[{"not_picked":["Hologram","BootSequence"],"picked":"Capacitor","floor":1},{"not_picked":["Steam","Compile Driver"],"picked":"Coolheaded","floor":3},{"not_picked":["Go for the Eyes","Leap"],"picked":"Biased Cognition","floor":5},{"not_picked":["Stack","Hello World","Hologram"],"picked":"SKIP","floor":7},{"not_picked":["Stack","Hello World"],"picked":"Hologram","floor":7},{"not_picked":["Sweeping Beam","Gash"],"picked":"Self Repair","floor":10},{"not_picked":["Compile Driver","Force Field"],"picked":"Streamline","floor":12},{"not_picked":["Barrage","Steam"],"picked":"Chill","floor":14}],"player_experience":3202694,"relics_obtained":[{"floor":7,"key":"Potion Belt"},{"floor":9,"key":"Dream Catcher"},{"floor":12,"key":"Old Coin"}],"event_choices":[{"damage_healed":0,"gold_gain":0,"player_choice":"Leave","damage_taken":0,"max_hp_gain":0,"max_hp_loss":0,"event_name":"The Cleric","floor":2,"gold_loss":0},{"cards_removed":["Capacitor"],"damage_healed":55,"gold_gain":0,"player_choice":"Offered Uncommon","damage_taken":0,"max_hp_gain":0,"max_hp_loss":0,"event_name":"Bonfire Elementals","floor":11,"gold_loss":0}],"is_beta":false,"boss_relics":[],"items_purged_floors":[],"is_endless":false,"potions_floor_spawned":[1,7,10],"killed_by":"Hexaghost","ascension_level":20}