{"gold_per_floor":[109,109,126,139,154,183,183,183,237,264,264,275,307,318,318,395,395,414,414,414,414,429,448,459,459,482,482,493,526,526,526,526,598,598,611,210,227,227,1226,1226,907,907,933,933,475,494,517,531,531,531],"floor_reached":50,"playtime":2434,"items_purged":["Doubt","Normality","Normality"],"score":1010,"play_id":"54e8893c-d9ce-42d8-8b4c-ed0cd71fa2eb","local_time":"20190303143811","is_ascension_mode":true,"campfire_choices":[{"data":"Rampage","floor":7.0,"key":"SMITH"},{"data":"True Grit","floor":11.0,"key":"SMITH"},{"data":"Armaments","floor":15.0,"key":"SMITH"},{"data":"Bash","floor":25.0,"key":"SMITH"},{"data":"Offering","floor":27.0,"key":"SMITH"},{"data":"Entrench","floor":32.0,"key":"SMITH"},{"data":"Fiend Fire","floor":40,"key":"SMITH"},{"data":"Feel No Pain","floor":42,"key":"SMITH"},{"floor":44,"key":"RECALL"},{"floor":49,"key":"REST"}],"neow_cost":"NONE","seed_source_timestamp":136713195834000,"circlet_count":0,"master_deck":["AscendersBane","Bash+1","Shrug It Off","Rampage+1","True Grit+1","Headbutt","Offering+1","Armaments+1","Offering","Shrug It Off+1","Bite","Bite","Bite","Bite+1","Bite+1","Ghostly Armor","Power Through","Entrench+1","Feel No Pain+1","Offering","Fiend Fire+1","Warcry","Power Through","Flex","Corruption","Burning Pact+1","Injury","True Grit","Pain","Rage"],"special_seed":0,"relics":["Burning Blood","NeowsBlessing","Ornamental Fan","Bronze Scales","Regal Pillow","Centennial Puzzle","Cursed Key","Nilry\u0027s Codex","Lantern","Pandora\u0027s Box","WingedGreaves","Dream Catcher","Whetstone","Turnip","Bag of Marbles"],"potions_floor_usage":[33,46],"damage_taken":[{"damage":0.0,"enemies":"2 Louse","floor":1.0,"turns":1.0},{"damage":0.0,"enemies":"Cultist","floor":3.0,"turns":1.0},{"damage":0.0,"enemies":"Jaw Worm","floor":4.0,"turns":1.0},{"damage":8.0,"enemies":"2 Fungi Beasts","floor":5.0,"turns":4.0},{"damage":24.0,"enemies":"3 Sentries","floor":6.0,"turns":8.0},{"damage":33.0,"enemies":"Gremlin Nob","floor":10.0,"turns":4.0},{"damage":11.0,"enemies":"Blue Slaver","floor":12.0,"turns":4.0},{"damage":11.0,"enemies":"3 Sentries","floor":13.0,"turns":7.0},{"damage":4.0,"enemies":"Looter","floor":14.0,"turns":3.0},{"damage":15.0,"enemies":"The Guardian","floor":16.0,"turns":9.0},{"damage":17.0,"enemies":"Shell Parasite","floor":18.0,"turns":3.0},{"damage":12.0,"enemies":"2 Thieves","floor":22.0,"turns":3.0},{"damage":11.0,"enemies":"Centurion and Healer","floor":23.0,"turns":7.0},{"damage":21.0,"enemies":"Sentry and Sphere","floor":24.0,"turns":5.0},{"damage":16.0,"enemies":"Chosen and Byrds","floor":28.0,"turns":3.0},{"damage":32.0,"enemies":"Slavers","floor":29.0,"turns":6.0},{"damage":47,"enemies":"Collector","floor":33,"turns":8},{"damage":37,"enemies":"3 Shapes","floor":35,"turns":11},{"damage":20,"enemies":"Orb Walker","floor":37,"turns":4},{"damage":30,"enemies":"3 Darklings","floor":46,"turns":6},{"damage":49,"enemies":"Transient","floor":48,"turns":6},{"damage":58,"enemies":"Time Eater","floor":50,"turns":10}],"seed_played":"-6167896150842286967","potions_obtained":[{"floor":2.0,"key":"SkillPotion"},{"floor":2.0,"key":"Ancient Potion"},{"floor":4.0,"key":"Weak Potion"},{"floor":5.0,"key":"AttackPotion"},{"floor":10.0,"key":"BloodPotion"},{"floor":13.0,"key":"Swift Potion"},{"floor":16.0,"key":"PowerPotion"},{"floor":18.0,"key":"Fire Potion"},{"floor":24.0,"key":"Fire Potion"},{"floor":29.0,"key":"Poison Potion"}],"is_trial":false,"path_per_floor":["M","?","M","M","M","E","R","?","T","E","R","M","E","M","R","B",null,"M","?","?","?","M","M","M","R","T","R","M","E","?","?","R","B",null,"M","$","M","?","?","R","$","R","T","R","$","M","T","M","R","B"],"character_chosen":"IRONCLAD","items_purchased":["WingedGreaves","Dream Catcher","SkillPotion","Turnip"],"campfire_rested":1,"item_purchase_floors":[36,41,41,45],"current_hp_per_floor":[74,74,75,75,73,55,55,48,48,21,21,23,18,20,20,11,59,48,27,27,27,31,52,52,52,52,52,52,42,42,42,42,27,46,33,33,35,35,35,35,35,35,35,35,35,40,40,21,49,4],"gold":531,"neow_bonus":"THREE_ENEMY_KILL","is_prod":false,"is_daily":false,"chose_seed":false,"campfire_upgraded":8,"win_rate":0,"timestamp":1551591491,"path_taken":["M","?","M","?","M","E","R","?","T","E","R","M","E","M","R","BOSS","M","?","?","?","M","M","M","R","T","R","M","E","?","?","R","BOSS","M","$","M","?","?","R","$","R","T","R","$","M","?","?","R","BOSS"],"build_version":"2019-01-23","purchased_purges":3,"victory":false,"max_hp_per_floor":[75,75,75,75,75,75,75,75,75,75,75,75,75,75,75,75,75,75,75,52,52,52,52,52,52,52,52,52,52,52,52,52,52,52,52,52,52,49,49,49,49,49,49,49,49,49,49,49,49,49],"card_choices":[{"not_picked":["Sever Soul","Iron Wave"],"picked":"Shrug It Off","floor":1.0},{"not_picked":["Cleave","Combust"],"picked":"Rampage","floor":3.0},{"not_picked":["Hemokinesis","Headbutt"],"picked":"True Grit","floor":4.0},{"not_picked":["Armaments","Infernal Blade"],"picked":"Headbutt","floor":5.0},{"not_picked":["Thunderclap","Clothesline","Burning Pact"],"picked":"SKIP","floor":6.0},{"not_picked":["Pommel Strike","Headbutt","Thunderclap"],"picked":"SKIP","floor":10.0},{"not_picked":["Blood for Blood","Body Slam","Wild Strike"],"picked":"SKIP","floor":12.0},{"not_picked":["Burning Pact","Body Slam"],"picked":"Offering","floor":13.0},{"not_picked":["Metallicize","Cleave"],"picked":"Armaments","floor":14.0},{"not_picked":["Juggernaut","Reaper"],"picked":"Offering","floor":16.0},{"not_picked":["Anger","Blood for Blood"],"picked":"Shrug It Off+1","floor":18.0},{"not_picked":["Havoc","Iron Wave"],"picked":"Ghostly Armor","floor":22.0},{"not_picked":["Headbutt+1","Armaments","Iron Wave"],"picked":"SKIP","floor":23.0},{"not_picked":["Carnage","Clash","Reckless Charge+1"],"picked":"SKIP","floor":24.0},{"not_picked":["Headbutt","Corruption"],"picked":"Power Through","floor":28.0},{"not_picked":["Carnage+1","Dropkick"],"picked":"Entrench","floor":29.0},{"not_picked":["Offering","Limit Break"],"picked":"Fiend Fire","floor":33},{"not_picked":["Shockwave","Carnage","Seeing Red"],"picked":"SKIP","floor":35},{"not_picked":["Rampage","Havoc"],"picked":"Burning Pact+1","floor":37},{"not_picked":["Sword Boomerang","Clash+1"],"picked":"True Grit","floor":46},{"not_picked":["Searing Blow","Wild Strike","Rage"],"picked":"SKIP","floor":48},{"not_picked":["Searing Blow","Wild Strike"],"picked":"Rage","floor":48}],"player_experience":1964711,"relics_obtained":[{"floor":6.0,"key":"Ornamental Fan"},{"floor":9.0,"key":"Bronze Scales"},{"floor":10.0,"key":"Regal Pillow"},{"floor":13.0,"key":"Centennial Puzzle"},{"floor":19.0,"key":"Nilry\u0027s Codex"},{"floor":29.0,"key":"Lantern"},{"floor":43,"key":"Whetstone"},{"floor":47,"key":"Bag of Marbles"}],"event_choices":[{"damage_healed":0.0,"max_hp_gain":0.0,"max_hp_loss":0.0,"gold_gain":0.0,"event_name":"Lab","player_choice":"Got Potions","floor":2.0,"gold_loss":0.0,"damage_taken":0.0},{"cards_removed":["Strike_R"],"damage_healed":0.0,"max_hp_gain":0.0,"max_hp_loss":0.0,"gold_gain":0.0,"event_name":"Golden Wing","player_choice":"Card Removal","floor":8.0,"gold_loss":0.0,"damage_taken":7.0},{"damage_healed":0.0,"max_hp_gain":0.0,"max_hp_loss":0.0,"gold_gain":0.0,"event_name":"Cursed Tome","player_choice":"Obtained Book","floor":19.0,"gold_loss":0.0,"damage_taken":21.0},{"damage_healed":0.0,"max_hp_gain":0.0,"max_hp_loss":23.0,"gold_gain":0.0,"event_name":"Vampires","player_choice":"Became a vampire","floor":20.0,"gold_loss":0.0,"damage_taken":0.0,"cards_obtained":["Bite","Bite","Bite","Bite","Bite"]},{"damage_healed":0.0,"max_hp_gain":0.0,"max_hp_loss":0.0,"gold_gain":0.0,"event_name":"The Mausoleum","player_choice":"Ignored","floor":21.0,"gold_loss":0.0,"damage_taken":0.0},{"damage_healed":0.0,"max_hp_gain":0.0,"max_hp_loss":0.0,"gold_gain":0.0,"event_name":"The Library","player_choice":"Read","floor":30.0,"gold_loss":0.0,"damage_taken":0.0,"cards_obtained":["Feel No Pain"]},{"damage_healed":0.0,"max_hp_gain":0.0,"max_hp_loss":0.0,"gold_gain":0.0,"event_name":"Match and Keep!","player_choice":"1 cards matched","floor":31.0,"gold_loss":0.0,"damage_taken":0.0,"cards_obtained":["Offering"]},{"damage_healed":0,"gold_gain":0,"player_choice":"Max HP","damage_taken":0,"max_hp_gain":0,"max_hp_loss":3,"event_name":"Winding Halls","floor":38,"gold_loss":0},{"damage_healed":0,"gold_gain":999,"player_choice":"Gold","damage_taken":0,"max_hp_gain":0,"max_hp_loss":0,"event_name":"MindBloom","floor":39,"gold_loss":0,"cards_obtained":["Normality","Normality"]}],"is_beta":false,"boss_relics":[{"not_picked":["Orrery","Snecko Eye"],"picked":"Cursed Key"},{"not_picked":["Fusion Hammer","Black Star"],"picked":"Pandora\u0027s Box"}],"items_purged_floors":[36,41,45],"is_endless":false,"potions_floor_spawned":[4,5,10,13,16,18,24,29],"killed_by":"Time Eater","ascension_level":20}