{"gold_per_floor":[115,115,161,121,135,170,170,190,265,284,309,325,325,344,344,422,422,435,465,476,496,30,58,109,109,109,109,127,402,413,54,54,132,132,143,143,18,18,35,65,65,77,148,148,180,180,208,228,228,228,228,228,228,22,47,47],"floor_reached":57,"playtime":2561,"items_purged":["Strike_B","Regret","Strike_B","Pain"],"score":2890,"play_id":"0a561a82-b8e7-4d63-b2bf-82523057d1b7","local_time":"20190223151858","is_ascension_mode":true,"campfire_choices":[{"data":"Zap","floor":7,"key":"SMITH"},{"data":"Electrodynamics","floor":13,"key":"SMITH"},{"data":"Capacitor","floor":15,"key":"SMITH"},{"floor":25,"key":"REST"},{"data":"Consume","floor":27,"key":"SMITH"},{"data":"Loop","floor":32,"key":"SMITH"},{"floor":41,"key":"RECALL"},{"floor":44,"key":"REST"},{"floor":49,"key":"REST"},{"floor":53,"key":"REST"}],"neow_cost":"NONE","seed_source_timestamp":269552590629500,"circlet_count":0,"master_deck":["AscendersBane","Strike_B","Defend_B","Defend_B","Defend_B","Zap+1","Dualcast","Stack","Ball Lightning","Capacitor+1","Electrodynamics+1","Conserve Battery","Reboot","Streamline+1","Consume+1","Defragment","Panacea","Loop+1","Coolheaded","Glacier","Seek","Coolheaded+1","Barrage+1","Hologram+1","Coolheaded","Cold Snap","Buffer","Purity+1","Deep Breath+1","Impatience+1","Coolheaded+1","Coolheaded+1","Reinforced Body+1","Glacier+1","Amplify+1","Hologram+1"],"relics":["Cracked Core","NeowsBlessing","DataDisk","Mango","Symbiotic Virus","Pocketwatch","Nuclear Battery","Red Mask","Runic Capacitor","Prayer Wheel","Bottled Tornado","Lee\u0027s Waffle","Fusion Hammer","WarpedTongs","Oddly Smooth Stone","Toxic Egg 2","Mummified Hand","Dream Catcher","Pantograph"],"potions_floor_usage":[12,16,21,23,30,50,56],"damage_taken":[{"damage":0,"enemies":"2 Louse","floor":1,"turns":1},{"damage":0,"enemies":"Jaw Worm","floor":5,"turns":1},{"damage":0,"enemies":"3 Sentries","floor":6,"turns":1},{"damage":1,"enemies":"Cultist","floor":8,"turns":3},{"damage":0,"enemies":"3 Louse","floor":10,"turns":2},{"damage":25,"enemies":"Lagavulin","floor":11,"turns":5},{"damage":5,"enemies":"Exordium Thugs","floor":12,"turns":3},{"damage":13,"enemies":"Large Slime","floor":14,"turns":3},{"damage":12,"enemies":"Slime Boss","floor":16,"turns":4},{"damage":0,"enemies":"Chosen","floor":18,"turns":3},{"damage":0,"enemies":"Masked Bandits","floor":19,"turns":1},{"damage":15,"enemies":"Shell Parasite","floor":20,"turns":4},{"damage":8,"enemies":"3 Cultists","floor":21,"turns":3},{"damage":33,"enemies":"Book of Stabbing","floor":23,"turns":4},{"damage":11,"enemies":"Centurion and Healer","floor":28,"turns":3},{"damage":12,"enemies":"Shelled Parasite and Fungi","floor":30,"turns":2},{"damage":17,"enemies":"Automaton","floor":33,"turns":6},{"damage":9,"enemies":"Orb Walker","floor":35,"turns":3},{"damage":3,"enemies":"3 Darklings","floor":39,"turns":3},{"damage":9,"enemies":"Giant Head","floor":40,"turns":9},{"damage":20,"enemies":"Jaw Worm Horde","floor":42,"turns":3},{"damage":11,"enemies":"Nemesis","floor":45,"turns":7},{"damage":11,"enemies":"Reptomancer","floor":47,"turns":4},{"damage":0,"enemies":"Sphere and 2 Shapes","floor":48,"turns":1},{"damage":11,"enemies":"Time Eater","floor":50,"turns":11},{"damage":17,"enemies":"Donu and Deca","floor":51,"turns":7},{"damage":25,"enemies":"Shield and Spear","floor":55,"turns":6},{"damage":41,"enemies":"The Heart","floor":56,"turns":14}],"seed_played":"-3670120926708420243","potions_obtained":[{"floor":4,"key":"FocusPotion"},{"floor":4,"key":"PowerPotion"},{"floor":12,"key":"Fruit Juice"},{"floor":14,"key":"PowerPotion"},{"floor":19,"key":"SkillPotion"},{"floor":20,"key":"PowerPotion"},{"floor":23,"key":"FocusPotion"},{"floor":35,"key":"SneckoOil"},{"floor":47,"key":"GamblersBrew"}],"is_trial":false,"path_per_floor":["M","?","T","?","M","E","R","M","T","M","E","M","R","M","R","B",null,"M","?","M","M","$","E","T","R","T","R","M","?","M","$","R","B",null,"M","?","$","?","M","E","R","M","T","R","E","?","E","M","R","B","B",null,"R","$","E","B",null],"character_chosen":"DEFECT","items_purchased":["Runic Capacitor","Defragment","Panacea","Lee\u0027s Waffle","Glacier","Energy Potion"],"campfire_rested":4,"item_purchase_floors":[22,22,22,31,31,54],"current_hp_per_floor":[64,64,64,64,64,78,78,77,77,77,52,52,52,39,39,27,74,74,74,59,51,51,18,18,45,45,45,34,34,22,97,97,80,93,84,84,84,84,81,72,72,52,52,81,70,60,49,49,78,67,50,85,97,97,72,56],"gold":47,"neow_bonus":"THREE_ENEMY_KILL","is_prod":false,"is_daily":false,"chose_seed":false,"campfire_upgraded":5,"win_rate":0,"timestamp":1550902738,"path_taken":["M","?","?","?","M","E","R","M","T","M","E","?","R","M","R","BOSS","M","?","M","M","$","E","?","R","T","R","?","?","M","$","R","BOSS","M","?","$","?","?","E","R","M","T","R","E","?","E","M","R","BOSS","BOSS","R","$","E","BOSS"],"build_version":"2019-01-23","purchased_purges":4,"victory":true,"max_hp_per_floor":[71,71,71,71,71,85,85,85,85,85,85,90,90,90,90,90,90,90,90,90,90,90,90,90,90,90,90,90,90,90,97,97,97,97,97,97,97,97,97,97,97,97,97,97,97,97,97,97,97,97,97,97,97,97,97,97],"card_choices":[{"not_picked":["Go for the Eyes","Fusion","Genetic Algorithm"],"picked":"SKIP","floor":1},{"not_picked":["Conserve Battery","Barrage","Go for the Eyes"],"picked":"SKIP","floor":5},{"not_picked":["Turbo","Compile Driver","Sweeping Beam"],"picked":"SKIP","floor":6},{"not_picked":["Conserve Battery","Gash"],"picked":"Ball Lightning","floor":8},{"not_picked":["Stack","Redo"],"picked":"Capacitor","floor":10},{"not_picked":["Hello World","Rip and Tear"],"picked":"Electrodynamics","floor":11},{"not_picked":["Rebound","Gash"],"picked":"Conserve Battery","floor":12},{"not_picked":["Rebound","Steam","Leap"],"picked":"SKIP","floor":14},{"not_picked":["Hyperbeam","Meteor Strike"],"picked":"Reboot","floor":16},{"not_picked":["Barrage","Recycle"],"picked":"Streamline+1","floor":18},{"not_picked":["Streamline","Go for the Eyes"],"picked":"Consume","floor":20},{"not_picked":["Ball Lightning+1","Hologram","Streamline"],"picked":"SKIP","floor":21},{"not_picked":["Storm","Compile Driver"],"picked":"Loop","floor":23},{"not_picked":["Barrage+1","Loop"],"picked":"Coolheaded","floor":28},{"not_picked":["Recycle","Hello World+1","Force Field"],"picked":"SKIP","floor":28},{"not_picked":["Leap","Rebound","Sweeping Beam+1"],"picked":"SKIP","floor":30},{"not_picked":["Lockon","Sweeping Beam","Rebound"],"picked":"SKIP","floor":30},{"not_picked":["Electrodynamics","Fission"],"picked":"Seek","floor":33},{"not_picked":["Barrage","Beam Cell"],"picked":"Coolheaded+1","floor":35},{"not_picked":["Aggregate","Fusion","Rebound+1"],"picked":"SKIP","floor":35},{"not_picked":["Scrape+1","Gash"],"picked":"Barrage+1","floor":39},{"not_picked":["Conserve Battery","FTL+1","Tempest"],"picked":"SKIP","floor":39},{"not_picked":["Steam","Static Discharge+1"],"picked":"Hologram+1","floor":40},{"not_picked":["Beam Cell","Rebound"],"picked":"Coolheaded","floor":42},{"not_picked":["Consume","Sunder"],"picked":"Cold Snap","floor":42},{"not_picked":["Beam Cell","Melter"],"picked":"Buffer","floor":45},{"not_picked":["Madness+1","Flash of Steel"],"picked":"Purity+1","floor":46},{"not_picked":["Mind Blast","Blind+1"],"picked":"Deep Breath+1","floor":46},{"not_picked":["Purity+1","Madness+1"],"picked":"Impatience+1","floor":46},{"not_picked":["Redo+1","Conserve Battery+1"],"picked":"Coolheaded+1","floor":47},{"not_picked":["Barrage","Double Energy+1"],"picked":"Coolheaded+1","floor":48},{"not_picked":["FTL","Doom and Gloom"],"picked":"Reinforced Body+1","floor":48},{"not_picked":["Beam Cell+1","Hologram+1"],"picked":"Glacier+1","floor":49},{"not_picked":["Ball Lightning","Self Repair"],"picked":"Amplify+1","floor":53},{"not_picked":["Compile Driver","Storm+1"],"picked":"Hologram+1","floor":55}],"player_experience":1773565,"relics_obtained":[{"floor":3,"key":"DataDisk"},{"floor":6,"key":"Mango"},{"floor":9,"key":"Symbiotic Virus"},{"floor":11,"key":"Pocketwatch"},{"floor":19,"key":"Red Mask"},{"floor":23,"key":"Prayer Wheel"},{"floor":26,"key":"Bottled Tornado"},{"floor":40,"key":"Oddly Smooth Stone"},{"floor":43,"key":"Toxic Egg 2"},{"floor":45,"key":"Mummified Hand"},{"floor":47,"key":"Dream Catcher"},{"floor":55,"key":"Pantograph"}],"event_choices":[{"damage_healed":0,"gold_gain":0,"cards_transformed":["Defend_B"],"player_choice":"Change","damage_taken":0,"max_hp_gain":0,"max_hp_loss":0,"event_name":"Living Wall","floor":2,"gold_loss":0,"cards_obtained":["Stack"]},{"damage_healed":0,"gold_gain":0,"player_choice":"Bought 3 Potions","damage_taken":0,"max_hp_gain":0,"max_hp_loss":0,"event_name":"The Woman in Blue","floor":4,"gold_loss":0},{"damage_healed":0,"gold_gain":0,"player_choice":"Fought Bandits","damage_taken":0,"max_hp_gain":0,"max_hp_loss":0,"event_name":"Masked Bandits","floor":19,"gold_loss":0},{"damage_healed":0,"gold_gain":275,"player_choice":"Desecrate","damage_taken":0,"max_hp_gain":0,"max_hp_loss":0,"event_name":"Golden Shrine","floor":29,"gold_loss":0,"cards_obtained":["Regret"]},{"cards_removed":["Strike_B"],"damage_healed":0,"gold_gain":0,"player_choice":"Removed Attack","damage_taken":0,"max_hp_gain":0,"max_hp_loss":0,"event_name":"Falling","floor":36,"gold_loss":0},{"damage_healed":0,"gold_gain":0,"player_choice":"Rummage","damage_taken":0,"relics_obtained":["WarpedTongs"],"max_hp_gain":0,"max_hp_loss":0,"event_name":"Accursed Blacksmith","floor":38,"gold_loss":0,"cards_obtained":["Pain"]},{"damage_healed":0,"gold_gain":0,"player_choice":"Memory 3","damage_taken":10,"max_hp_gain":0,"max_hp_loss":0,"event_name":"SensoryStone","floor":46,"gold_loss":0}],"is_beta":false,"boss_relics":[{"not_picked":["Tiny House","White Beast Statue"],"picked":"Nuclear Battery"},{"not_picked":["Runic Pyramid","Coffee Dripper"],"picked":"Fusion Hammer"}],"items_purged_floors":[22,31,37,54],"is_endless":false,"potions_floor_spawned":[5,10,11,12,14,19,20,23,35,47],"ascension_level":20}