{"gold_per_floor":[117,117,136,152,164,164,192,7,7,7,7,18,50,50,50,129,179,190,190,20,32,32],"floor_reached":22,"playtime":1040,"items_purged":[],"score":320,"play_id":"60dd8ce1-5238-4ee9-b7a1-cec78681f1c4","local_time":"20180923124204","is_ascension_mode":true,"campfire_choices":[{"floor":6.0,"key":"REST"},{"floor":10.0,"key":"REST"},{"floor":15.0,"key":"REST"}],"neow_cost":"NONE","seed_source_timestamp":756348806797841,"circlet_count":0,"master_deck":["Strike_B","Strike_B","Strike_B","Strike_B","Defend_B","Defend_B","Defend_B","Defend_B","Zap+1","Dualcast","AscendersBane","FTL","Gash","Ball Lightning","Ball Lightning","Biased Cognition+1","Capacitor","FTL","Machine Learning","Bandage Up","Zap","Creative AI","Melter","Reprogram","Hello World","Conserve Battery","Self Repair"],"special_seed":0,"relics":["Cracked Core","Oddly Smooth Stone","Shuriken","Blue Candle","Tiny House"],"potions_floor_usage":[16,16,18,19,22],"damage_taken":[{"damage":2.0,"enemies":"2 Louse","floor":1.0,"turns":2.0},{"damage":0.0,"enemies":"Cultist","floor":3.0,"turns":2.0},{"damage":0.0,"enemies":"Small Slimes","floor":4.0,"turns":2.0},{"damage":8.0,"enemies":"3 Louse","floor":5.0,"turns":3.0},{"damage":20.0,"enemies":"Lagavulin","floor":7.0,"turns":5.0},{"damage":0.0,"enemies":"Gremlin Gang","floor":12.0,"turns":2.0},{"damage":20.0,"enemies":"3 Sentries","floor":13.0,"turns":6.0},{"damage":32,"enemies":"Hexaghost","floor":16,"turns":6},{"damage":15,"enemies":"Chosen","floor":18,"turns":5},{"damage":34,"enemies":"Colosseum Slavers","floor":19,"turns":3},{"damage":20,"enemies":"Shell Parasite","floor":21,"turns":4},{"damage":26,"enemies":"Snake Plant","floor":22,"turns":3}],"seed_played":"4972467619453516309","potions_obtained":[{"floor":1.0,"key":"Swift Potion"},{"floor":4.0,"key":"Dexterity Potion"},{"floor":13.0,"key":"PowerPotion"},{"floor":16,"key":"PowerPotion"},{"floor":17,"key":"AttackPotion"}],"is_trial":false,"path_per_floor":["M","?","M","M","M","R","E","$","T","R","?","M","E","?","R","B",null,"M","?","$","M"],"character_chosen":"DEFECT","items_purchased":["Capacitor","PowerPotion","PowerPotion","PowerPotion","Hello World","Conserve Battery"],"campfire_rested":3,"item_purchase_floors":[8,8,8,20,20,20],"current_hp_per_floor":[73,73,73,73,65,82,62,62,62,82,82,82,69,69,82,58,81,70,40,40,24,0],"gold":32,"neow_bonus":"TEN_PERCENT_HP_BONUS","is_prod":false,"is_daily":false,"chose_seed":false,"campfire_upgraded":0,"win_rate":0,"timestamp":1537695724,"path_taken":["M","?","M","?","M","R","E","$","T","R","?","M","E","?","R","BOSS","M","?","$","M","M"],"build_version":"2018-09-20","purchased_purges":0,"victory":false,"max_hp_per_floor":[82,82,82,82,82,82,82,82,82,82,82,82,82,82,82,82,87,87,87,87,87,87],"card_choices":[{"not_picked":["Steam Power","Tempest"],"picked":"FTL","floor":1.0},{"not_picked":["Go for the Eyes","Beam Cell"],"picked":"Gash","floor":3.0},{"not_picked":["Conserve Battery","Genetic Algorithm"],"picked":"Ball Lightning","floor":4.0},{"not_picked":["Rebound","Tempest"],"picked":"Ball Lightning","floor":5.0},{"not_picked":["Go for the Eyes","Stack"],"picked":"Biased Cognition","floor":7.0},{"not_picked":["Rebound","Steam"],"picked":"FTL","floor":12.0},{"not_picked":["Skim","Redo"],"picked":"Machine Learning","floor":13.0},{"not_picked":["Seek","All For One"],"picked":"Creative AI","floor":16},{"not_picked":["Beam Cell","Leap"],"picked":"Melter","floor":17},{"not_picked":["Melter","Scrape"],"picked":"Reprogram","floor":18},{"not_picked":["Gash","Redo"],"picked":"Self Repair","floor":21}],"player_experience":719618,"relics_obtained":[{"floor":7.0,"key":"Oddly Smooth Stone"},{"floor":9.0,"key":"Shuriken"},{"floor":13.0,"key":"Blue Candle"}],"event_choices":[{"event_name":"Living Wall","player_choice":"Grow","floor":2.0,"damage_taken":0.0},{"event_name":"Liars Game","player_choice":"disagreed","floor":11.0,"damage_taken":0.0},{"event_name":"Match and Keep!","player_choice":"2 cards matched","floor":14.0,"damage_taken":0.0},{"event_name":"Colosseum","player_choice":"Fight","floor":19,"damage_taken":0},{"event_name":"Colosseum","player_choice":"Fled From Nobs","floor":19,"damage_taken":0}],"is_beta":false,"boss_relics":[{"not_picked":["Runic Pyramid","Cursed Key"],"picked":"Tiny House"}],"items_purged_floors":[],"is_endless":false,"potions_floor_spawned":[1,4,13,16,19],"killed_by":"Snake Plant","ascension_level":13}