{"gold_per_floor":[111,111,26,26,26,59,76,107,107,107,407,407,441,441,441,441],"floor_reached":16,"playtime":260,"items_purged":[],"score":278,"play_id":"b30fe24e-cd89-4fb4-b51f-25765b2d1e90","local_time":"20190312150558","is_ascension_mode":true,"campfire_choices":[{"floor":10,"key":"REST"},{"data":"Static Discharge","floor":15,"key":"SMITH"}],"neow_cost":"NONE","seed_source_timestamp":276850913086800,"circlet_count":0,"master_deck":["AscendersBane","Strike_B","Strike_B","Strike_B","Defend_B","Defend_B","Defend_B","Defend_B","Zap","Dualcast","Regret","Defragment","Aggregate","Static Discharge+1","White Noise","Injury"],"relics":["Cracked Core","NeowsBlessing","Kunai","Calipers","Bag of Marbles","Regal Pillow","Old Coin","Golden Idol","Lantern"],"potions_floor_usage":[13,16],"damage_taken":[{"damage":0,"enemies":"Small Slimes","floor":1,"turns":1},{"damage":0,"enemies":"Lagavulin","floor":6,"turns":1},{"damage":0,"enemies":"2 Louse","floor":7,"turns":1},{"damage":44,"enemies":"3 Sentries","floor":8,"turns":6},{"damage":38,"enemies":"Gremlin Nob","floor":13,"turns":4},{"damage":3,"enemies":"Hexaghost","floor":16,"turns":4}],"seed_played":"-5070947715086113670","potions_obtained":[{"floor":7,"key":"Poison Potion"},{"floor":13,"key":"SkillPotion"}],"is_trial":false,"path_per_floor":["M","?","$","?","?","E","M","E","T","R","?","?","E","?","R","B"],"character_chosen":"DEFECT","items_purchased":["Defragment"],"campfire_rested":1,"item_purchase_floors":[3],"current_hp_per_floor":[64,64,64,64,64,64,64,20,20,56,45,45,7,7,7,4],"gold":441,"neow_bonus":"THREE_ENEMY_KILL","is_prod":false,"is_daily":false,"chose_seed":false,"campfire_upgraded":1,"win_rate":0,"timestamp":1552370758,"path_taken":["M","?","$","?","?","E","?","E","T","R","?","?","E","?","R","BOSS"],"build_version":"2019-01-23","purchased_purges":0,"victory":false,"max_hp_per_floor":[71,71,71,71,71,71,71,71,71,71,71,64,64,64,64,64],"card_choices":[{"not_picked":["Steam","Storm","Conserve Battery"],"picked":"SKIP","floor":1},{"not_picked":["Double Energy","Chaos","Streamline"],"picked":"SKIP","floor":6},{"not_picked":["Streamline","Ball Lightning"],"picked":"Static Discharge","floor":7},{"not_picked":["Compile Driver","Hello World","Go for the Eyes"],"picked":"SKIP","floor":8},{"not_picked":["Multi-Cast","Streamline"],"picked":"White Noise","floor":13}],"player_experience":2211632,"relics_obtained":[{"floor":6,"key":"Calipers"},{"floor":8,"key":"Bag of Marbles"},{"floor":9,"key":"Regal Pillow"},{"floor":13,"key":"Lantern"}],"event_choices":[{"damage_healed":0,"gold_gain":0,"player_choice":"Box","damage_taken":0,"relics_obtained":["Kunai"],"max_hp_gain":0,"max_hp_loss":0,"event_name":"Big Fish","floor":2,"gold_loss":0,"cards_obtained":["Regret"]},{"damage_healed":0,"gold_gain":0,"player_choice":"Ignored","damage_taken":0,"max_hp_gain":0,"max_hp_loss":0,"event_name":"Liars Game","floor":4,"gold_loss":0},{"damage_healed":0,"gold_gain":0,"cards_transformed":["Strike_B"],"player_choice":"Transformed","damage_taken":0,"max_hp_gain":0,"max_hp_loss":0,"event_name":"Transmorgrifier","floor":5,"gold_loss":0,"cards_obtained":["Aggregate"]},{"damage_healed":0,"gold_gain":0,"player_choice":"Success","damage_taken":11,"relics_obtained":["Old Coin"],"max_hp_gain":0,"max_hp_loss":0,"event_name":"Scrap Ooze","floor":11,"gold_loss":0},{"damage_healed":0,"gold_gain":0,"player_choice":"Lose Max HP","damage_taken":0,"relics_obtained":["Golden Idol"],"max_hp_gain":0,"max_hp_loss":7,"event_name":"Golden Idol","floor":12,"gold_loss":0},{"damage_healed":0,"gold_gain":0,"player_choice":"1 cards matched","damage_taken":0,"max_hp_gain":0,"max_hp_loss":0,"event_name":"Match and Keep!","floor":14,"gold_loss":0,"cards_obtained":["Injury"]}],"is_beta":false,"boss_relics":[],"items_purged_floors":[],"is_endless":false,"potions_floor_spawned":[7,13],"killed_by":"Hexaghost","ascension_level":20}