{"gold_per_floor":[365,365,365,42,55,55,55,55,55,55,95,115,136,170,170,265,265,278,278,301,301,319,319],"floor_reached":23,"playtime":701,"items_purged":[],"score":448,"play_id":"651c8863-89c5-4435-bfe7-28cdb4660691","local_time":"20190317172804","is_ascension_mode":true,"campfire_choices":[{"floor":6,"key":"REST"},{"data":"Zap","floor":8,"key":"SMITH"},{"floor":15,"key":"REST"}],"neow_cost":"TEN_PERCENT_HP_LOSS","seed_source_timestamp":23536305871300,"circlet_count":0,"master_deck":["AscendersBane","Strike_B","Strike_B","Strike_B","Strike_B+1","Defend_B+1","Defend_B","Defend_B","Zap+1","Dualcast","Echo Form","FTL","Coolheaded","Undo","Electrodynamics+1","White Noise","Chill"],"relics":["Cracked Core","Golden Idol","Regal Pillow","Frozen Egg 2","Bag of Preparation","Question Card","Nuclear Battery"],"potions_floor_usage":[14,16,23],"damage_taken":[{"damage":7,"enemies":"Small Slimes","floor":1,"turns":3},{"damage":0,"enemies":"2 Louse","floor":5,"turns":3},{"damage":31,"enemies":"Gremlin Nob","floor":11,"turns":4},{"damage":1,"enemies":"Cultist","floor":12,"turns":3},{"damage":1,"enemies":"Blue Slaver","floor":13,"turns":3},{"damage":0,"enemies":"Lagavulin","floor":14,"turns":6},{"damage":33,"enemies":"The Guardian","floor":16,"turns":12},{"damage":16,"enemies":"Shell Parasite","floor":18,"turns":6},{"damage":0,"enemies":"Chosen","floor":20,"turns":5},{"damage":15,"enemies":"Snake Plant","floor":22,"turns":5},{"damage":24,"enemies":"Gremlin Leader","floor":23,"turns":5}],"seed_played":"7683517345419257846","potions_obtained":[{"floor":11,"key":"SteroidPotion"},{"floor":14,"key":"PowerPotion"},{"floor":16,"key":"EssenceOfSteel"},{"floor":20,"key":"SpeedPotion"},{"floor":22,"key":"AttackPotion"}],"is_trial":false,"path_per_floor":["M","?","?","$","M","R","?","R","T","$","E","M","M","E","R","B",null,"M","?","M","?","M","E"],"character_chosen":"DEFECT","items_purchased":["Regal Pillow","Echo Form"],"campfire_rested":2,"item_purchase_floors":[4,4],"current_hp_per_floor":[57,38,16,16,16,50,50,50,50,50,19,18,17,17,51,18,53,37,37,37,37,22,0],"gold":319,"neow_bonus":"TWO_FIFTY_GOLD","is_prod":false,"is_daily":false,"chose_seed":false,"campfire_upgraded":1,"win_rate":0,"timestamp":1552811284,"path_taken":["M","?","?","$","M","R","?","R","T","$","E","M","M","E","R","BOSS","M","?","M","?","?","E"],"build_version":"2019-01-23","purchased_purges":0,"victory":false,"max_hp_per_floor":[64,64,64,64,64,64,64,64,64,64,64,64,64,64,64,64,64,64,64,64,64,64,64],"card_choices":[{"not_picked":["Gash","Compile Driver","Heatsinks"],"picked":"SKIP","floor":1},{"not_picked":["Go for the Eyes","Storm"],"picked":"FTL","floor":5},{"not_picked":["Force Field","FTL","Fusion"],"picked":"SKIP","floor":11},{"not_picked":["Beam Cell","Sweeping Beam","Scrape"],"picked":"SKIP","floor":12},{"not_picked":["Barrage","Ball Lightning"],"picked":"Undo","floor":13},{"not_picked":["Barrage","FTL","Conserve Battery"],"picked":"SKIP","floor":14},{"not_picked":["Thunder Strike","Meteor Strike","Hyperbeam"],"picked":"Electrodynamics+1","floor":16},{"not_picked":["FTL","Rebound","Blizzard"],"picked":"White Noise","floor":18},{"not_picked":["Turbo","Go for the Eyes","Barrage","Heatsinks+1"],"picked":"SKIP","floor":20},{"not_picked":["Steam","Compile Driver+1","Leap","Sunder"],"picked":"SKIP","floor":22}],"player_experience":2320433,"relics_obtained":[{"floor":9,"key":"Frozen Egg 2"},{"floor":11,"key":"Bag of Preparation"},{"floor":14,"key":"Question Card"}],"event_choices":[{"damage_healed":0,"gold_gain":0,"player_choice":"Entered Light","damage_taken":19,"max_hp_gain":0,"max_hp_loss":0,"event_name":"Shining Light","floor":2,"gold_loss":0,"cards_upgraded":["Strike_B","Defend_B"]},{"damage_healed":0,"gold_gain":0,"player_choice":"Take Damage","damage_taken":22,"relics_obtained":["Golden Idol"],"max_hp_gain":0,"max_hp_loss":0,"event_name":"Golden Idol","floor":3,"gold_loss":0},{"damage_healed":0,"gold_gain":0,"cards_transformed":["Defend_B"],"player_choice":"Change","damage_taken":0,"max_hp_gain":0,"max_hp_loss":0,"event_name":"Living Wall","floor":7,"gold_loss":0,"cards_obtained":["Coolheaded"]},{"damage_healed":0,"gold_gain":0,"player_choice":"Read","damage_taken":0,"max_hp_gain":0,"max_hp_loss":0,"event_name":"The Library","floor":19,"gold_loss":0,"cards_obtained":["Chill"]},{"damage_healed":0,"gold_gain":0,"player_choice":"Ignored","damage_taken":0,"max_hp_gain":0,"max_hp_loss":0,"event_name":"N\u0027loth","floor":21,"gold_loss":0}],"is_beta":false,"boss_relics":[{"not_picked":["Pandora\u0027s Box","Fusion Hammer"],"picked":"Nuclear Battery"}],"items_purged_floors":[],"is_endless":false,"potions_floor_spawned":[11,14,16,20,22],"killed_by":"Gremlin Leader","ascension_level":20}