{"path_per_floor":["M","M","?","M","$","R","M","?","T","E","M","R","?","$","R","B",null,"M","M","?","$","T","R","?"],"character_chosen":"DEFECT","items_purchased":["BootSequence","Self Repair","Beam Cell"],"gold_per_floor":[115,135,135,153,45,45,63,63,119,144,157,157,157,82,82,213,213,233,258,258,110,110,110,110,110],"floor_reached":25,"campfire_rested":0,"playtime":1169,"item_purchase_floors":[],"current_hp_per_floor":[66,61,61,61,61,61,52,57,57,44,48,48,48,48,48,70,73,57,57,57,57,57,57,57,0],"items_purged":["Strike_B","Strike_B"],"gold":110,"score":349,"play_id":"bb854ef6-cdaa-456c-8974-065257c5e3c6","local_time":"20180608132015","is_prod":false,"is_daily":false,"chose_seed":false,"is_ascension_mode":true,"campfire_upgraded":4,"win_rate":0,"timestamp":1528435215,"campfire_choices":[{"data":"Doom and Gloom","floor":6.0,"key":"SMITH"},{"data":"Zap","floor":12.0,"key":"SMITH"},{"data":"Dualcast","floor":15.0,"key":"SMITH"},{"data":"Loop","floor":23,"key":"SMITH"}],"path_taken":["M","M","?","M","$","R","M","?","T","E","M","R","?","?","R","BOSS","M","M","?","$","?","R","?","E"],"build_version":"2018-06-07","seed_source_timestamp":0,"purchased_purges":2,"victory":false,"master_deck":["Defend_B","Defend_B","Defend_B","Defend_B","Zap+1","Dualcast+1","Hologram","Doom and Gloom+1","Go for the Eyes","Compile Driver","BootSequence","Self Repair","All For One","Gash","Capacitor","Core Surge","Gash","Reprogram","Chaos","Defragment+1","Loop+1","Beam Cell"],"max_hp_per_floor":[75,75,75,75,75,75,75,80,80,80,80,80,74,74,74,74,74,74,74,74,74,74,74,74,74],"relics":["Cracked Core","Tiny Chest","Bag of Marbles","Golden Idol","Orrery","Ancient Tea Set"],"card_choices":[{"not_picked":["Genetic Algorithm","Static Discharge"],"picked":"Hologram","floor":1.0},{"not_picked":["Darkness","Rebound"],"picked":"Doom and Gloom","floor":2.0},{"not_picked":["Beam Cell","Ball Lightning"],"picked":"Compile Driver","floor":4.0},{"not_picked":["Stack","Heatsinks"],"picked":"All For One","floor":7.0},{"not_picked":["Tempest","Ball Lightning"],"picked":"Gash","floor":10.0},{"not_picked":["Leap","Barrage"],"picked":"Capacitor","floor":11.0},{"not_picked":["Amplify","Thunder Strike"],"picked":"Core Surge","floor":16.0},{"not_picked":["Blizzard","Consume"],"picked":"Gash","floor":17},{"not_picked":["Rebound","Barrage"],"picked":"Reprogram","floor":17},{"not_picked":["Lockon","Sweeping Beam"],"picked":"Chaos","floor":17},{"not_picked":["Go for the Eyes","Stack"],"picked":"Defragment+1","floor":18},{"not_picked":["Redo+1","Sweeping Beam"],"picked":"Loop","floor":19}],"player_experience":406206,"potions_floor_usage":[19,25],"damage_taken":[{"damage":2.0,"enemies":"Jaw Worm","floor":1.0,"turns":3.0},{"damage":5.0,"enemies":"2 Louse","floor":2.0,"turns":2.0},{"damage":0.0,"enemies":"Small Slimes","floor":4.0,"turns":2.0},{"damage":16.0,"enemies":"Gremlin Gang","floor":7.0,"turns":3.0},{"damage":20.0,"enemies":"Lagavulin","floor":10.0,"turns":7.0},{"damage":3.0,"enemies":"Looter","floor":11.0,"turns":3.0},{"damage":0.0,"enemies":"Slime Boss","floor":16.0,"turns":7.0},{"damage":23,"enemies":"Spheric Guardian","floor":18,"turns":4},{"damage":7,"enemies":"Shell Parasite","floor":19,"turns":3},{"damage":76,"enemies":"Book of Stabbing","floor":25,"turns":5}],"relics_obtained":[{"floor":9.0,"key":"Tiny Chest"},{"floor":10.0,"key":"Bag of Marbles"},{"floor":22,"key":"Ancient Tea Set"}],"event_choices":[{"event_name":"Living Wall","player_choice":"Change","floor":3.0,"damage_taken":0.0},{"event_name":"Big Fish","player_choice":"Donut","floor":8.0,"damage_taken":0.0},{"event_name":"Golden Idol","player_choice":"Lose Max HP","floor":13.0,"damage_taken":0.0},{"event_name":"Vampires","player_choice":"Ignored","floor":20,"damage_taken":0},{"event_name":"Bonfire Elementals","player_choice":"BASIC","floor":24,"damage_taken":0}],"boss_relics":[{"not_picked":["Pandora\u0027s Box","Eternal Feather"],"picked":"Orrery"}],"items_purged_floors":[],"potions_floor_spawned":[2,4,10,18,19],"seed_played":"8586801863770920827","killed_by":"Book of Stabbing","ascension_level":8,"potions_obtained":[{"floor":2.0,"key":"Energy Potion"},{"floor":4.0,"key":"Fire Potion"},{"floor":10.0,"key":"Regen Potion"},{"floor":18,"key":"AttackPotion"},{"floor":19,"key":"Regen Potion"}],"is_trial":false}