{"gold_per_floor":[212,225,225,29,39,39,64,64,64,64,99,99,126,201,201,274,274,285,285,384,334,334,334,362,22,46,46,62,62],"floor_reached":29,"playtime":1595,"items_purged":["Defend_B","Defend_B"],"score":446,"play_id":"1677286d-b504-4ab1-8705-b697b0a5509c","local_time":"20181121091303","is_ascension_mode":true,"campfire_choices":[{"data":"Zap","floor":6,"key":"SMITH"},{"floor":15,"key":"REST"},{"data":"Lockon","floor":23,"key":"SMITH"}],"neow_cost":"NONE","seed_source_timestamp":953522577907524,"circlet_count":0,"master_deck":["AscendersBane","Defend_B","Defend_B","Zap+1","Dualcast","Auto Shields","FTL","Capacitor","Lockon+1","Beam Cell","Compile Driver","Glacier","Echo Form","Hologram","Bite","Bite","Bite","Bite","Bite","Fission","Electrodynamics","Ball Lightning","Dark Shackles","Barrage"],"relics":["Cracked Core","Matryoshka","Runic Capacitor","Smiling Mask","Juzu Bracelet","Shuriken","Question Card","Dream Catcher","Snecko Eye","Ancient Tea Set","Bag of Marbles","Blood Vial","GremlinMask"],"potions_floor_usage":[7,13,24],"damage_taken":[{"damage":1,"enemies":"2 Louse","floor":1,"turns":3},{"damage":2,"enemies":"Jaw Worm","floor":2,"turns":3},{"damage":7,"enemies":"Small Slimes","floor":5,"turns":3},{"damage":18,"enemies":"Lagavulin","floor":7,"turns":7},{"damage":20,"enemies":"Gremlin Nob","floor":11,"turns":4},{"damage":24,"enemies":"3 Sentries","floor":13,"turns":7},{"damage":9,"enemies":"Hexaghost","floor":16,"turns":9},{"damage":7,"enemies":"Spheric Guardian","floor":18,"turns":5},{"damage":48,"enemies":"Colosseum Slavers","floor":22,"turns":4},{"damage":16,"enemies":"Book of Stabbing","floor":24,"turns":8},{"damage":10,"enemies":"Shell Parasite","floor":28,"turns":5},{"damage":52,"enemies":"3 Cultists","floor":29,"turns":4}],"seed_played":"3654418339181313593","potions_obtained":[{"floor":2,"key":"Explosive Potion"},{"floor":5,"key":"EssenceOfSteel"},{"floor":16,"key":"Block Potion"},{"floor":28,"key":"SmokeBomb"}],"is_trial":false,"path_per_floor":["M","M","?","$","M","R","E","?","T","?","E","?","E","?","R","B",null,"M","?","?","$","?","R","E","$","T","?","M","M"],"character_chosen":"DEFECT","items_purchased":["Runic Capacitor","Electrodynamics","Ball Lightning","Dark Shackles"],"campfire_rested":1,"item_purchase_floors":[4,25,25,25],"current_hp_per_floor":[67,65,58,58,51,51,33,58,58,58,38,38,14,3,25,16,60,53,52,52,52,16,16,22,22,22,22,26,0],"gold":62,"neow_bonus":"HUNDRED_GOLD","is_prod":false,"is_daily":false,"chose_seed":false,"campfire_upgraded":2,"win_rate":0,"timestamp":1542762783,"path_taken":["M","M","?","$","M","R","E","?","T","?","E","?","E","?","R","BOSS","M","?","?","$","?","R","E","$","T","?","M","M"],"build_version":"2018-11-15","purchased_purges":2,"victory":false,"max_hp_per_floor":[75,75,75,75,75,75,75,75,75,75,75,75,75,75,75,75,75,75,52,52,52,52,52,52,52,52,52,52,52],"card_choices":[{"not_picked":["Steam","Beam Cell"],"picked":"Auto Shields","floor":1},{"not_picked":["Compile Driver","Steam Power"],"picked":"FTL","floor":2},{"not_picked":["Leap","Coolheaded"],"picked":"Capacitor","floor":5},{"not_picked":["White Noise","Melter"],"picked":"Lockon","floor":7},{"not_picked":["Hello World","Aggregate"],"picked":"Beam Cell","floor":11},{"not_picked":["Rebound","Reprogram","Go for the Eyes"],"picked":"Glacier","floor":13},{"not_picked":["Meteor Strike","Electrodynamics","Creative AI"],"picked":"Echo Form","floor":16},{"not_picked":["Turbo","Stack","Hello World"],"picked":"Hologram","floor":18},{"not_picked":["Hologram+1","All For One","Static Discharge"],"picked":"Fission","floor":24},{"not_picked":["Cold Snap+1","Loop","Recycle+1"],"picked":"Barrage","floor":28}],"player_experience":508841,"relics_obtained":[{"floor":7,"key":"Smiling Mask"},{"floor":9,"key":"Juzu Bracelet"},{"floor":9,"key":"Shuriken"},{"floor":11,"key":"Question Card"},{"floor":13,"key":"Dream Catcher"},{"floor":24,"key":"Ancient Tea Set"},{"floor":26,"key":"Bag of Marbles"},{"floor":26,"key":"Blood Vial"}],"event_choices":[{"damage_healed":0,"gold_gain":0,"player_choice":"Success","damage_taken":7,"relics_obtained":["Matryoshka"],"max_hp_gain":0,"max_hp_loss":0,"event_name":"Scrap Ooze","floor":3,"gold_loss":0},{"damage_healed":25,"gold_gain":0,"player_choice":"Banana","damage_taken":0,"max_hp_gain":0,"max_hp_loss":0,"event_name":"Big Fish","floor":8,"gold_loss":0},{"damage_healed":0,"gold_gain":0,"player_choice":"Ignored","damage_taken":0,"max_hp_gain":0,"max_hp_loss":0,"event_name":"Liars Game","floor":10,"gold_loss":0},{"damage_healed":0,"gold_gain":0,"cards_transformed":["Strike_B"],"player_choice":"Transformed","damage_taken":0,"max_hp_gain":0,"max_hp_loss":0,"event_name":"Transmorgrifier","floor":12,"gold_loss":0,"cards_obtained":["Compile Driver"]},{"damage_healed":0,"gold_gain":75,"player_choice":"Gather Gold","damage_taken":11,"max_hp_gain":0,"max_hp_loss":0,"event_name":"World of Goop","floor":14,"gold_loss":0},{"damage_healed":0,"gold_gain":0,"player_choice":"Became a vampire","damage_taken":0,"max_hp_gain":0,"max_hp_loss":23,"event_name":"Vampires","floor":19,"gold_loss":0,"cards_obtained":["Bite","Bite","Bite","Bite","Bite"]},{"damage_healed":0,"gold_gain":99,"player_choice":"Stole From Cult","damage_taken":0,"max_hp_gain":0,"max_hp_loss":0,"event_name":"Nest","floor":20,"gold_loss":0},{"damage_healed":0,"gold_gain":0,"player_choice":"Fight","damage_taken":0,"max_hp_gain":0,"max_hp_loss":0,"event_name":"Colosseum","floor":22,"gold_loss":0},{"damage_healed":0,"gold_gain":0,"player_choice":"Fled From Nobs","damage_taken":0,"max_hp_gain":0,"max_hp_loss":0,"event_name":"Colosseum","floor":22,"gold_loss":0},{"damage_healed":0,"gold_gain":0,"player_choice":"Trade","damage_taken":0,"relics_obtained":["GremlinMask"],"max_hp_gain":0,"max_hp_loss":0,"event_name":"FaceTrader","floor":27,"gold_loss":0}],"is_beta":true,"boss_relics":[{"not_picked":["Cursed Key","Lizard Tail"],"picked":"Snecko Eye"}],"items_purged_floors":[21,25],"is_endless":false,"potions_floor_spawned":[2,5,16,22,28],"killed_by":"3 Cultists","ascension_level":13}