{"gold_per_floor":[368,2,2,19,19,19,46,46,46,59,134,134,149,5,5,82,82,99,111,23,40,140,140],"floor_reached":23,"playtime":747,"items_purged":[],"score":478,"play_id":"fde9c8c4-b2f7-4505-b55b-4343d5d2971c","local_time":"20190312171127","is_ascension_mode":true,"campfire_choices":[{"data":"Streamline","floor":6.0,"key":"SMITH"},{"floor":8.0,"key":"REST"},{"data":"Consume","floor":15,"key":"SMITH"}],"neow_cost":"CURSE","seed_source_timestamp":283877597469600,"circlet_count":0,"master_deck":["AscendersBane","Strike_B","Strike_B+1","Strike_B+1","Strike_B","Defend_B","Defend_B","Defend_B","Defend_B","Zap","Dualcast","Streamline+1","Consume+1","Self Repair","Electrodynamics","Chaos","Hologram","Heatsinks","Fission","Sunder+1","Seek","Go for the Eyes+1"],"special_seed":0,"relics":["Cracked Core","Mummified Hand","Whetstone","Cables","Cursed Key","Ginger","Gremlin Horn"],"potions_floor_usage":[16,21,22,23],"damage_taken":[{"damage":11.0,"enemies":"Jaw Worm","floor":1.0,"turns":3.0},{"damage":9.0,"enemies":"Small Slimes","floor":4.0,"turns":4.0},{"damage":50.0,"enemies":"3 Sentries","floor":7.0,"turns":7.0},{"damage":3.0,"enemies":"2 Louse","floor":10.0,"turns":2.0},{"damage":8,"enemies":"Exordium Wildlife","floor":13,"turns":3},{"damage":0,"enemies":"Slime Boss","floor":16,"turns":5},{"damage":0,"enemies":"Spheric Guardian","floor":18,"turns":2},{"damage":34,"enemies":"Shell Parasite","floor":19,"turns":4},{"damage":0,"enemies":"Cultist and Chosen","floor":21,"turns":3},{"damage":13,"enemies":"Colosseum Slavers","floor":22,"turns":4},{"damage":39,"enemies":"Colosseum Nobs","floor":22,"turns":5},{"damage":14,"enemies":"Book of Stabbing","floor":23,"turns":3}],"seed_played":"6364460333841404343","potions_obtained":[{"floor":4.0,"key":"Regen Potion"},{"floor":13,"key":"Fire Potion"},{"floor":18,"key":"Energy Potion"},{"floor":21,"key":"EssenceOfSteel"}],"is_trial":false,"path_per_floor":["M","$","?","M","?","R","E","R","T","M","?","T","M","$","R","B",null,"M","M","$","M","?","E"],"character_chosen":"DEFECT","items_purchased":["Mummified Hand","Consume","Heatsinks","PowerPotion","Seek"],"campfire_rested":1,"item_purchase_floors":[2,2,14,14,20],"current_hp_per_floor":[53,53,53,44,44,44,9,30,30,34,23,23,22,22,22,29,61,68,41,41,48,10,0],"gold":140,"neow_bonus":"TWO_FIFTY_GOLD","is_prod":false,"is_daily":false,"chose_seed":false,"campfire_upgraded":2,"win_rate":0,"timestamp":1552378287,"path_taken":["M","$","?","M","?","R","E","R","T","M","?","?","?","?","R","BOSS","M","?","$","M","?","E"],"build_version":"2019-01-23","purchased_purges":0,"victory":false,"max_hp_per_floor":[71,71,71,71,71,71,71,71,71,71,71,71,71,71,71,71,71,71,71,71,71,71,71],"card_choices":[{"not_picked":["Beam Cell","Redo"],"picked":"Streamline","floor":1.0},{"not_picked":["Auto Shields","Blizzard"],"picked":"Self Repair","floor":4.0},{"not_picked":["Streamline","Recycle"],"picked":"Electrodynamics","floor":7.0},{"not_picked":["Ball Lightning","Doom and Gloom"],"picked":"Chaos","floor":10.0},{"not_picked":["Steam Power","Rip and Tear"],"picked":"Hologram","floor":13},{"not_picked":["Machine Learning","Thunder Strike"],"picked":"Fission","floor":16},{"not_picked":["Rebound","Streamline","Sweeping Beam"],"picked":"SKIP","floor":18},{"not_picked":["Heatsinks","Barrage"],"picked":"Sunder+1","floor":19},{"not_picked":["Compile Driver","Hologram","Genetic Algorithm"],"picked":"SKIP","floor":21},{"not_picked":["Redo","Streamline"],"picked":"Go for the Eyes+1","floor":22}],"player_experience":2215736,"relics_obtained":[{"floor":7.0,"key":"Whetstone"},{"floor":9.0,"key":"Cables"},{"floor":22,"key":"Ginger"},{"floor":22,"key":"Gremlin Horn"}],"event_choices":[{"damage_healed":0.0,"max_hp_gain":0.0,"max_hp_loss":0.0,"gold_gain":0.0,"event_name":"Liars Game","player_choice":"Ignored","floor":3.0,"gold_loss":0.0,"damage_taken":0.0},{"cards_removed":["Decay"],"damage_healed":0.0,"max_hp_gain":0.0,"max_hp_loss":0.0,"gold_gain":0.0,"event_name":"Living Wall","player_choice":"Forget","floor":5.0,"gold_loss":0.0,"damage_taken":0.0},{"damage_healed":0.0,"max_hp_gain":0.0,"max_hp_loss":0.0,"gold_gain":75.0,"event_name":"World of Goop","player_choice":"Gather Gold","floor":11.0,"gold_loss":0.0,"damage_taken":11.0},{"damage_healed":0,"gold_gain":0,"player_choice":"Fight","damage_taken":0,"max_hp_gain":0,"max_hp_loss":0,"event_name":"Colosseum","floor":22,"gold_loss":0},{"damage_healed":0,"gold_gain":0,"player_choice":"Fought Nobs","damage_taken":0,"max_hp_gain":0,"max_hp_loss":0,"event_name":"Colosseum","floor":22,"gold_loss":0}],"is_beta":false,"boss_relics":[{"not_picked":["White Beast Statue","Runic Pyramid"],"picked":"Cursed Key"}],"items_purged_floors":[],"is_endless":false,"potions_floor_spawned":[4,13,18,21],"killed_by":"Book of Stabbing","ascension_level":20}