{"gold_per_floor":[13,33,44,44,4,4,24,24,24,56,56,56,90,108,108,213,213,203,215,215,226,240,240,240],"floor_reached":24,"playtime":1088,"items_purged":[],"score":360,"play_id":"e9056e57-628e-4d4e-ab64-a4df59f16ce3","local_time":"20190427140340","is_ascension_mode":true,"campfire_choices":[{"data":"Defragment","floor":6,"key":"SMITH"},{"data":"Zap","floor":8,"key":"SMITH"},{"floor":11,"key":"REST"},{"floor":15,"key":"REST"},{"floor":23,"key":"REST"}],"neow_cost":"NO_GOLD","seed_source_timestamp":246329918145700,"circlet_count":0,"master_deck":["Strike_B","Strike_B","Strike_B","Strike_B","Defend_B+1","Defend_B+1","Defend_B","Zap+1","Dualcast","BootSequence","Conserve Battery","Defragment+1","Cold Snap","Buffer","Reinforced Body+1","Coolheaded","Conserve Battery+1"],"relics":["Cracked Core","Bag of Preparation","PreservedInsect","White Beast Statue"],"potions_floor_usage":[10,13,16,18,21,22,22],"damage_taken":[{"damage":0,"enemies":"Small Slimes","floor":1,"turns":3},{"damage":1,"enemies":"2 Louse","floor":2,"turns":3},{"damage":1,"enemies":"Cultist","floor":3,"turns":3},{"damage":0,"enemies":"Large Slime","floor":7,"turns":5},{"damage":27,"enemies":"Lagavulin","floor":10,"turns":7},{"damage":21,"enemies":"Gremlin Nob","floor":13,"turns":4},{"damage":3,"enemies":"2 Fungi Beasts","floor":14,"turns":3},{"damage":0,"enemies":"The Guardian","floor":16,"turns":12},{"damage":17,"enemies":"2 Thieves","floor":18,"turns":5},{"damage":0,"enemies":"Spheric Guardian","floor":19,"turns":6},{"damage":0,"enemies":"Snecko","floor":21,"turns":6},{"damage":43,"enemies":"3 Cultists","floor":22,"turns":8},{"damage":58,"enemies":"Book of Stabbing","floor":24,"turns":8}],"seed_played":"4929133262779430788","potions_obtained":[{"floor":2,"key":"EssenceOfSteel"},{"floor":3,"key":"Ancient Potion"},{"floor":10,"key":"SkillPotion"},{"floor":13,"key":"Explosive Potion"},{"floor":14,"key":"EssenceOfSteel"},{"floor":18,"key":"Swift Potion"},{"floor":19,"key":"EssenceOfSteel"},{"floor":21,"key":"Explosive Potion"},{"floor":22,"key":"Fruit Juice"}],"is_trial":false,"path_per_floor":["M","M","M","?","$","R","M","R","T","E","R","?","E","M","R","B",null,"M","M","?","M","M","R","E"],"character_chosen":"DEFECT","items_purchased":["Defragment"],"campfire_rested":3,"item_purchase_floors":[5],"current_hp_per_floor":[82,81,80,62,62,62,62,62,62,35,61,61,40,37,63,63,83,66,66,66,66,28,56,0],"gold":240,"neow_bonus":"TWENTY_PERCENT_HP_BONUS","is_prod":false,"is_daily":false,"chose_seed":false,"campfire_upgraded":2,"win_rate":0,"timestamp":1556388220,"path_taken":["M","M","M","?","$","R","M","R","T","E","R","?","E","M","R","BOSS","M","M","?","M","M","R","E"],"build_version":"2019-01-23","purchased_purges":0,"victory":false,"max_hp_per_floor":[89,89,89,89,89,89,89,89,89,89,89,89,89,89,89,89,89,89,89,89,89,94,94,94],"card_choices":[{"not_picked":["Compile Driver","Barrage","Rebound"],"picked":"SKIP","floor":1},{"not_picked":["Rip and Tear","Conserve Battery"],"picked":"BootSequence","floor":2},{"not_picked":["Ball Lightning","Tempest"],"picked":"Conserve Battery","floor":3},{"not_picked":["Streamline","Leap","Doom and Gloom"],"picked":"SKIP","floor":7},{"not_picked":["Streamline","Sunder","Barrage"],"picked":"SKIP","floor":10},{"not_picked":["Sweeping Beam","Heatsinks"],"picked":"Cold Snap","floor":13},{"not_picked":["Skim","Steam Power","Turbo"],"picked":"SKIP","floor":14},{"not_picked":["Creative AI","Multi-Cast"],"picked":"Buffer","floor":16},{"not_picked":["Barrage","Gash"],"picked":"Reinforced Body+1","floor":18},{"not_picked":["Heatsinks","Gash"],"picked":"Coolheaded","floor":19},{"not_picked":["Reinforced Body","Go for the Eyes+1"],"picked":"Conserve Battery+1","floor":21},{"not_picked":["Streamline","Sweeping Beam","Static Discharge"],"picked":"SKIP","floor":22}],"player_experience":195244,"relics_obtained":[{"floor":10,"key":"Bag of Preparation"},{"floor":13,"key":"PreservedInsect"}],"event_choices":[{"damage_healed":0,"gold_gain":0,"player_choice":"Entered Light","damage_taken":18,"max_hp_gain":0,"max_hp_loss":0,"event_name":"Shining Light","floor":4,"gold_loss":0,"cards_upgraded":["Defend_B","Defend_B"]},{"cards_removed":["Defend_B"],"damage_healed":0,"gold_gain":0,"player_choice":"Card Removal","damage_taken":0,"max_hp_gain":0,"max_hp_loss":0,"event_name":"Wheel of Change","floor":12,"gold_loss":0},{"damage_healed":0,"gold_gain":0,"player_choice":"Ignored","damage_taken":0,"max_hp_gain":0,"max_hp_loss":0,"event_name":"Vampires","floor":20,"gold_loss":0}],"is_beta":false,"boss_relics":[{"not_picked":["Ectoplasm","Runic Pyramid"],"picked":"White Beast Statue"}],"items_purged_floors":[],"is_endless":false,"potions_floor_spawned":[2,3,10,13,14,18,19,21,22],"killed_by":"Book of Stabbing","ascension_level":6}