{"gold_per_floor":[118,118,118,15,15,15,44,61,61,61,86,86,86,98,98,175,175,188,72,82,82],"floor_reached":21,"playtime":486,"items_purged":["Strike_R"],"score":420,"play_id":"2c6bd2ba-63c1-4169-8bfc-7af794b5e81e","local_time":"20190310002700","is_ascension_mode":true,"campfire_choices":[{"data":"True Grit","floor":6,"key":"SMITH"},{"data":"Shockwave","floor":13,"key":"SMITH"},{"data":"Disarm","floor":15,"key":"SMITH"}],"neow_cost":"NONE","seed_source_timestamp":51085848673500,"circlet_count":0,"master_deck":["AscendersBane","Strike_R","Strike_R","Strike_R+1","Defend_R","Defend_R+1","Defend_R","Defend_R","Bash","Evolve","True Grit+1","Rampage+1","Shockwave+1","Disarm+1","Limit Break","Feel No Pain"],"relics":["Burning Blood","NeowsBlessing","Self Forming Clay","Matryoshka","PreservedInsect","Sozu"],"potions_floor_usage":[16,16,20],"damage_taken":[{"damage":0,"enemies":"Jaw Worm","floor":1,"turns":1},{"damage":0,"enemies":"Lagavulin","floor":7,"turns":2},{"damage":0,"enemies":"Small Slimes","floor":8,"turns":1},{"damage":48,"enemies":"Gremlin Nob","floor":11,"turns":5},{"damage":3,"enemies":"2 Louse","floor":14,"turns":4},{"damage":11,"enemies":"Hexaghost","floor":16,"turns":9},{"damage":16,"enemies":"Shell Parasite","floor":18,"turns":8},{"damage":30,"enemies":"3 Byrds","floor":20,"turns":8},{"damage":0,"enemies":"Snecko","floor":21,"turns":1}],"seed_played":"-13448349195137730","potions_obtained":[{"floor":11,"key":"AttackPotion"},{"floor":14,"key":"Weak Potion"},{"floor":16,"key":"Explosive Potion"}],"is_trial":false,"path_per_floor":["M","?","?","$","?","R","E","M","T","$","E","?","R","M","R","B",null,"M","$","M","M"],"character_chosen":"IRONCLAD","items_purchased":["Evolve","True Grit","Feel No Pain"],"campfire_rested":0,"item_purchase_floors":[4,4,19],"current_hp_per_floor":[74,67,44,44,44,44,50,56,56,56,14,14,14,17,17,12,59,49,49,25,25],"gold":82,"neow_bonus":"THREE_ENEMY_KILL","is_prod":false,"is_daily":false,"chose_seed":false,"campfire_upgraded":3,"win_rate":0,"timestamp":1552145220,"path_taken":["M","?","?","$","?","R","E","?","T","?","E","?","R","M","R","BOSS","M","$","M","?"],"build_version":"2019-01-23","purchased_purges":1,"victory":false,"max_hp_per_floor":[75,75,75,75,75,75,75,75,75,75,75,75,75,75,75,75,75,75,75,75,75],"card_choices":[{"not_picked":["Clothesline","Twin Strike","Havoc"],"picked":"SKIP","floor":1},{"not_picked":["Seeing Red","Flex"],"picked":"Rampage","floor":7},{"not_picked":["Perfected Strike","Warcry","Iron Wave"],"picked":"SKIP","floor":8},{"not_picked":["Carnage","Wild Strike"],"picked":"Shockwave","floor":11},{"not_picked":["Entrench","Body Slam"],"picked":"Disarm","floor":14},{"not_picked":["Brutality","Double Tap"],"picked":"Limit Break","floor":16},{"not_picked":["Sword Boomerang","Perfected Strike","Combust"],"picked":"SKIP","floor":18},{"not_picked":["Clash","Havoc","Pommel Strike"],"picked":"SKIP","floor":20}],"player_experience":2123844,"relics_obtained":[{"floor":7,"key":"Self Forming Clay"},{"floor":9,"key":"Matryoshka"},{"floor":11,"key":"PreservedInsect"}],"event_choices":[{"cards_removed":["Strike_R"],"damage_healed":0,"gold_gain":0,"player_choice":"Card Removal","damage_taken":7,"max_hp_gain":0,"max_hp_loss":0,"event_name":"Golden Wing","floor":2,"gold_loss":0},{"damage_healed":0,"gold_gain":0,"player_choice":"Entered Light","damage_taken":23,"max_hp_gain":0,"max_hp_loss":0,"event_name":"Shining Light","floor":3,"gold_loss":0,"cards_upgraded":["Strike_R","Defend_R"]},{"damage_healed":0,"gold_gain":0,"player_choice":"Leave","damage_taken":0,"max_hp_gain":0,"max_hp_loss":0,"event_name":"The Cleric","floor":5,"gold_loss":0},{"damage_healed":0,"gold_gain":0,"player_choice":"Upgraded","damage_taken":0,"max_hp_gain":0,"max_hp_loss":0,"event_name":"Upgrade Shrine","floor":12,"gold_loss":0,"cards_upgraded":["Rampage"]}],"is_beta":false,"boss_relics":[{"not_picked":["Lizard Tail","Orrery"],"picked":"Sozu"}],"items_purged_floors":[19],"is_endless":false,"potions_floor_spawned":[11,14,16,20],"killed_by":"Snecko","ascension_level":20}