{"gold_per_floor":[115,127,127,46,46,86,86,122,195,195,208,228,6,81,81,177,177,193,214,339,355,355,355,51,51,51,86,99,138,163,182,182,278,278,292,292,6,20,34,75,75,96,96,132,132,152,173,209,221,233,245,257,269,29,70,70],"floor_reached":57,"playtime":3222,"items_purged":["Strike_B","Strike_B"],"score":2884,"play_id":"b9014e7d-4e7b-4990-964b-0a244e22e468","local_time":"20190306125625","is_ascension_mode":true,"campfire_choices":[{"data":"Zap","floor":7.0,"key":"SMITH"},{"data":"Self Repair","floor":10.0,"key":"SMITH"},{"data":"Seek","floor":15.0,"key":"SMITH"},{"data":"Consume","floor":23,"key":"SMITH"},{"data":"Defragment","floor":25,"key":"SMITH"},{"data":"Capacitor","floor":32,"key":"SMITH"},{"data":"Creative AI","floor":41,"key":"SMITH"},{"data":"Defragment","floor":45,"key":"SMITH"},{"floor":49,"key":"RECALL"},{"data":"Seek","floor":53,"key":"SMITH"}],"neow_cost":"PERCENT_DAMAGE","seed_source_timestamp":124360338221800,"circlet_count":0,"master_deck":["AscendersBane","Strike_B","Defend_B","Defend_B","Defend_B","Zap+1","Dualcast","Seek+1","Seek+1","Chill","Self Repair+1","Rainbow","Leap","Barrage","Electrodynamics","Capacitor+1","Cold Snap","Turbo","Cold Snap","Consume+1","Defragment+1","Chill","Self Repair+1","Gash","Capacitor","Creative AI+1","Coolheaded","Coolheaded","Biased Cognition","Defragment+1","Blizzard+1","Cold Snap","FTL+1","Blizzard+1","Turbo","Cold Snap+1","Amplify","Biased Cognition"],"special_seed":0,"relics":["Cracked Core","Golden Idol","Art of War","Pear","Shuriken","OrangePellets","Runic Dome","Prayer Wheel","Kunai","Lee\u0027s Waffle","Meat on the Bone","Bag of Preparation","Boot","Inserter","Happy Flower","PreservedInsect","Molten Egg 2","MawBank","Pantograph"],"potions_floor_usage":[20,20,27,46,56,56],"damage_taken":[{"damage":3.0,"enemies":"2 Louse","floor":1.0,"turns":3.0},{"damage":0.0,"enemies":"Jaw Worm","floor":2.0,"turns":3.0},{"damage":2.0,"enemies":"Lagavulin","floor":6.0,"turns":7.0},{"damage":33.0,"enemies":"3 Sentries","floor":8.0,"turns":8.0},{"damage":0.0,"enemies":"Small Slimes","floor":11.0,"turns":3.0},{"damage":9.0,"enemies":"2 Fungi Beasts","floor":12.0,"turns":4.0},{"damage":13.0,"enemies":"The Guardian","floor":16.0,"turns":12.0},{"damage":2.0,"enemies":"3 Byrds","floor":18.0,"turns":2.0},{"damage":21.0,"enemies":"Chosen","floor":19.0,"turns":5.0},{"damage":9,"enemies":"Colosseum Slavers","floor":20,"turns":3},{"damage":20,"enemies":"Colosseum Nobs","floor":20,"turns":4},{"damage":16,"enemies":"Sentry and Sphere","floor":21,"turns":6},{"damage":27,"enemies":"Slavers","floor":27,"turns":3},{"damage":0,"enemies":"Centurion and Healer","floor":28,"turns":8},{"damage":24,"enemies":"Book of Stabbing","floor":29,"turns":6},{"damage":0,"enemies":"Snecko","floor":30,"turns":5},{"damage":0,"enemies":"Chosen and Byrds","floor":31,"turns":5},{"damage":3,"enemies":"Automaton","floor":33,"turns":9},{"damage":5,"enemies":"3 Shapes","floor":35,"turns":3},{"damage":6,"enemies":"3 Darklings","floor":38,"turns":3},{"damage":52,"enemies":"Transient","floor":39,"turns":6},{"damage":11,"enemies":"Giant Head","floor":40,"turns":9},{"damage":5,"enemies":"Writhing Mass","floor":42,"turns":7},{"damage":13,"enemies":"Nemesis","floor":44,"turns":5},{"damage":6,"enemies":"4 Shapes","floor":46,"turns":3},{"damage":0,"enemies":"Transient","floor":47,"turns":6},{"damage":0,"enemies":"Giant Head","floor":48,"turns":9},{"damage":15,"enemies":"Time Eater","floor":50,"turns":11},{"damage":13,"enemies":"Donu and Deca","floor":51,"turns":8},{"damage":30,"enemies":"Shield and Spear","floor":55,"turns":8},{"damage":78,"enemies":"The Heart","floor":56,"turns":11}],"seed_played":"-8128969562825266685","potions_obtained":[{"floor":1.0,"key":"Poison Potion"},{"floor":12.0,"key":"Dexterity Potion"},{"floor":16.0,"key":"Weak Potion"},{"floor":19.0,"key":"Strength Potion"},{"floor":20,"key":"PowerPotion"},{"floor":27,"key":"Poison Potion"},{"floor":33,"key":"Block Potion"},{"floor":46,"key":"FocusPotion"}],"is_trial":false,"path_per_floor":["M","M","?","$","?","E","R","E","T","R","M","M","$","?","R","B",null,"M","M","?","M","?","R","$","R","T","E","M","E","M","M","R","B",null,"M","?","$","M","M","E","R","M","T","E","R","M","M","E","R","B","B",null,"R","$","E","B",null],"character_chosen":"DEFECT","items_purchased":["FocusPotion","OrangePellets","Lee\u0027s Waffle","Defragment","PowerPotion","Happy Flower","Amplify"],"campfire_rested":0,"item_purchase_floors":[4,13,24,24,37,37,54],"current_hp_per_floor":[43,43,43,43,43,48,48,32,32,32,42,43,43,32,32,29,63,71,60,51,45,45,45,81,81,81,64,74,70,81,81,81,81,81,76,76,76,70,50,71,71,81,81,81,81,75,81,81,81,81,78,80,80,80,60,35],"gold":70,"neow_bonus":"TRANSFORM_TWO_CARDS","is_prod":false,"is_daily":false,"chose_seed":false,"campfire_upgraded":9,"win_rate":0,"timestamp":1551844585,"path_taken":["M","M","?","$","?","E","R","E","T","R","M","?","$","?","R","BOSS","M","M","?","M","?","R","?","R","T","E","M","E","?","M","R","BOSS","M","?","$","?","?","E","R","M","T","E","R","M","M","E","R","BOSS","BOSS","R","$","E","BOSS"],"build_version":"2019-01-23","purchased_purges":2,"victory":true,"max_hp_per_floor":[71,71,64,64,64,64,64,74,74,74,74,74,74,74,74,74,74,74,74,74,74,74,74,81,81,81,81,81,81,81,81,81,81,81,81,81,81,81,81,81,81,81,81,81,81,81,81,81,81,81,81,81,81,81,81,81],"card_choices":[{"not_picked":["Gash","Hologram"],"picked":"Chill","floor":1.0},{"not_picked":["Reprogram","Turbo"],"picked":"Self Repair","floor":2.0},{"not_picked":["Rebound","Force Field"],"picked":"Rainbow","floor":6.0},{"not_picked":["Beam Cell","Steam","Rebound"],"picked":"SKIP","floor":8.0},{"not_picked":["Genetic Algorithm","Sweeping Beam"],"picked":"Leap","floor":11.0},{"not_picked":["Meteor Strike","Ball Lightning"],"picked":"Barrage","floor":12.0},{"not_picked":["Buffer","Reboot"],"picked":"Electrodynamics","floor":16.0},{"not_picked":["Aggregate","Redo"],"picked":"Capacitor","floor":18.0},{"not_picked":["Barrage","Conserve Battery"],"picked":"Cold Snap","floor":19.0},{"not_picked":["Ball Lightning","Streamline"],"picked":"Turbo","floor":20},{"not_picked":["Hologram","Leap"],"picked":"Cold Snap","floor":21},{"not_picked":["Sunder","Ball Lightning"],"picked":"Consume","floor":21},{"not_picked":["Machine Learning","Conserve Battery"],"picked":"Chill","floor":27},{"not_picked":["Steam","Stack"],"picked":"Self Repair+1","floor":28},{"not_picked":["Streamline+1","Coolheaded"],"picked":"Gash","floor":28},{"not_picked":["Gash","Coolheaded"],"picked":"Capacitor","floor":29},{"not_picked":["Stack","Steam Power"],"picked":"Creative AI","floor":30},{"not_picked":["Aggregate","Cold Snap"],"picked":"Coolheaded","floor":30},{"not_picked":["Rip and Tear","Steam"],"picked":"Coolheaded","floor":31},{"not_picked":["Hello World","Go for the Eyes","Streamline"],"picked":"SKIP","floor":31},{"not_picked":["Echo Form","Multi-Cast"],"picked":"Biased Cognition","floor":33},{"not_picked":["Steam","Barrage"],"picked":"Defragment","floor":35},{"not_picked":["Go for the Eyes","Redo+1","Rebound"],"picked":"SKIP","floor":35},{"not_picked":["Sunder","Compile Driver"],"picked":"Blizzard+1","floor":38},{"not_picked":["Aggregate+1","Leap","Doom and Gloom"],"picked":"SKIP","floor":38},{"not_picked":["Turbo","Stack+1"],"picked":"Cold Snap","floor":39},{"not_picked":["Rebound+1","Streamline+1"],"picked":"FTL+1","floor":39},{"not_picked":["Ball Lightning","Turbo","Compile Driver+1"],"picked":"SKIP","floor":40},{"not_picked":["Rip and Tear","FTL","Meteor Strike"],"picked":"SKIP","floor":42},{"not_picked":["Darkness+1","Chaos","Fusion"],"picked":"SKIP","floor":42},{"not_picked":["Hologram","Cold Snap"],"picked":"Blizzard+1","floor":44},{"not_picked":["Steam","Barrage+1"],"picked":"Turbo","floor":46},{"not_picked":["Redo","Leap","Storm"],"picked":"SKIP","floor":46},{"not_picked":["Rebound+1","FTL+1","Fusion"],"picked":"SKIP","floor":47},{"not_picked":["Go for the Eyes+1","Steam+1","Sweeping Beam+1"],"picked":"SKIP","floor":47},{"not_picked":["Stack","Fusion"],"picked":"Cold Snap+1","floor":48},{"not_picked":["Recycle","Undo"],"picked":"Biased Cognition","floor":55}],"player_experience":2025517,"relics_obtained":[{"floor":6.0,"key":"Art of War"},{"floor":8.0,"key":"Pear"},{"floor":9.0,"key":"Shuriken"},{"floor":20,"key":"Prayer Wheel"},{"floor":20,"key":"Kunai"},{"floor":26,"key":"Meat on the Bone"},{"floor":27,"key":"Bag of Preparation"},{"floor":29,"key":"Boot"},{"floor":40,"key":"PreservedInsect"},{"floor":44,"key":"Molten Egg 2"},{"floor":48,"key":"MawBank"},{"floor":55,"key":"Pantograph"}],"event_choices":[{"damage_healed":0.0,"max_hp_gain":0.0,"max_hp_loss":7.0,"gold_gain":0.0,"event_name":"Golden Idol","player_choice":"Lose Max HP","floor":3.0,"gold_loss":0.0,"damage_taken":0.0,"relics_obtained":["Golden Idol"]},{"damage_healed":0.0,"max_hp_gain":0.0,"max_hp_loss":0.0,"gold_gain":0.0,"event_name":"Liars Game","player_choice":"Ignored","floor":5.0,"gold_loss":0.0,"damage_taken":0.0},{"damage_healed":0.0,"max_hp_gain":0.0,"max_hp_loss":0.0,"gold_gain":75.0,"event_name":"World of Goop","player_choice":"Gather Gold","floor":14.0,"gold_loss":0.0,"damage_taken":11.0},{"damage_healed":0,"gold_gain":0,"player_choice":"Fight","damage_taken":0,"max_hp_gain":0,"max_hp_loss":0,"event_name":"Colosseum","floor":20,"gold_loss":0},{"damage_healed":0,"gold_gain":0,"player_choice":"Fought Nobs","damage_taken":0,"max_hp_gain":0,"max_hp_loss":0,"event_name":"Colosseum","floor":20,"gold_loss":0},{"damage_healed":0,"gold_gain":0,"player_choice":"Ignored","damage_taken":0,"max_hp_gain":0,"max_hp_loss":0,"event_name":"Ghosts","floor":22,"gold_loss":0},{"damage_healed":0,"gold_gain":0,"player_choice":"Ignored","damage_taken":0,"max_hp_gain":0,"max_hp_loss":0,"event_name":"SecretPortal","floor":36,"gold_loss":0}],"is_beta":false,"boss_relics":[{"not_picked":["Philosopher\u0027s Stone","Velvet Choker"],"picked":"Runic Dome"},{"not_picked":["Lizard Tail","Empty Cage"],"picked":"Inserter"}],"items_purged_floors":[37,54],"is_endless":false,"potions_floor_spawned":[1,12,16,19,20,20,27,33,35,40,46,47,48],"ascension_level":20}