{"gold_per_floor":[116,128,128,143,143,143,43,66,66,110,110,110,110,35,35,161,161,180,195,195,95,95,95,115,115,141,141,141],"floor_reached":28,"playtime":936,"items_purged":["Defend_B","Defend_B"],"score":342,"play_id":"eac1b3a5-ca29-4627-9404-1faa494510dd","local_time":"20180906161505","is_ascension_mode":true,"campfire_choices":[{"data":"Zap","floor":6.0,"key":"SMITH"},{"data":"Dualcast","floor":13.0,"key":"SMITH"},{"floor":15.0,"key":"REST"},{"floor":23.0,"key":"REST"}],"neow_cost":"NONE","seed_source_timestamp":1893295452612825,"circlet_count":0,"master_deck":["Strike_B","Strike_B","Strike_B","Strike_B","Defend_B","Zap+1","Dualcast+1","AscendersBane","Steam","Beam Cell","Melter","Finesse","BootSequence","Steam","Go for the Eyes+1","Gash+1","Beam Cell+1","Steam","Redo","Gash+1"],"special_seed":0,"relics":["Cracked Core","Bloody Idol","Omamori","Molten Egg 2","Orrery","Lantern"],"potions_floor_usage":[],"damage_taken":[{"damage":0.0,"enemies":"Cultist","floor":1.0,"turns":4.0},{"damage":0.0,"enemies":"2 Louse","floor":2.0,"turns":2.0},{"damage":0.0,"enemies":"Small Slimes","floor":4.0,"turns":3.0},{"damage":13.0,"enemies":"Blue Slaver","floor":8.0,"turns":3.0},{"damage":25.0,"enemies":"Gremlin Nob","floor":10.0,"turns":4.0},{"damage":52.0,"enemies":"Hexaghost","floor":16.0,"turns":9.0},{"damage":0.0,"enemies":"Spheric Guardian","floor":18.0,"turns":2.0},{"damage":19.0,"enemies":"Shell Parasite","floor":19.0,"turns":6.0},{"damage":45.0,"enemies":"Snake Plant","floor":24.0,"turns":6.0},{"damage":28,"enemies":"Colosseum Slavers","floor":27,"turns":3},{"damage":10,"enemies":"Sentry and Sphere","floor":28,"turns":2}],"seed_played":"2936739749964320665","potions_obtained":[{"floor":1.0,"key":"GamblersBrew"},{"floor":4.0,"key":"FearPotion"},{"floor":8.0,"key":"LiquidBronze"},{"floor":10.0,"key":"LiquidBronze"},{"floor":18.0,"key":"SkillPotion"},{"floor":24.0,"key":"FearPotion"}],"is_trial":false,"path_per_floor":["M","M","?","M","$","R","$","M","T","E","?","?","R","$","R","B",null,"M","M","?","$","?","R","M","?","T","?"],"character_chosen":"DEFECT","items_purchased":["Finesse"],"campfire_rested":2,"item_purchase_floors":[7],"current_hp_per_floor":[75,75,75,75,75,75,75,62,62,37,37,62,62,62,76,24,63,63,44,44,44,44,66,26,26,31,3,0],"gold":141,"neow_bonus":"TEN_PERCENT_HP_BONUS","is_prod":false,"is_daily":false,"chose_seed":false,"campfire_upgraded":2,"win_rate":0,"timestamp":1536239705,"path_taken":["M","?","?","M","$","R","$","M","T","E","?","?","R","?","R","BOSS","M","M","?","$","?","R","M","?","T","?","?"],"build_version":"2018-08-30","purchased_purges":2,"victory":false,"max_hp_per_floor":[82,82,76,76,76,76,76,76,76,76,76,76,76,76,76,76,76,76,76,76,76,76,76,76,76,76,76,76],"card_choices":[{"not_picked":["Fusion","Sweeping Beam"],"picked":"Steam","floor":1.0},{"not_picked":["Tempest","Undo"],"picked":"Beam Cell","floor":2.0},{"not_picked":["Reprogram","Tempest"],"picked":"Melter","floor":4.0},{"not_picked":["Coolheaded","Sunder"],"picked":"BootSequence","floor":8.0},{"not_picked":["Chaos","Genetic Algorithm"],"picked":"Steam","floor":10.0},{"not_picked":["Recycle","Storm"],"picked":"Go for the Eyes+1","floor":17.0},{"not_picked":["Reinforced Body","Stack"],"picked":"Gash+1","floor":17.0},{"not_picked":["Electrodynamics","White Noise"],"picked":"Beam Cell+1","floor":17.0},{"not_picked":["Stack","Compile Driver+1"],"picked":"Steam","floor":17.0},{"not_picked":["Rebound+1","Stack"],"picked":"Redo","floor":17.0},{"not_picked":["Leap","Hello World","Ball Lightning+1"],"picked":"SKIP","floor":18.0},{"not_picked":["Doom and Gloom+1","Conserve Battery"],"picked":"Gash+1","floor":19.0},{"not_picked":["Glacier","Conserve Battery","Cold Snap+1"],"picked":"SKIP","floor":24.0}],"player_experience":687897,"relics_obtained":[{"floor":9.0,"key":"Omamori"},{"floor":10.0,"key":"Molten Egg 2"},{"floor":26.0,"key":"Lantern"}],"event_choices":[{"event_name":"Golden Idol","player_choice":"Lose Max HP","floor":3.0,"damage_taken":0.0},{"event_name":"The Woman in Blue","player_choice":"Bought 0 Potions","floor":11.0,"damage_taken":0.0},{"event_name":"Big Fish","player_choice":"Banana","floor":12.0,"damage_taken":0.0},{"event_name":"Forgotten Altar","player_choice":"Gave Idol","floor":20.0,"damage_taken":0.0},{"event_name":"Cursed Tome","player_choice":"Ignored","floor":22.0,"damage_taken":0.0},{"event_name":"Back to Basics","player_choice":"Elegance","floor":25.0,"damage_taken":0.0},{"event_name":"Colosseum","player_choice":"Fight","floor":27,"damage_taken":0},{"event_name":"Colosseum","player_choice":"Fled From Nobs","floor":27,"damage_taken":0}],"is_beta":false,"boss_relics":[{"not_picked":["Coffee Dripper","Black Star"],"picked":"Orrery"}],"items_purged_floors":[14,21],"is_endless":false,"potions_floor_spawned":[1,4,8,10,18,24],"killed_by":"Sentry and Sphere","ascension_level":12}