{"gold_per_floor":[119,29,29,48,58,58,74,74,74,74,100,100],"floor_reached":12,"playtime":309,"items_purged":[],"score":156,"play_id":"97896b0b-9030-42c2-97c3-7f78ceeca1bb","local_time":"20190328133728","is_ascension_mode":true,"campfire_choices":[{"data":"Consume","floor":6,"key":"SMITH"}],"neow_cost":"TEN_PERCENT_HP_LOSS","seed_source_timestamp":41467343643900,"circlet_count":0,"master_deck":["AscendersBane","Strike_B","Strike_B","Strike_B","Defend_B","Defend_B","Defend_B","Zap","Dualcast","Consume+1","Discovery","Coolheaded","Double Energy","Cold Snap","All For One","Ball Lightning"],"relics":["Cracked Core","Regal Pillow","The Courier"],"potions_floor_usage":[5,11],"damage_taken":[{"damage":6,"enemies":"Cultist","floor":1,"turns":4},{"damage":1,"enemies":"2 Louse","floor":4,"turns":3},{"damage":9,"enemies":"Jaw Worm","floor":5,"turns":3},{"damage":14,"enemies":"Blue Slaver","floor":7,"turns":4},{"damage":36,"enemies":"3 Sentries","floor":11,"turns":9},{"damage":0,"enemies":"Gremlin Gang","floor":12,"turns":1}],"seed_played":"5151552232943645730","potions_obtained":[{"floor":1,"key":"Weak Potion"},{"floor":4,"key":"SteroidPotion"}],"is_trial":false,"path_per_floor":["M","$","?","M","M","R","M","?","T","?","E","M"],"character_chosen":"DEFECT","items_purchased":["Discovery"],"campfire_rested":0,"item_purchase_floors":[2],"current_hp_per_floor":[58,58,58,57,48,48,34,55,55,55,19,19],"gold":100,"neow_bonus":"TRANSFORM_TWO_CARDS","is_prod":false,"is_daily":false,"chose_seed":false,"campfire_upgraded":1,"win_rate":0,"timestamp":1553747848,"path_taken":["M","$","?","?","M","R","M","?","T","?","E","M"],"build_version":"2019-01-23","purchased_purges":0,"victory":false,"max_hp_per_floor":[64,64,64,64,64,64,64,64,64,64,64,64],"card_choices":[{"not_picked":["Reprogram","Sweeping Beam","Auto Shields"],"picked":"SKIP","floor":1},{"not_picked":["Fusion","Gash","Melter"],"picked":"SKIP","floor":4},{"not_picked":["Barrage","Leap"],"picked":"Double Energy","floor":5},{"not_picked":["Streamline","Barrage"],"picked":"Cold Snap","floor":7},{"not_picked":["Darkness","Conserve Battery"],"picked":"Ball Lightning","floor":11}],"player_experience":2667926,"relics_obtained":[{"floor":9,"key":"Regal Pillow"},{"floor":11,"key":"The Courier"}],"event_choices":[{"damage_healed":0,"gold_gain":0,"player_choice":"1 cards matched","damage_taken":0,"max_hp_gain":0,"max_hp_loss":0,"event_name":"Match and Keep!","floor":3,"gold_loss":0,"cards_obtained":["Coolheaded"]},{"damage_healed":21,"gold_gain":0,"player_choice":"Banana","damage_taken":0,"max_hp_gain":0,"max_hp_loss":0,"event_name":"Big Fish","floor":8,"gold_loss":0},{"damage_healed":0,"gold_gain":0,"cards_transformed":["Force Field"],"player_choice":"Change","damage_taken":0,"max_hp_gain":0,"max_hp_loss":0,"event_name":"Living Wall","floor":10,"gold_loss":0,"cards_obtained":["All For One"]}],"is_beta":false,"boss_relics":[],"items_purged_floors":[],"is_endless":false,"potions_floor_spawned":[1,4],"killed_by":"Gremlin Gang","ascension_level":20}