{"gold_per_floor":[117,131,131,56,70,70,18,32,32,51,51,78,78,111,111,111],"floor_reached":16,"playtime":849,"items_purged":["Heatsinks"],"score":160,"play_id":"2b9a6977-b062-48c1-9144-3efab15351a7","local_time":"20180702012429","is_ascension_mode":true,"campfire_choices":[{"data":"Zap","floor":6,"key":"SMITH"},{"data":"Tempest","floor":13,"key":"SMITH"},{"data":"Consume","floor":15,"key":"SMITH"}],"neow_cost":"TEN_PERCENT_HP_LOSS","seed_source_timestamp":3071499617197129,"circlet_count":0,"master_deck":["Strike_B","Strike_B","Strike_B","Defend_B","Defend_B","Defend_B","Zap+1","Dualcast","Fission+1","Tempest+1","Reboot","Consume+1","Ball Lightning","Leap","Electrodynamics"],"relics":["Cracked Core","Letter Opener","Matryoshka","Toolbox"],"potions_floor_usage":[12,14,16],"damage_taken":[{"damage":6,"enemies":"Cultist","floor":1,"turns":3},{"damage":8,"enemies":"2 Louse","floor":2,"turns":2},{"damage":4,"enemies":"Jaw Worm","floor":5,"turns":3},{"damage":0,"enemies":"Large Slime","floor":8,"turns":4},{"damage":10,"enemies":"3 Louse","floor":10,"turns":3},{"damage":22,"enemies":"Lagavulin","floor":12,"turns":6},{"damage":13,"enemies":"3 Sentries","floor":14,"turns":3},{"damage":11,"enemies":"Hexaghost","floor":16,"turns":7}],"seed_played":"-6221056081146082221","potions_obtained":[{"floor":2,"key":"Dexterity Potion"},{"floor":8,"key":"Fire Potion"},{"floor":12,"key":"SteroidPotion"}],"is_trial":false,"path_per_floor":["M","M","?","$","M","R","$","M","T","M","?","E","R","E","R"],"character_chosen":"DEFECT","items_purchased":["Ball Lightning"],"campfire_rested":0,"item_purchase_floors":[7],"current_hp_per_floor":[62,54,59,59,55,55,55,55,55,45,45,23,23,10,10,0],"gold":111,"neow_bonus":"TRANSFORM_TWO_CARDS","is_prod":false,"is_daily":false,"chose_seed":false,"campfire_upgraded":3,"win_rate":0,"timestamp":1530465869,"path_taken":["M","?","?","$","M","R","$","M","T","M","?","E","R","E","R","BOSS"],"build_version":"2018-06-29","purchased_purges":1,"victory":false,"max_hp_per_floor":[68,68,73,73,73,73,73,73,73,73,73,73,73,73,73,73],"card_choices":[{"not_picked":["Conserve Battery","Turbo"],"picked":"Tempest","floor":1},{"not_picked":["Go for the Eyes","Cold Snap"],"picked":"Reboot","floor":2},{"not_picked":["Hologram","Rebound"],"picked":"Consume","floor":5},{"not_picked":["Beam Cell","Double Energy","Redo"],"picked":"SKIP","floor":8},{"not_picked":["Barrage","Machine Learning"],"picked":"Leap","floor":10},{"not_picked":["Gash","Stack","Rebound"],"picked":"SKIP","floor":12},{"not_picked":["White Noise","Ball Lightning"],"picked":"Electrodynamics","floor":14}],"player_experience":438834,"relics_obtained":[{"floor":9,"key":"Letter Opener"},{"floor":12,"key":"Matryoshka"},{"floor":14,"key":"Toolbox"}],"event_choices":[{"event_name":"Big Fish","player_choice":"Donut","floor":3,"damage_taken":0},{"event_name":"Living Wall","player_choice":"Grow","floor":11,"damage_taken":0}],"boss_relics":[],"items_purged_floors":[4],"is_endless":false,"potions_floor_spawned":[2,8,12],"killed_by":"Hexaghost","ascension_level":9}