{"gold_per_floor":[117,117,117,138,63,63,96,96,96,21,21,36,80,100,100,100],"floor_reached":16,"playtime":239,"items_purged":["Strike_R"],"score":316,"play_id":"dedda87e-0337-4d8d-aa46-b10d3f5e5f2b","local_time":"20190328180957","is_ascension_mode":true,"campfire_choices":[{"data":"Carnage","floor":6,"key":"SMITH"},{"data":"Bash","floor":11,"key":"SMITH"},{"data":"Berserk","floor":15,"key":"SMITH"}],"neow_cost":"NONE","seed_source_timestamp":401864849400,"circlet_count":0,"master_deck":["AscendersBane","Strike_R","Defend_R","Defend_R","Defend_R","Defend_R","Bash+1","Carnage+1","Second Wind","Infernal Blade","Berserk+1"],"relics":["Burning Blood","NeowsBlessing","Golden Idol","Blood Vial","Bird Faced Urn","Anchor"],"potions_floor_usage":[16],"damage_taken":[{"damage":0,"enemies":"2 Louse","floor":1,"turns":1},{"damage":0,"enemies":"Small Slimes","floor":4,"turns":1},{"damage":0,"enemies":"Lagavulin","floor":7,"turns":1},{"damage":7,"enemies":"Jaw Worm","floor":12,"turns":2},{"damage":0,"enemies":"Gremlin Nob","floor":13,"turns":3},{"damage":1,"enemies":"3 Louse","floor":14,"turns":3},{"damage":63,"enemies":"Slime Boss","floor":16,"turns":9}],"seed_played":"3609432654251513104","potions_obtained":[{"floor":7,"key":"Strength Potion"},{"floor":12,"key":"SmokeBomb"}],"is_trial":false,"path_per_floor":["M","?","?","M","$","R","E","?","T","?","R","M","E","M","R","B"],"character_chosen":"IRONCLAD","items_purchased":[],"campfire_rested":0,"item_purchase_floors":[],"current_hp_per_floor":[74,74,48,54,54,54,60,53,53,53,53,54,62,69,69,10],"gold":100,"neow_bonus":"THREE_ENEMY_KILL","is_prod":false,"is_daily":false,"chose_seed":false,"campfire_upgraded":3,"win_rate":0,"timestamp":1553764197,"path_taken":["M","?","?","M","?","R","E","?","T","?","R","M","E","?","R","BOSS"],"build_version":"2019-01-23","purchased_purges":1,"victory":false,"max_hp_per_floor":[75,75,75,75,75,75,75,75,75,75,75,75,75,75,75,75],"card_choices":[{"not_picked":["Flex","Havoc","Clash"],"picked":"SKIP","floor":1},{"not_picked":["Havoc","Clothesline"],"picked":"Carnage","floor":4},{"not_picked":["Cleave","Thunderclap","Clothesline"],"picked":"SKIP","floor":7},{"not_picked":["Pommel Strike","Shrug It Off"],"picked":"Second Wind","floor":12},{"not_picked":["Disarm","True Grit"],"picked":"Infernal Blade","floor":13},{"not_picked":["Armaments","Rage","Berserk"],"picked":"SKIP","floor":14},{"not_picked":["Armaments","Rage"],"picked":"Berserk","floor":14}],"player_experience":2679248,"relics_obtained":[{"floor":7,"key":"Blood Vial"},{"floor":9,"key":"Bird Faced Urn"},{"floor":13,"key":"Anchor"}],"event_choices":[{"cards_removed":["Strike_R"],"damage_healed":0,"gold_gain":0,"player_choice":"Forget","damage_taken":0,"max_hp_gain":0,"max_hp_loss":0,"event_name":"Living Wall","floor":2,"gold_loss":0},{"damage_healed":0,"gold_gain":0,"player_choice":"Take Damage","damage_taken":26,"relics_obtained":["Golden Idol"],"max_hp_gain":0,"max_hp_loss":0,"event_name":"Golden Idol","floor":3,"gold_loss":0},{"cards_removed":["Strike_R"],"damage_healed":0,"gold_gain":0,"player_choice":"Card Removal","damage_taken":7,"max_hp_gain":0,"max_hp_loss":0,"event_name":"Golden Wing","floor":8,"gold_loss":0},{"cards_removed":["Strike_R"],"damage_healed":0,"gold_gain":0,"player_choice":"Card Removal","damage_taken":0,"max_hp_gain":0,"max_hp_loss":0,"event_name":"The Cleric","floor":10,"gold_loss":75}],"is_beta":false,"boss_relics":[],"items_purged_floors":[5],"is_endless":false,"potions_floor_spawned":[7,12,13],"killed_by":"Slime Boss","ascension_level":20}