{"gold_per_floor":[118,118,118,118,134,134,148,181,181,181],"floor_reached":10,"playtime":206,"items_purged":[],"score":132,"play_id":"d17df42a-b8df-4b3c-af71-2dee04ec41af","local_time":"20190411132807","is_ascension_mode":true,"campfire_choices":[{"data":"Madness","floor":6,"key":"SMITH"}],"neow_cost":"TEN_PERCENT_HP_LOSS","seed_source_timestamp":387214490533700,"circlet_count":0,"master_deck":["AscendersBane","Strike_B","Strike_B","Strike_B","Strike_B","Defend_B","Defend_B","Defend_B","Defend_B","Zap","Dualcast","Good Instincts","Madness+1","Cold Snap","Ball Lightning","Rip and Tear","Defragment"],"relics":["Cracked Core","Golden Idol","Ice Cream","Ornamental Fan"],"potions_floor_usage":[8],"damage_taken":[{"damage":9,"enemies":"Jaw Worm","floor":1,"turns":5},{"damage":0,"enemies":"2 Louse","floor":5,"turns":2},{"damage":5,"enemies":"Small Slimes","floor":7,"turns":2},{"damage":16,"enemies":"3 Sentries","floor":8,"turns":7}],"seed_played":"8973886113186023248","potions_obtained":[{"floor":5,"key":"PowerPotion"},{"floor":8,"key":"Explosive Potion"}],"is_trial":false,"path_per_floor":["M","?","?","$","M","R","M","E","T","?"],"character_chosen":"DEFECT","items_purchased":[],"campfire_rested":0,"item_purchase_floors":[],"current_hp_per_floor":[55,60,60,60,60,60,55,39,39,0],"gold":181,"neow_bonus":"RANDOM_COLORLESS_2","is_prod":false,"is_daily":false,"chose_seed":false,"campfire_upgraded":1,"win_rate":0,"timestamp":1554956887,"path_taken":["M","?","?","?","M","R","M","E","T","?"],"build_version":"2019-01-23","purchased_purges":0,"victory":false,"max_hp_per_floor":[64,69,63,63,63,63,63,63,63,63],"card_choices":[{"not_picked":["Rebound","Compile Driver"],"picked":"Cold Snap","floor":1},{"not_picked":["Fusion","Rebound"],"picked":"Ball Lightning","floor":5},{"not_picked":["Sweeping Beam","Redo"],"picked":"Rip and Tear","floor":7},{"not_picked":["Go for the Eyes","Lockon"],"picked":"Defragment","floor":8}],"player_experience":3051325,"relics_obtained":[{"floor":8,"key":"Ice Cream"},{"floor":9,"key":"Ornamental Fan"}],"event_choices":[{"damage_healed":0,"gold_gain":0,"player_choice":"Donut","damage_taken":0,"max_hp_gain":5,"max_hp_loss":0,"event_name":"Big Fish","floor":2,"gold_loss":0},{"damage_healed":0,"gold_gain":0,"player_choice":"Lose Max HP","damage_taken":0,"relics_obtained":["Golden Idol"],"max_hp_gain":0,"max_hp_loss":6,"event_name":"Golden Idol","floor":3,"gold_loss":0}],"is_beta":false,"boss_relics":[],"items_purged_floors":[],"is_endless":false,"potions_floor_spawned":[5,8],"ascension_level":20}