{"gold_per_floor":[117,136,136,136,136,166,166,182,205,231,231,231,265,276,276,348,348,358,375,71,31,48,76,88,133,145,157,169,212,224,251,263,275],"floor_reached":33,"playtime":964,"items_purged":[],"score":942,"play_id":"bb46e7e2-f94d-45a0-b177-fe711b9e925d","local_time":"20190304162443","is_ascension_mode":true,"campfire_choices":[{"data":"Sunder","floor":7,"key":"SMITH"},{"data":"Zap","floor":12,"key":"SMITH"},{"data":"Dualcast","floor":15,"key":"SMITH"},{"data":"Beam Cell","floor":24,"key":"SMITH"},{"data":"Hologram","floor":27,"key":"SMITH"},{"data":"Capacitor","floor":32,"key":"SMITH"}],"neow_cost":"NONE","seed_source_timestamp":230988623705300,"circlet_count":0,"master_deck":["AscendersBane","Strike_B","Strike_B","Strike_B","Strike_B","Defend_B+1","Defend_B","Defend_B","Defend_B+1","Zap+1","Dualcast+1","Gash","Sunder+1","Gash","White Noise","Undo","Core Surge","Hologram+1","Echo Form","Beam Cell+1","Lockon+1","Auto Shields+1","Capacitor+1","Tempest"],"relics":["Cracked Core","NeowsBlessing","PreservedInsect","Pantograph","Pen Nib","DataDisk","Art of War","Anchor","Shuriken","Busted Crown","Potion Belt","MawBank","Bag of Marbles","Mango","Cables","War Paint"],"potions_floor_usage":[23,23,25,25],"damage_taken":[{"damage":0,"enemies":"Cultist","floor":1,"turns":1},{"damage":0,"enemies":"Jaw Worm","floor":2,"turns":1},{"damage":0,"enemies":"3 Sentries","floor":6,"turns":1},{"damage":3,"enemies":"2 Louse","floor":8,"turns":2},{"damage":0,"enemies":"Gremlin Nob","floor":10,"turns":2},{"damage":0,"enemies":"Lagavulin","floor":13,"turns":4},{"damage":10,"enemies":"Large Slime","floor":14,"turns":5},{"damage":0,"enemies":"Slime Boss","floor":16,"turns":5},{"damage":14,"enemies":"Chosen","floor":18,"turns":4},{"damage":6,"enemies":"Spheric Guardian","floor":19,"turns":3},{"damage":4,"enemies":"Centurion and Healer","floor":22,"turns":4},{"damage":4,"enemies":"Book of Stabbing","floor":23,"turns":3},{"damage":0,"enemies":"Slavers","floor":25,"turns":2},{"damage":3,"enemies":"Gremlin Leader","floor":29,"turns":3},{"damage":0,"enemies":"Snecko","floor":31,"turns":4},{"damage":79,"enemies":"Collector","floor":33,"turns":9}],"seed_played":"689833165799725428","potions_obtained":[{"floor":1,"key":"PowerPotion"},{"floor":6,"key":"Block Potion"},{"floor":13,"key":"Explosive Potion"},{"floor":21,"key":"LiquidBronze"},{"floor":21,"key":"Weak Potion"},{"floor":22,"key":"Block Potion"},{"floor":29,"key":"LiquidBronze"}],"is_trial":false,"path_per_floor":["M","M","?","?","?","E","R","M","T","E","?","R","E","M","R","B",null,"M","M","$","?","M","E","R","E","T","R","T","E","?","M","R","B"],"character_chosen":"DEFECT","items_purchased":["Echo Form","Potion Belt","Beam Cell"],"campfire_rested":0,"item_purchase_floors":[20,20,20],"current_hp_per_floor":[64,64,64,53,53,53,53,50,50,50,50,50,50,40,40,65,70,56,50,50,50,46,42,42,42,56,56,56,53,53,53,53,0],"gold":275,"neow_bonus":"THREE_ENEMY_KILL","is_prod":false,"is_daily":false,"chose_seed":false,"campfire_upgraded":6,"win_rate":0,"timestamp":1551684283,"path_taken":["M","?","?","?","?","E","R","M","T","E","?","R","E","M","R","BOSS","M","M","$","?","?","E","R","E","T","R","?","E","?","M","R","BOSS"],"build_version":"2019-01-23","purchased_purges":0,"victory":false,"max_hp_per_floor":[71,71,71,71,71,71,71,71,71,71,71,71,71,71,71,71,71,71,71,71,71,71,71,71,71,85,85,85,85,85,85,85,85],"card_choices":[{"not_picked":["Steam Power","Blizzard"],"picked":"Gash","floor":1},{"not_picked":["Ball Lightning","Tempest"],"picked":"Sunder","floor":2},{"not_picked":["Beam Cell","Doom and Gloom","Lockon"],"picked":"SKIP","floor":6},{"not_picked":["Compile Driver","Leap"],"picked":"Gash","floor":8},{"not_picked":["Ball Lightning","Rebound"],"picked":"White Noise","floor":10},{"not_picked":["Lockon","Storm","Conserve Battery"],"picked":"SKIP","floor":13},{"not_picked":["Sweeping Beam","Barrage"],"picked":"Undo","floor":14},{"not_picked":["Seek","Buffer"],"picked":"Core Surge","floor":16},{"not_picked":["Aggregate"],"picked":"SKIP","floor":18},{"not_picked":[],"picked":"Hologram","floor":19},{"not_picked":[],"picked":"Lockon+1","floor":22},{"not_picked":["Stack"],"picked":"SKIP","floor":23},{"not_picked":[],"picked":"Auto Shields+1","floor":25},{"not_picked":["Stack"],"picked":"SKIP","floor":29},{"not_picked":[],"picked":"Tempest","floor":31}],"player_experience":2001804,"relics_obtained":[{"floor":6,"key":"Pen Nib"},{"floor":9,"key":"DataDisk"},{"floor":10,"key":"Art of War"},{"floor":13,"key":"Shuriken"},{"floor":23,"key":"MawBank"},{"floor":25,"key":"Bag of Marbles"},{"floor":26,"key":"Mango"},{"floor":28,"key":"Cables"},{"floor":29,"key":"War Paint"}],"event_choices":[{"damage_healed":0,"gold_gain":0,"player_choice":"Box","damage_taken":0,"relics_obtained":["PreservedInsect"],"max_hp_gain":0,"max_hp_loss":0,"event_name":"Big Fish","floor":3,"gold_loss":0,"cards_obtained":["Regret"]},{"damage_healed":0,"gold_gain":0,"player_choice":"Success","damage_taken":11,"relics_obtained":["Pantograph"],"max_hp_gain":0,"max_hp_loss":0,"event_name":"Scrap Ooze","floor":4,"gold_loss":0},{"cards_removed":["Regret"],"damage_healed":0,"gold_gain":0,"player_choice":"Forget","damage_taken":0,"max_hp_gain":0,"max_hp_loss":0,"event_name":"Living Wall","floor":5,"gold_loss":0},{"damage_healed":0,"gold_gain":0,"player_choice":"Gave Potion","damage_taken":0,"relics_obtained":["Anchor"],"max_hp_gain":0,"max_hp_loss":0,"event_name":"WeMeetAgain","floor":11,"gold_loss":0},{"damage_healed":0,"gold_gain":0,"player_choice":"Bought 3 Potions","damage_taken":0,"max_hp_gain":0,"max_hp_loss":0,"event_name":"The Woman in Blue","floor":21,"gold_loss":0},{"damage_healed":0,"gold_gain":0,"player_choice":"Read","damage_taken":0,"max_hp_gain":0,"max_hp_loss":0,"event_name":"The Library","floor":30,"gold_loss":0,"cards_obtained":["Capacitor"]}],"is_beta":false,"boss_relics":[{"not_picked":["Velvet Choker","Fusion Hammer"],"picked":"Busted Crown"}],"items_purged_floors":[],"is_endless":false,"potions_floor_spawned":[1,6,13,18,22,29],"killed_by":"Collector","ascension_level":20}