{"gold_per_floor":[113,113,125,138,138,150,179,179,179,10,44,44],"floor_reached":12,"playtime":194,"items_purged":[],"score":176,"play_id":"f8bff17c-9804-4a72-81ee-b4ed025a782e","local_time":"20190402210222","is_ascension_mode":true,"campfire_choices":[{"data":"Carnage","floor":8,"key":"SMITH"}],"neow_cost":"NONE","seed_source_timestamp":381622246187500,"circlet_count":0,"master_deck":["AscendersBane","Strike_R","Strike_R","Strike_R","Strike_R","Strike_R","Defend_R","Defend_R","Defend_R","Defend_R","Bash+1","Feel No Pain","Body Slam","Carnage+1","Entrench"],"relics":["Burning Blood","NeowsBlessing","Gremlin Horn","Oddly Smooth Stone","Art of War"],"potions_floor_usage":[7,7],"damage_taken":[{"damage":0,"enemies":"Small Slimes","floor":1,"turns":1},{"damage":0,"enemies":"Cultist","floor":3,"turns":1},{"damage":0,"enemies":"Jaw Worm","floor":4,"turns":1},{"damage":17,"enemies":"2 Fungi Beasts","floor":6,"turns":4},{"damage":39,"enemies":"Lagavulin","floor":7,"turns":8},{"damage":30,"enemies":"Gremlin Nob","floor":11,"turns":4},{"damage":0,"enemies":"Exordium Thugs","floor":12,"turns":1}],"seed_played":"-5135630245670810281","potions_obtained":[{"floor":1,"key":"Weak Potion"},{"floor":2,"key":"EntropicBrew"},{"floor":2,"key":"PowerPotion"},{"floor":4,"key":"Strength Potion"}],"is_trial":false,"path_per_floor":["M","?","M","M","?","M","E","R","T","$","E","M"],"character_chosen":"IRONCLAD","items_purchased":["Oddly Smooth Stone"],"campfire_rested":0,"item_purchase_floors":[10],"current_hp_per_floor":[74,74,75,75,75,64,31,31,31,31,7,7],"gold":44,"neow_bonus":"THREE_ENEMY_KILL","is_prod":false,"is_daily":false,"chose_seed":false,"campfire_upgraded":1,"win_rate":0,"timestamp":1554206542,"path_taken":["M","?","M","?","?","?","E","R","T","$","E","M"],"build_version":"2019-01-23","purchased_purges":0,"victory":false,"max_hp_per_floor":[75,75,75,75,75,75,75,75,75,75,75,75],"card_choices":[{"not_picked":["Shrug It Off","Uppercut"],"picked":"Feel No Pain","floor":1},{"not_picked":["Anger","Combust"],"picked":"Body Slam","floor":3},{"not_picked":["Heavy Blade","Perfected Strike","Headbutt"],"picked":"SKIP","floor":4},{"not_picked":["Heavy Blade","Perfected Strike","Headbutt"],"picked":"SKIP","floor":4},{"not_picked":["Sword Boomerang","Thunderclap"],"picked":"Carnage","floor":6},{"not_picked":["Iron Wave","Sentinel"],"picked":"Entrench","floor":7},{"not_picked":["Brutality","Iron Wave","Reckless Charge"],"picked":"SKIP","floor":11}],"player_experience":2824021,"relics_obtained":[{"floor":7,"key":"Gremlin Horn"},{"floor":11,"key":"Art of War"}],"event_choices":[{"damage_healed":0,"gold_gain":0,"player_choice":"Got Potions","damage_taken":0,"max_hp_gain":0,"max_hp_loss":0,"event_name":"Lab","floor":2,"gold_loss":0},{"damage_healed":0,"gold_gain":0,"player_choice":"Upgraded","damage_taken":0,"max_hp_gain":0,"max_hp_loss":0,"event_name":"Upgrade Shrine","floor":5,"gold_loss":0,"cards_upgraded":["Bash"]}],"is_beta":false,"boss_relics":[],"items_purged_floors":[],"is_endless":false,"potions_floor_spawned":[1,4],"killed_by":"Exordium Thugs","ascension_level":20}