{"gold_per_floor":[210,230,104,104,123,123,154,154,179,179,190,190,190,207,207,207],"floor_reached":16,"playtime":606,"items_purged":["Defend_R"],"score":100,"play_id":"109088be-a560-42f7-a659-6073c07bf5ed","local_time":"20181222172431","is_ascension_mode":false,"campfire_choices":[{"data":"Iron Wave","floor":6,"key":"SMITH"},{"floor":8,"key":"REST"},{"data":"Anger","floor":13,"key":"SMITH"},{"data":"Bash","floor":15,"key":"SMITH"}],"neow_cost":"NONE","seed_source_timestamp":2162413393416,"circlet_count":0,"master_deck":["Strike_R","Strike_R","Strike_R","Strike_R","Strike_R","Defend_R","Defend_R","Bash+1","Iron Wave+1","Iron Wave+1","Anger+1"],"relics":["Burning Blood","Lantern","Pen Nib"],"potions_floor_usage":[7],"damage_taken":[{"damage":3,"enemies":"Small Slimes","floor":1,"turns":4},{"damage":6,"enemies":"Cultist","floor":2,"turns":3},{"damage":5,"enemies":"2 Louse","floor":5,"turns":3},{"damage":32,"enemies":"Lagavulin","floor":7,"turns":6},{"damage":2,"enemies":"Blue Slaver","floor":11,"turns":3},{"damage":2,"enemies":"2 Fungi Beasts","floor":14,"turns":3},{"damage":1,"enemies":"The Guardian","floor":16,"turns":3}],"seed_played":"7164837090133183096","potions_obtained":[{"floor":7,"key":"Fire Potion"},{"floor":14,"key":"Explosive Potion"}],"is_trial":false,"path_per_floor":["M","M","$","?","M","R","E","R","T","?","M","?","R","M","R","B"],"character_chosen":"IRONCLAD","items_purchased":["AttackPotion"],"campfire_rested":1,"item_purchase_floors":[3],"current_hp_per_floor":[80,80,80,85,85,85,59,84,84,84,85,85,85,85,85,84],"gold":207,"neow_bonus":"HUNDRED_GOLD","is_prod":false,"is_daily":false,"chose_seed":false,"campfire_upgraded":3,"win_rate":0,"timestamp":1545492271,"path_taken":["M","M","$","?","M","R","E","R","T","?","?","?","R","M","R","BOSS"],"build_version":"2018-12-20","purchased_purges":1,"victory":false,"max_hp_per_floor":[80,80,80,85,85,85,85,85,85,85,85,85,85,85,85,85],"card_choices":[{"not_picked":["Twin Strike","True Grit"],"picked":"Iron Wave","floor":1},{"not_picked":["Twin Strike","True Grit"],"picked":"Iron Wave","floor":2},{"not_picked":["Dropkick","Uppercut"],"picked":"Anger","floor":5},{"not_picked":["Thunderclap","Flex","Heavy Blade"],"picked":"SKIP","floor":7},{"not_picked":["Demon Form","Headbutt","Shrug It Off"],"picked":"SKIP","floor":11},{"not_picked":["Thunderclap","Havoc","Body Slam"],"picked":"SKIP","floor":14}],"player_experience":857094,"relics_obtained":[{"floor":7,"key":"Lantern"},{"floor":9,"key":"Pen Nib"}],"event_choices":[{"damage_healed":0,"gold_gain":0,"player_choice":"Donut","damage_taken":0,"max_hp_gain":5,"max_hp_loss":0,"event_name":"Big Fish","floor":4,"gold_loss":0},{"cards_removed":["Defend_R"],"damage_healed":0,"gold_gain":0,"player_choice":"Purged","damage_taken":0,"max_hp_gain":0,"max_hp_loss":0,"event_name":"Purifier","floor":10,"gold_loss":0},{"damage_healed":0,"gold_gain":0,"player_choice":"Grow","damage_taken":0,"max_hp_gain":0,"max_hp_loss":0,"event_name":"Living Wall","floor":12,"gold_loss":0,"cards_upgraded":["Iron Wave"]}],"is_beta":false,"boss_relics":[],"items_purged_floors":[3],"is_endless":false,"potions_floor_spawned":[7,14],"killed_by":"The Guardian","ascension_level":0}