{"gold_per_floor":[113,70,220,220,220,245,263,263,287,304,304,336,346,346,346,417,417,431,431,449,481,494,522,535,564,638,654,654,21,39,67,67,141,141,161,173,173,20,30,30,55,55,106,141,141,167,200,422,422,422,422,422,422,56,83,83],"floor_reached":57,"playtime":2616,"items_purged":["Strike_B","Strike_B"],"score":2937,"play_id":"076d01eb-735f-4744-93ba-c72b39899792","local_time":"20190312135335","is_ascension_mode":true,"campfire_choices":[{"data":"Sunder","floor":8,"key":"SMITH"},{"data":"Defragment","floor":15,"key":"SMITH"},{"floor":28,"key":"REST"},{"data":"Defragment","floor":32,"key":"SMITH"},{"data":"Buffer","floor":40,"key":"SMITH"},{"data":"Capacitor","floor":42,"key":"SMITH"},{"floor":49,"key":"RECALL"},{"data":"Loop","floor":53,"key":"SMITH"}],"neow_cost":"NONE","seed_source_timestamp":270126171601300,"circlet_count":0,"master_deck":["AscendersBane","Strike_B","Defend_B","Defend_B","Defend_B+1","Defend_B+1","Zap+1","Dualcast","Barrage+1","Self Repair","Core Surge","Sunder+1","Defragment+1","Echo Form","Coolheaded","Electrodynamics","Tempest","Glacier","Tempest","Self Repair","Capacitor","Buffer+1","Defragment+1","Echo Form","Capacitor+1","Compile Driver+1","Defragment","Glacier","Loop+1","Coolheaded","Panacea","Capacitor","Coolheaded+1"],"relics":["Cracked Core","NeowsBlessing","Gremlin Horn","Juzu Bracelet","War Paint","Snecko Eye","Red Mask","Orichalcum","Ginger","Cables","Mummified Hand","Bottled Tornado","Molten Egg 2","Philosopher\u0027s Stone","Dodecahedron","Bronze Scales","Girya","Happy Flower","Pen Nib","Shuriken"],"potions_floor_usage":[20,21,25,31,50,56],"damage_taken":[{"damage":0,"enemies":"Jaw Worm","floor":1,"turns":1},{"damage":0,"enemies":"3 Sentries","floor":6,"turns":1},{"damage":0,"enemies":"Small Slimes","floor":7,"turns":1},{"damage":1,"enemies":"Cultist","floor":10,"turns":3},{"damage":27,"enemies":"Lagavulin","floor":12,"turns":7},{"damage":3,"enemies":"3 Louse","floor":13,"turns":3},{"damage":10,"enemies":"The Guardian","floor":16,"turns":10},{"damage":22,"enemies":"2 Thieves","floor":18,"turns":2},{"damage":2,"enemies":"Shell Parasite","floor":20,"turns":2},{"damage":0,"enemies":"Masked Bandits","floor":21,"turns":3},{"damage":3,"enemies":"Sentry and Sphere","floor":22,"turns":6},{"damage":24,"enemies":"Slavers","floor":23,"turns":3},{"damage":18,"enemies":"Cultist and Chosen","floor":24,"turns":5},{"damage":66,"enemies":"Book of Stabbing","floor":25,"turns":5},{"damage":9,"enemies":"Snake Plant","floor":27,"turns":4},{"damage":0,"enemies":"Chosen and Byrds","floor":30,"turns":3},{"damage":11,"enemies":"Gremlin Leader","floor":31,"turns":5},{"damage":32,"enemies":"Collector","floor":33,"turns":7},{"damage":11,"enemies":"3 Shapes","floor":35,"turns":4},{"damage":0,"enemies":"Orb Walker","floor":36,"turns":4},{"damage":20,"enemies":"Jaw Worm Horde","floor":39,"turns":2},{"damage":1,"enemies":"Reptomancer","floor":41,"turns":3},{"damage":0,"enemies":"Nemesis","floor":44,"turns":3},{"damage":0,"enemies":"Giant Head","floor":47,"turns":5},{"damage":29,"enemies":"Awakened One","floor":50,"turns":14},{"damage":20,"enemies":"Donu and Deca","floor":51,"turns":6},{"damage":48,"enemies":"Shield and Spear","floor":55,"turns":5},{"damage":34,"enemies":"The Heart","floor":56,"turns":9}],"seed_played":"3307516074382634928","potions_obtained":[{"floor":13,"key":"GamblersBrew"},{"floor":16,"key":"Swift Potion"},{"floor":18,"key":"Block Potion"},{"floor":20,"key":"Block Potion"},{"floor":27,"key":"GamblersBrew"},{"floor":30,"key":"SmokeBomb"},{"floor":33,"key":"GamblersBrew"}],"is_trial":false,"path_per_floor":["M","$","?","?","T","E","M","R","T","M","?","E","M","?","R","B",null,"M","?","M","?","M","E","M","E","T","M","R","$","M","E","R","B",null,"M","M","?","$","M","R","E","R","T","E","?","T","E","?","R","B","B",null,"R","$","E","B",null],"character_chosen":"DEFECT","items_purchased":["Self Repair","Mummified Hand","Bottled Tornado","Defragment","Capacitor","Coolheaded","Panacea","AttackPotion","Capacitor"],"campfire_rested":1,"item_purchase_floors":[2,29,29,29,38,54,54,54,54],"current_hp_per_floor":[64,64,64,43,43,50,50,50,50,56,61,41,45,45,45,49,69,54,54,59,66,76,66,69,10,10,1,23,23,30,47,47,22,63,73,76,76,76,70,70,76,76,76,76,76,76,76,76,76,75,76,76,76,76,56,43],"gold":83,"neow_bonus":"THREE_ENEMY_KILL","is_prod":false,"is_daily":false,"chose_seed":false,"campfire_upgraded":6,"win_rate":0,"timestamp":1552366415,"path_taken":["M","$","?","?","?","E","M","R","T","M","?","E","M","?","R","BOSS","M","?","M","?","M","E","M","E","T","M","R","?","M","E","R","BOSS","M","M","?","?","M","R","E","R","T","E","?","?","E","?","R","BOSS","BOSS","R","$","E","BOSS"],"build_version":"2019-01-23","purchased_purges":2,"victory":true,"max_hp_per_floor":[71,71,71,71,71,71,71,71,71,71,76,76,76,76,76,76,76,76,76,76,76,76,76,76,76,76,76,76,76,76,76,76,76,76,76,76,76,76,76,76,76,76,76,76,76,76,76,76,76,76,76,76,76,76,76,76],"card_choices":[{"not_picked":["Streamline","Reprogram"],"picked":"Barrage","floor":1},{"not_picked":["Sweeping Beam","Rebound"],"picked":"Core Surge","floor":6},{"not_picked":["Fusion","Beam Cell"],"picked":"Sunder","floor":7},{"not_picked":["Melter","Fusion"],"picked":"Defragment","floor":10},{"not_picked":["Streamline","Rip and Tear"],"picked":"Echo Form","floor":12},{"not_picked":["Cold Snap","Sunder"],"picked":"Coolheaded","floor":13},{"not_picked":["All For One","Core Surge"],"picked":"Electrodynamics","floor":16},{"not_picked":["Sweeping Beam","Force Field"],"picked":"Tempest","floor":18},{"not_picked":["Chill","Genetic Algorithm+1"],"picked":"Glacier","floor":20},{"not_picked":["Rebound","Ball Lightning"],"picked":"Tempest","floor":21},{"not_picked":["Steam","Rebound","Conserve Battery"],"picked":"SKIP","floor":22},{"not_picked":["Steam","Hello World"],"picked":"Self Repair","floor":23},{"not_picked":["Tempest","Barrage"],"picked":"Capacitor","floor":24},{"not_picked":["Sweeping Beam","Auto Shields"],"picked":"Buffer","floor":25},{"not_picked":["Storm","Rebound","Gash"],"picked":"SKIP","floor":27},{"not_picked":["Beam Cell","Stack","Leap"],"picked":"SKIP","floor":30},{"not_picked":["Darkness","Doom and Gloom","Go for the Eyes"],"picked":"SKIP","floor":31},{"not_picked":["Multi-Cast","Hyperbeam+1"],"picked":"Echo Form","floor":33},{"not_picked":["BootSequence","Coolheaded","Leap"],"picked":"SKIP","floor":35},{"not_picked":["Reprogram+1","Redo","Storm"],"picked":"SKIP","floor":36},{"not_picked":["Leap+1","Barrage+1"],"picked":"Compile Driver+1","floor":39},{"not_picked":["Barrage+1","Stack","Streamline+1"],"picked":"SKIP","floor":41},{"not_picked":["Barrage+1","Stack","Streamline+1"],"picked":"SKIP","floor":41},{"not_picked":["Buffer","Hologram"],"picked":"Defragment","floor":44},{"not_picked":["Turbo","Compile Driver+1"],"picked":"Loop","floor":47},{"not_picked":["Hello World","Gash+1"],"picked":"Coolheaded+1","floor":55}],"player_experience":2205023,"relics_obtained":[{"floor":5,"key":"Gremlin Horn"},{"floor":6,"key":"Juzu Bracelet"},{"floor":12,"key":"War Paint"},{"floor":21,"key":"Red Mask"},{"floor":23,"key":"Orichalcum"},{"floor":25,"key":"Ginger"},{"floor":26,"key":"Cables"},{"floor":31,"key":"Molten Egg 2"},{"floor":41,"key":"Dodecahedron"},{"floor":43,"key":"Bronze Scales"},{"floor":44,"key":"Girya"},{"floor":46,"key":"Happy Flower"},{"floor":47,"key":"Pen Nib"},{"floor":55,"key":"Shuriken"}],"event_choices":[{"damage_healed":0,"gold_gain":150,"player_choice":"AGREE","damage_taken":0,"max_hp_gain":0,"max_hp_loss":0,"event_name":"Liars Game","floor":3,"gold_loss":0,"cards_obtained":["Doubt"]},{"damage_healed":0,"gold_gain":0,"player_choice":"Entered Light","damage_taken":21,"max_hp_gain":0,"max_hp_loss":0,"event_name":"Shining Light","floor":4,"gold_loss":0,"cards_upgraded":["Defend_B","Barrage"]},{"damage_healed":0,"gold_gain":0,"player_choice":"Donut","damage_taken":0,"max_hp_gain":5,"max_hp_loss":0,"event_name":"Big Fish","floor":11,"gold_loss":0},{"cards_removed":["Doubt"],"damage_healed":0,"gold_gain":0,"player_choice":"Removed Curses","damage_taken":0,"max_hp_gain":0,"max_hp_loss":0,"event_name":"Fountain of Cleansing","floor":14,"gold_loss":0},{"cards_removed":["Strike_B"],"damage_healed":0,"gold_gain":0,"player_choice":"Elegance","damage_taken":0,"max_hp_gain":0,"max_hp_loss":0,"event_name":"Back to Basics","floor":19,"gold_loss":0},{"damage_healed":0,"gold_gain":0,"player_choice":"Fought Bandits","damage_taken":0,"max_hp_gain":0,"max_hp_loss":0,"event_name":"Masked Bandits","floor":21,"gold_loss":0},{"damage_healed":0,"gold_gain":0,"player_choice":"Ignored","damage_taken":0,"max_hp_gain":0,"max_hp_loss":0,"event_name":"SecretPortal","floor":37,"gold_loss":0},{"damage_healed":0,"gold_gain":0,"player_choice":"Copied","damage_taken":0,"max_hp_gain":0,"max_hp_loss":0,"event_name":"Duplicator","floor":45,"gold_loss":0,"cards_obtained":["Glacier"]},{"damage_healed":0,"gold_gain":222,"player_choice":"Wore Mask","damage_taken":0,"max_hp_gain":0,"max_hp_loss":0,"event_name":"Tomb of Lord Red Mask","floor":48,"gold_loss":0}],"is_beta":false,"boss_relics":[{"not_picked":["Pandora\u0027s Box","Ectoplasm"],"picked":"Snecko Eye"},{"not_picked":["Eternal Feather","Empty Cage"],"picked":"Philosopher\u0027s Stone"}],"items_purged_floors":[38,54],"is_endless":false,"potions_floor_spawned":[13,16,18,20,27,30,33,35,36,47],"ascension_level":20}