{"gold_per_floor":[110,122,138,138,152,152,184,184,184,201,262,262,281,308,308,409,409,427,270,287,298,223,253,253,353,401,401,429,35,55,80,80,175,175,193,203,14,62,162,162],"floor_reached":40,"playtime":1929,"items_purged":["Defend_R"],"score":502,"play_id":"7f1aa273-9e99-4e0e-8079-4e7a594f816b","local_time":"20181126210209","is_ascension_mode":true,"campfire_choices":[{"data":"Clash","floor":6,"key":"SMITH"},{"data":"Flex","floor":8,"key":"SMITH"},{"floor":15,"key":"REST"},{"floor":24,"key":"REST"},{"data":"Fire Breathing","floor":27,"key":"SMITH"},{"floor":32,"key":"REST"}],"neow_cost":"NONE","seed_source_timestamp":201948991409381,"circlet_count":0,"master_deck":["Strike_R","Strike_R","Strike_R","Strike_R","Defend_R","Defend_R","Bash","Rampage+1","Clash+1","Flex+1","Clash","Headbutt","Fire Breathing+1","Anger","Dramatic Entrance","Anger"],"relics":["Black Blood","Centennial Puzzle","Juzu Bracelet","Pear","Bag of Marbles","Blue Candle","Dream Catcher","Potion Belt","Vajra","Orichalcum","Regal Pillow","Eternal Feather","Thread and Needle","Unceasing Top"],"potions_floor_usage":[0,7,10,11,21,23,28,31,33,38,39,40],"damage_taken":[{"damage":2,"enemies":"2 Louse","floor":1,"turns":3},{"damage":4,"enemies":"Small Slimes","floor":2,"turns":3},{"damage":6,"enemies":"Jaw Worm","floor":3,"turns":2},{"damage":3,"enemies":"2 Fungi Beasts","floor":5,"turns":3},{"damage":6,"enemies":"Gremlin Nob","floor":7,"turns":3},{"damage":3,"enemies":"Red Slaver","floor":10,"turns":2},{"damage":13,"enemies":"Gremlin Nob","floor":11,"turns":3},{"damage":0,"enemies":"Looter","floor":13,"turns":1},{"damage":21,"enemies":"Lagavulin","floor":14,"turns":4},{"damage":56,"enemies":"Hexaghost","floor":16,"turns":6},{"damage":10,"enemies":"2 Thieves","floor":18,"turns":3},{"damage":10,"enemies":"Shell Parasite","floor":20,"turns":3},{"damage":32,"enemies":"3 Cultists","floor":21,"turns":5},{"damage":26,"enemies":"Slavers","floor":23,"turns":4},{"damage":18,"enemies":"Gremlin Leader","floor":28,"turns":4},{"damage":4,"enemies":"Centurion and Healer","floor":30,"turns":3},{"damage":29,"enemies":"Book of Stabbing","floor":31,"turns":4},{"damage":77,"enemies":"Automaton","floor":33,"turns":8},{"damage":23,"enemies":"3 Shapes","floor":35,"turns":5},{"damage":14,"enemies":"3 Darklings","floor":36,"turns":5},{"damage":47,"enemies":"2 Orb Walkers","floor":38,"turns":4},{"damage":29,"enemies":"Mind Bloom Boss Battle","floor":39,"turns":6},{"damage":40,"enemies":"Nemesis","floor":40,"turns":3}],"seed_played":"-601285708968426533","potions_obtained":[{"floor":0,"key":"LiquidBronze"},{"floor":0,"key":"Fruit Juice"},{"floor":0,"key":"SkillPotion"},{"floor":1,"key":"EssenceOfSteel"},{"floor":3,"key":"Explosive Potion"},{"floor":10,"key":"Fruit Juice"},{"floor":20,"key":"FearPotion"},{"floor":23,"key":"PowerPotion"},{"floor":30,"key":"Swift Potion"},{"floor":38,"key":"Swift Potion"},{"floor":39,"key":"EssenceOfSteel"}],"is_trial":false,"path_per_floor":["M","M","M","?","M","R","E","R","T","M","?","?","M","E","R","B",null,"M","$","M","M","?","E","R","?","T","R","E","$","M","E","R","B",null,"M","M","$","?","?","E"],"character_chosen":"IRONCLAD","items_purchased":["Fire Breathing","Vajra","Fruit Juice","Orichalcum","Dramatic Entrance","Anger","SkillPotion"],"campfire_rested":3,"item_purchase_floors":[19,29,29,29,37,37,37],"current_hp_per_floor":[85,85,85,85,85,85,85,85,85,90,93,86,92,77,100,50,100,100,100,100,78,78,62,92,92,92,92,84,84,90,76,105,38,105,92,88,88,51,32,0],"gold":162,"neow_bonus":"THREE_SMALL_POTIONS","is_prod":false,"is_daily":false,"chose_seed":false,"campfire_upgraded":3,"win_rate":0,"timestamp":1543258929,"path_taken":["M","M","M","?","M","R","E","R","T","M","?","?","M","E","R","BOSS","M","$","M","M","?","E","R","?","T","R","E","$","M","E","R","BOSS","M","M","$","?","?","E"],"build_version":"2018-11-15","purchased_purges":1,"victory":false,"max_hp_per_floor":[85,85,85,85,85,85,85,85,85,90,100,100,100,100,100,100,100,100,100,100,100,100,100,100,100,100,100,100,100,100,105,105,105,105,105,105,105,105,105,105],"card_choices":[{"not_picked":["Uppercut","Evolve"],"picked":"Rampage","floor":1},{"not_picked":["Iron Wave","Heavy Blade"],"picked":"Clash","floor":2},{"not_picked":["Body Slam","Immolate","Pommel Strike"],"picked":"SKIP","floor":3},{"not_picked":["Cleave","Sword Boomerang"],"picked":"Flex","floor":5},{"not_picked":["Wild Strike","Blood for Blood","Rupture"],"picked":"SKIP","floor":7},{"not_picked":["Sword Boomerang","Wild Strike"],"picked":"Clash","floor":10},{"not_picked":["Sever Soul","Pummel","Bloodletting"],"picked":"SKIP","floor":13},{"not_picked":["Cleave","Reckless Charge"],"picked":"Headbutt","floor":14},{"not_picked":["Shrug It Off+1","Perfected Strike","Wild Strike+1"],"picked":"SKIP","floor":18},{"not_picked":["Armaments","Twin Strike","Pommel Strike+1"],"picked":"SKIP","floor":20},{"not_picked":["Evolve","Armaments","Shrug It Off"],"picked":"SKIP","floor":21},{"not_picked":["Rupture","True Grit","Dark Embrace"],"picked":"SKIP","floor":23},{"not_picked":["Headbutt","Feel No Pain+1","Thunderclap"],"picked":"SKIP","floor":28},{"not_picked":["Havoc","Flex","Shrug It Off"],"picked":"SKIP","floor":30},{"not_picked":["Sword Boomerang","Shrug It Off+1","Thunderclap"],"picked":"SKIP","floor":31},{"not_picked":["Sever Soul","Clothesline"],"picked":"Anger","floor":35},{"not_picked":["Havoc+1","Body Slam+1","Warcry"],"picked":"SKIP","floor":36}],"player_experience":799647,"relics_obtained":[{"floor":7,"key":"Centennial Puzzle"},{"floor":9,"key":"Juzu Bracelet"},{"floor":14,"key":"Bag of Marbles"},{"floor":23,"key":"Blue Candle"},{"floor":26,"key":"Dream Catcher"},{"floor":28,"key":"Potion Belt"},{"floor":31,"key":"Regal Pillow"},{"floor":38,"key":"Thread and Needle"},{"floor":39,"key":"Unceasing Top"}],"event_choices":[{"damage_healed":0,"gold_gain":0,"player_choice":"Grow","damage_taken":0,"max_hp_gain":0,"max_hp_loss":0,"event_name":"Living Wall","floor":4,"gold_loss":0,"cards_upgraded":["Rampage"]},{"damage_healed":0,"gold_gain":0,"player_choice":"Searched \u00272\u0027 times","damage_taken":0,"relics_obtained":["Pear"],"max_hp_gain":0,"max_hp_loss":0,"event_name":"Dead Adventurer","floor":11,"gold_loss":0},{"cards_removed":["Defend_R"],"damage_healed":0,"gold_gain":0,"player_choice":"Card Removal","damage_taken":7,"max_hp_gain":0,"max_hp_loss":0,"event_name":"Golden Wing","floor":12,"gold_loss":0},{"cards_removed":["Strike_R"],"damage_healed":0,"gold_gain":0,"player_choice":"Gave Gold","damage_taken":0,"max_hp_gain":0,"max_hp_loss":0,"event_name":"Beggar","floor":22,"gold_loss":75},{"damage_healed":0,"gold_gain":100,"player_choice":"Pray","damage_taken":0,"max_hp_gain":0,"max_hp_loss":0,"event_name":"Golden Shrine","floor":25,"gold_loss":0},{"damage_healed":0,"gold_gain":0,"player_choice":"Fight","damage_taken":0,"max_hp_gain":0,"max_hp_loss":0,"event_name":"Mysterious Sphere","floor":38,"gold_loss":0},{"damage_healed":0,"gold_gain":0,"player_choice":"Fight","damage_taken":0,"max_hp_gain":0,"max_hp_loss":0,"event_name":"MindBloom","floor":39,"gold_loss":0}],"is_beta":false,"boss_relics":[{"not_picked":["Mark of Pain","Runic Dome"],"picked":"Black Blood"},{"not_picked":["Runic Cube","Velvet Choker"],"picked":"Eternal Feather"}],"items_purged_floors":[19],"is_endless":false,"potions_floor_spawned":[1,2,3,10,20,23,30,38,39],"killed_by":"Nemesis","ascension_level":1}