{"gold_per_floor":[119,119,119,119,135,135,166,166,166,176,21,21,21,52,52,155,155,168,83,83,97,109,141,73,101,101,101,119,130,155,168,168,271,271,288,288,101,101,115,148,148,174,174,274,11,23,50,63,63,63,63,63,14,45,45],"floor_reached":55,"playtime":4128,"items_purged":["Normality","Scrape","Doubt"],"score":971,"play_id":"45330321-9eae-4f6b-b90e-5c146b399ebd","local_time":"20181130172529","is_ascension_mode":true,"campfire_choices":[{"data":"Hologram","floor":6.0,"key":"SMITH"},{"data":"Gash","floor":8.0,"key":"SMITH"},{"data":"Genetic Algorithm","floor":13.0,"key":"SMITH"},{"data":"Dualcast","floor":15.0,"key":"SMITH"},{"data":"Meteor Strike","floor":27.0,"key":"SMITH"},{"data":"Buffer","floor":32.0,"key":"SMITH"},{"data":"Meteor Strike","floor":41.0,"key":"SMITH"},{"floor":49.0,"key":"RECALL"},{"data":"Capacitor","floor":52.0,"key":"SMITH"}],"neow_cost":"NONE","seed_source_timestamp":439129243306965,"circlet_count":0,"master_deck":["Strike_B","Strike_B","Strike_B","Defend_B","Defend_B+1","Defend_B","Defend_B+1","Zap+1","Dualcast+1","Hologram+1","Core Surge","Gash+1","Genetic Algorithm+1","Glacier","Glacier","Meteor Strike+1","Compile Driver","Coolheaded+1","Capacitor+1","Buffer+1","Gash","Compile Driver","Rebound+1","Meteor Strike+1","Gash","Trip","Chill+1","Melter","Parasite","FTL","Defragment+1","Reboot"],"special_seed":0,"relics":["Cursed Key","Centennial Puzzle","PreservedInsect","Mummified Hand","Gremlin Horn","Philosopher\u0027s Stone","Pantograph","Spirit Poop","Omamori","Bag of Preparation","Bottled Tornado","Black Star","Dodecahedron","Frozen Egg 2","Shuriken","Blood Vial","DataDisk","Strawberry","Art of War","Bag of Marbles","Bottled Lightning","Sundial"],"potions_floor_usage":[55,55,55,55,55],"damage_taken":[{"damage":1.0,"enemies":"Jaw Worm","floor":1.0,"turns":3.0},{"damage":0.0,"enemies":"Small Slimes","floor":5.0,"turns":3.0},{"damage":21.0,"enemies":"3 Sentries","floor":7.0,"turns":9.0},{"damage":1.0,"enemies":"Cultist","floor":10.0,"turns":3.0},{"damage":4.0,"enemies":"Lagavulin","floor":14.0,"turns":6.0},{"damage":13.0,"enemies":"Slime Boss","floor":16.0,"turns":14.0},{"damage":4.0,"enemies":"Spheric Guardian","floor":18.0,"turns":6.0},{"damage":1.0,"enemies":"Chosen","floor":21.0,"turns":5.0},{"damage":6.0,"enemies":"Centurion and Healer","floor":22.0,"turns":7.0},{"damage":8.0,"enemies":"Slavers","floor":23.0,"turns":5.0},{"damage":6.0,"enemies":"Book of Stabbing","floor":25.0,"turns":5.0},{"damage":0.0,"enemies":"Snecko","floor":28.0,"turns":5.0},{"damage":1.0,"enemies":"Chosen and Byrds","floor":29.0,"turns":6.0},{"damage":0.0,"enemies":"Gremlin Leader","floor":30.0,"turns":4.0},{"damage":0.0,"enemies":"Sentry and Sphere","floor":31.0,"turns":6.0},{"damage":0.0,"enemies":"Champ","floor":33.0,"turns":15.0},{"damage":15.0,"enemies":"3 Darklings","floor":35.0,"turns":4.0},{"damage":21.0,"enemies":"3 Shapes","floor":39.0,"turns":3.0},{"damage":8.0,"enemies":"Nemesis","floor":40.0,"turns":5.0},{"damage":0.0,"enemies":"Reptomancer","floor":42.0,"turns":5.0},{"damage":11.0,"enemies":"Writhing Mass","floor":46.0,"turns":5.0},{"damage":0.0,"enemies":"Giant Head","floor":47.0,"turns":6.0},{"damage":0.0,"enemies":"3 Darklings","floor":48.0,"turns":5.0},{"damage":46.0,"enemies":"Time Eater","floor":50.0,"turns":12.0},{"damage":31.0,"enemies":"Shield and Spear","floor":54.0,"turns":6.0},{"damage":77,"enemies":"The Heart","floor":55,"turns":8}],"seed_played":"-690521717005715481","potions_obtained":[{"floor":5.0,"key":"Weak Potion"},{"floor":10.0,"key":"LiquidBronze"},{"floor":18.0,"key":"Strength Potion"},{"floor":21.0,"key":"SpeedPotion"},{"floor":25.0,"key":"SteroidPotion"},{"floor":28.0,"key":"FearPotion"},{"floor":35.0,"key":"Dexterity Potion"},{"floor":39.0,"key":"Explosive Potion"},{"floor":47.0,"key":"PowerPotion"}],"is_trial":false,"path_per_floor":["M","?","?","T","M","R","E","R","T","M","$","?","R","E","R","B",null,"M","?","?","M","M","E","$","E","T","R","M","M","E","M","R","B",null,"M","?","$","T","M","E","R","E","T","?","$","M","E","M","R","B",null,"R","$","E","B"],"character_chosen":"DEFECT","items_purchased":["Glacier","Capacitor","Trip","EntropicBrew","Melter","Swift Potion"],"campfire_rested":0,"item_purchase_floors":[11,24,37,45,45,53],"current_hp_per_floor":[74,74,74,74,74,74,53,53,53,52,52,37,37,33,33,20,75,71,71,71,70,64,56,56,50,50,50,50,49,49,49,49,72,72,57,57,57,57,36,28,28,28,35,35,35,26,28,30,30,11,79,79,79,48,0],"gold":45,"neow_bonus":"BOSS_RELIC","is_prod":false,"is_daily":false,"chose_seed":false,"campfire_upgraded":8,"win_rate":0,"timestamp":1543569929,"path_taken":["M","?","?","?","M","R","E","R","T","M","$","?","R","E","R","BOSS","M","?","?","M","M","E","$","E","T","R","?","?","E","M","R","BOSS","M","?","$","?","M","E","R","E","T","?","$","?","E","M","R","BOSS","R","$","E","BOSS"],"build_version":"2018-11-15","purchased_purges":3,"victory":false,"max_hp_per_floor":[75,75,75,75,75,75,75,75,75,75,75,75,75,75,75,75,75,75,75,72,72,72,72,72,72,72,72,72,72,72,72,72,72,72,72,72,72,72,72,72,72,72,79,79,79,79,79,79,79,79,79,79,79,79,79],"card_choices":[{"not_picked":["Rebound","Gash"],"picked":"Hologram","floor":1.0},{"not_picked":["Turbo","Beam Cell"],"picked":"Core Surge","floor":5.0},{"not_picked":["Beam Cell","Leap"],"picked":"Gash","floor":7.0},{"not_picked":["Sweeping Beam","Beam Cell"],"picked":"Genetic Algorithm","floor":10.0},{"not_picked":["Rip and Tear","Hologram"],"picked":"Glacier","floor":14.0},{"not_picked":["Amplify","Buffer"],"picked":"Meteor Strike","floor":16.0},{"not_picked":["Beam Cell","Chaos","Leap"],"picked":"SKIP","floor":18.0},{"not_picked":["Chaos","Darkness"],"picked":"Compile Driver","floor":21.0},{"not_picked":["Go for the Eyes","Steam"],"picked":"Coolheaded+1","floor":22.0},{"not_picked":["Turbo","Darkness+1","Steam Power"],"picked":"SKIP","floor":23.0},{"not_picked":["Reprogram+1","Go for the Eyes"],"picked":"Buffer","floor":25.0},{"not_picked":["Go for the Eyes","Storm","Coolheaded"],"picked":"SKIP","floor":28.0},{"not_picked":["BootSequence","Fusion"],"picked":"Gash","floor":29.0},{"not_picked":["Lockon","Ball Lightning+1"],"picked":"Compile Driver","floor":30.0},{"not_picked":["Compile Driver","White Noise"],"picked":"Rebound+1","floor":31.0},{"not_picked":["Core Surge","Hyperbeam"],"picked":"Meteor Strike","floor":33.0},{"not_picked":["Auto Shields","Stack+1"],"picked":"Gash","floor":35.0},{"not_picked":["Double Energy+1","Genetic Algorithm+1","Go for the Eyes"],"picked":"SKIP","floor":39.0},{"not_picked":["Beam Cell","Heatsinks"],"picked":"Chill+1","floor":40.0},{"not_picked":["Conserve Battery","Leap","Cold Snap+1"],"picked":"SKIP","floor":42.0},{"not_picked":["Ball Lightning+1","Turbo","Force Field+1"],"picked":"SKIP","floor":46.0},{"not_picked":["Gash","Biased Cognition+1"],"picked":"FTL","floor":47.0},{"not_picked":["Conserve Battery+1","White Noise"],"picked":"Defragment+1","floor":48.0},{"not_picked":["Coolheaded","Doom and Gloom+1"],"picked":"Reboot","floor":54.0}],"player_experience":555061,"relics_obtained":[{"floor":4.0,"key":"Centennial Puzzle"},{"floor":7.0,"key":"PreservedInsect"},{"floor":9.0,"key":"Mummified Hand"},{"floor":14.0,"key":"Gremlin Horn"},{"floor":23.0,"key":"Omamori"},{"floor":25.0,"key":"Bag of Preparation"},{"floor":30.0,"key":"Bottled Tornado"},{"floor":38.0,"key":"Dodecahedron"},{"floor":40.0,"key":"Frozen Egg 2"},{"floor":40.0,"key":"Shuriken"},{"floor":42.0,"key":"Blood Vial"},{"floor":42.0,"key":"DataDisk"},{"floor":43.0,"key":"Strawberry"},{"floor":47.0,"key":"Art of War"},{"floor":47.0,"key":"Bag of Marbles"},{"floor":54.0,"key":"Bottled Lightning"},{"floor":54.0,"key":"Sundial"}],"event_choices":[{"damage_healed":0.0,"max_hp_gain":0.0,"max_hp_loss":0.0,"gold_gain":0.0,"event_name":"Liars Game","player_choice":"Ignored","floor":2.0,"gold_loss":0.0,"damage_taken":0.0},{"damage_healed":0.0,"max_hp_gain":0.0,"max_hp_loss":0.0,"gold_gain":0.0,"event_name":"Living Wall","player_choice":"Grow","floor":3.0,"gold_loss":0.0,"damage_taken":0.0,"cards_upgraded":["Zap"]},{"damage_healed":0.0,"max_hp_gain":0.0,"max_hp_loss":0.0,"gold_gain":0.0,"event_name":"Shining Light","player_choice":"Entered Light","floor":12.0,"gold_loss":0.0,"damage_taken":15.0,"cards_upgraded":["Defend_B","Defend_B"]},{"damage_healed":0.0,"max_hp_gain":0.0,"max_hp_loss":0.0,"gold_gain":0.0,"event_name":"Addict","player_choice":"Obtained Relic","floor":19.0,"gold_loss":85.0,"damage_taken":0.0,"relics_obtained":["Pantograph"]},{"cards_removed":["Parasite"],"damage_healed":0.0,"max_hp_gain":0.0,"max_hp_loss":0.0,"gold_gain":0.0,"event_name":"Bonfire Elementals","player_choice":"Offered Curse","floor":20.0,"gold_loss":0.0,"damage_taken":0.0,"relics_obtained":["Spirit Poop"]},{"damage_healed":0.0,"max_hp_gain":0.0,"max_hp_loss":0.0,"gold_gain":0.0,"cards_transformed":["Strike_B"],"event_name":"Transmorgrifier","player_choice":"Transformed","floor":36.0,"gold_loss":0.0,"damage_taken":0.0,"cards_obtained":["Scrape"]},{"damage_healed":0.0,"max_hp_gain":0.0,"max_hp_loss":0.0,"gold_gain":100.0,"event_name":"Golden Shrine","player_choice":"Pray","floor":44.0,"gold_loss":0.0,"damage_taken":0.0}],"is_beta":true,"boss_relics":[{"not_picked":["Runic Pyramid","Calling Bell"],"picked":"Philosopher\u0027s Stone"},{"not_picked":["Tiny House","Snecko Eye"],"picked":"Black Star"}],"items_purged_floors":[11,37,45],"is_endless":false,"potions_floor_spawned":[5,10,18,21,25,28,29,35,39,47],"killed_by":"The Heart","ascension_level":1}