{"gold_per_floor":[118,137,87,87,103,129,129,129],"floor_reached":8,"playtime":263,"items_purged":[],"score":81,"play_id":"c241d9c4-77c6-4d72-9aba-5028697d4d23","local_time":"20190203155134","is_ascension_mode":true,"campfire_choices":[{"data":"Bash","floor":7,"key":"SMITH"}],"neow_cost":"CURSE","seed_source_timestamp":112069128012900,"circlet_count":0,"master_deck":["Strike_R","Strike_R","Strike_R","Strike_R","Defend_R","Defend_R","Defend_R","Defend_R","Bash+1","Barricade","Warcry","Bloodletting","Shrug It Off","Pommel Strike"],"relics":["Burning Blood","FossilizedHelix"],"potions_floor_usage":[8],"damage_taken":[{"damage":8,"enemies":"Small Slimes","floor":1,"turns":6},{"damage":1,"enemies":"Cultist","floor":2,"turns":4},{"damage":3,"enemies":"2 Louse","floor":5,"turns":4},{"damage":64,"enemies":"Lagavulin","floor":6,"turns":11},{"damage":12,"enemies":"3 Sentries","floor":8,"turns":6}],"seed_played":"1037926869474878196","potions_obtained":[{"floor":1,"key":"Dexterity Potion"}],"is_trial":false,"path_per_floor":["M","M","?","?","M","E","R","E"],"character_chosen":"IRONCLAD","items_purchased":[],"campfire_rested":0,"item_purchase_floors":[],"current_hp_per_floor":[70,75,75,75,78,20,20,8],"gold":129,"neow_bonus":"THREE_RARE_CARDS","is_prod":false,"is_daily":false,"chose_seed":false,"campfire_upgraded":1,"win_rate":0,"timestamp":1549176694,"path_taken":["M","M","?","?","M","E","R","E"],"build_version":"2019-01-23","purchased_purges":0,"victory":false,"max_hp_per_floor":[80,80,80,80,80,80,80,80],"card_choices":[{"not_picked":["Double Tap","Impervious"],"picked":"Barricade","floor":0},{"not_picked":["Havoc","Perfected Strike"],"picked":"Warcry","floor":1},{"not_picked":["Havoc","Thunderclap"],"picked":"Bloodletting","floor":2},{"not_picked":["Ghostly Armor","Hemokinesis"],"picked":"Shrug It Off","floor":5},{"not_picked":["Flame Barrier","Rage"],"picked":"Pommel Strike","floor":6}],"player_experience":24064,"relics_obtained":[{"floor":6,"key":"FossilizedHelix"}],"event_choices":[{"cards_removed":["Normality"],"damage_healed":0,"gold_gain":0,"player_choice":"Card Removal","damage_taken":0,"max_hp_gain":0,"max_hp_loss":0,"event_name":"The Cleric","floor":3,"gold_loss":50},{"cards_removed":["Strike_R"],"damage_healed":0,"gold_gain":0,"player_choice":"Offered Basic","damage_taken":0,"max_hp_gain":0,"max_hp_loss":0,"event_name":"Bonfire Elementals","floor":4,"gold_loss":0}],"is_beta":false,"boss_relics":[],"items_purged_floors":[],"is_endless":false,"potions_floor_spawned":[1],"killed_by":"3 Sentries","ascension_level":9}