{"gold_per_floor":[110,110,80,155,155,182,182,198,222,248,260,305,332,17,17,17],"floor_reached":16,"playtime":504,"items_purged":[],"score":216,"play_id":"7c90c754-0f3f-43b7-9db2-4f8f72f3a833","local_time":"20190424121657","is_ascension_mode":true,"campfire_choices":[{"data":"Fiend Fire","floor":7,"key":"SMITH"},{"data":"Whirlwind","floor":15,"key":"SMITH"}],"neow_cost":"NONE","seed_source_timestamp":174429310185100,"circlet_count":0,"master_deck":["AscendersBane","Strike_R","Strike_R","Strike_R","Strike_R","Defend_R","Defend_R","Defend_R","Defend_R","Bash","Reaper","Evolve","Twin Strike","Fiend Fire+1","Shrug It Off","Pommel Strike","Whirlwind+1","Feel No Pain"],"relics":["Burning Blood","MawBank","StoneCalendar","Gambling Chip"],"potions_floor_usage":[12,16],"damage_taken":[{"damage":1,"enemies":"Small Slimes","floor":1,"turns":4},{"damage":40,"enemies":"3 Sentries","floor":6,"turns":10},{"damage":14,"enemies":"Jaw Worm","floor":8,"turns":4},{"damage":14,"enemies":"2 Louse","floor":10,"turns":3},{"damage":31,"enemies":"Gremlin Nob","floor":12,"turns":4},{"damage":16,"enemies":"Blue Slaver","floor":13,"turns":3},{"damage":24,"enemies":"Slime Boss","floor":16,"turns":6}],"seed_played":"-3228339551228516172","potions_obtained":[{"floor":1,"key":"SpeedPotion"},{"floor":8,"key":"AttackPotion"},{"floor":10,"key":"Regen Potion"}],"is_trial":false,"path_per_floor":["M","?","$","?","?","E","R","M","T","M","?","E","M","$","R","B"],"character_chosen":"IRONCLAD","items_purchased":["Twin Strike","Gambling Chip"],"campfire_rested":0,"item_purchase_floors":[3,14],"current_hp_per_floor":[75,80,80,69,69,47,47,43,43,35,35,22,12,12,12,0],"gold":17,"neow_bonus":"ONE_RANDOM_RARE_CARD","is_prod":false,"is_daily":false,"chose_seed":false,"campfire_upgraded":2,"win_rate":0,"timestamp":1556075817,"path_taken":["M","?","$","?","?","E","R","?","T","M","?","E","M","?","R","BOSS"],"build_version":"2019-01-23","purchased_purges":0,"victory":false,"max_hp_per_floor":[75,80,80,80,80,80,80,80,80,80,80,80,80,80,80,80],"card_choices":[{"not_picked":["Ghostly Armor","Burning Pact"],"picked":"Evolve","floor":1},{"not_picked":["Searing Blow","Armaments"],"picked":"Fiend Fire","floor":6},{"not_picked":["Thunderclap","Wild Strike"],"picked":"Shrug It Off","floor":8},{"not_picked":["Pommel Strike","Wild Strike","Dual Wield"],"picked":"SKIP","floor":10},{"not_picked":["Wild Strike","Dual Wield"],"picked":"Pommel Strike","floor":10},{"not_picked":["Warcry","Infernal Blade"],"picked":"Whirlwind","floor":12},{"not_picked":["Perfected Strike","Exhume"],"picked":"Feel No Pain","floor":13}],"player_experience":3330782,"relics_obtained":[{"floor":9,"key":"MawBank"},{"floor":12,"key":"StoneCalendar"}],"event_choices":[{"damage_healed":0,"gold_gain":0,"player_choice":"Donut","damage_taken":0,"max_hp_gain":5,"max_hp_loss":0,"event_name":"Big Fish","floor":2,"gold_loss":0},{"damage_healed":0,"gold_gain":75,"player_choice":"Gather Gold","damage_taken":11,"max_hp_gain":0,"max_hp_loss":0,"event_name":"World of Goop","floor":4,"gold_loss":0},{"damage_healed":0,"gold_gain":0,"player_choice":"Ignored","damage_taken":0,"max_hp_gain":0,"max_hp_loss":0,"event_name":"Liars Game","floor":5,"gold_loss":0},{"cards_removed":["Strike_R"],"damage_healed":0,"gold_gain":0,"player_choice":"Forget","damage_taken":0,"max_hp_gain":0,"max_hp_loss":0,"event_name":"Living Wall","floor":11,"gold_loss":0}],"is_beta":false,"boss_relics":[],"items_purged_floors":[],"is_endless":false,"potions_floor_spawned":[1,8,10],"killed_by":"Slime Boss","ascension_level":20}