{"gold_per_floor":[111,124,135,17,28,61,75,101,152,152,152,152,165,185,185,258,258,277,277,277,113,129,129,144,144,171,29,59,59,86,86,86,164,164,180,196,196,8,8],"floor_reached":39,"playtime":3466,"items_purged":[],"score":769,"play_id":"0ca4cb84-9571-49fa-810a-095498fc1946","local_time":"20181209192338","is_ascension_mode":true,"campfire_choices":[{"floor":10,"key":"REST"},{"floor":12,"key":"REST"},{"floor":15,"key":"REST"},{"floor":23,"key":"REST"},{"floor":25,"key":"REST"},{"floor":29,"key":"REST"},{"floor":32,"key":"REST"}],"neow_cost":"NONE","seed_source_timestamp":19398283093488,"circlet_count":0,"master_deck":["AscendersBane","Strike_B","Strike_B","Strike_B","Strike_B","Defend_B","Defend_B","Defend_B","Zap","Dualcast","Cold Snap","Cold Snap","Doom and Gloom","Sunder","Chaos","Ball Lightning","Echo Form","Barrage","Redo","Rainbow","Static Discharge","Fission","Cold Snap","Defragment","Thunder Strike","Glacier","Heatsinks+1","BootSequence","Core Surge","Coolheaded+1","Self Repair+1","Mind Blast"],"relics":["Cracked Core","NeowsBlessing","Gambling Chip","Letter Opener","Happy Flower","Shuriken","Odd Mushroom","Inserter","Nilry\u0027s Codex","MutagenicStrength","Boot","Cables","Juzu Bracelet","Empty Cage"],"potions_floor_usage":[6,7,8,14,24,28,28,39],"damage_taken":[{"damage":0,"enemies":"Cultist","floor":1,"turns":1},{"damage":0,"enemies":"2 Louse","floor":2,"turns":1},{"damage":0,"enemies":"Jaw Worm","floor":3,"turns":1},{"damage":8,"enemies":"Blue Slaver","floor":5,"turns":4},{"damage":13,"enemies":"3 Sentries","floor":6,"turns":4},{"damage":6,"enemies":"Exordium Wildlife","floor":7,"turns":5},{"damage":6,"enemies":"Gremlin Nob","floor":8,"turns":3},{"damage":8,"enemies":"Looter","floor":13,"turns":3},{"damage":0,"enemies":"The Mushroom Lair","floor":14,"turns":2},{"damage":24,"enemies":"The Guardian","floor":16,"turns":7},{"damage":0,"enemies":"Spheric Guardian","floor":18,"turns":3},{"damage":6,"enemies":"3 Byrds","floor":22,"turns":4},{"damage":4,"enemies":"Snecko","floor":24,"turns":3},{"damage":22,"enemies":"Gremlin Leader","floor":28,"turns":7},{"damage":20,"enemies":"Book of Stabbing","floor":30,"turns":5},{"damage":44,"enemies":"Automaton","floor":33,"turns":12},{"damage":47,"enemies":"3 Darklings","floor":35,"turns":4},{"damage":0,"enemies":"3 Shapes","floor":36,"turns":4},{"damage":51,"enemies":"Writhing Mass","floor":39,"turns":2}],"seed_played":"242457819090649276","potions_obtained":[{"floor":5,"key":"AttackPotion"},{"floor":6,"key":"SkillPotion"},{"floor":7,"key":"Block Potion"},{"floor":13,"key":"AttackPotion"},{"floor":18,"key":"AttackPotion"},{"floor":33,"key":"Ancient Potion"}],"is_trial":false,"path_per_floor":["M","M","M","$","M","E","M","E","T","R","T","R","M","?","R","B",null,"M","?","?","$","M","R","M","R","T","$","E","R","E","?","R","B",null,"M","M","?","$","M"],"character_chosen":"DEFECT","items_purchased":["Sunder","Chaos","Defragment","FocusPotion","Glacier","Block Potion","Regen Potion","Mind Blast"],"campfire_rested":7,"item_purchase_floors":[4,4,21,21,27,27,38,38],"current_hp_per_floor":[64,64,64,64,56,43,37,31,31,52,52,71,63,63,71,47,65,65,44,44,44,38,59,55,71,71,71,49,70,50,50,71,27,60,13,13,13,13,0],"gold":8,"neow_bonus":"THREE_ENEMY_KILL","is_prod":false,"is_daily":false,"chose_seed":false,"campfire_upgraded":0,"win_rate":0,"timestamp":1544376218,"path_taken":["M","M","M","$","M","E","?","E","T","R","?","R","M","?","R","BOSS","M","?","?","$","M","R","M","R","T","?","E","R","E","?","R","BOSS","M","M","?","$","M"],"build_version":"2018-12-06","purchased_purges":0,"victory":false,"max_hp_per_floor":[71,71,71,71,71,71,71,71,71,71,71,71,71,71,71,71,71,71,71,71,71,71,71,71,71,71,71,71,71,71,71,71,71,71,71,71,71,71,71],"card_choices":[{"not_picked":["Beam Cell","Sweeping Beam"],"picked":"Cold Snap","floor":1},{"not_picked":["Rebound","Steam"],"picked":"Cold Snap","floor":2},{"not_picked":["Fusion","Lockon"],"picked":"Doom and Gloom","floor":3},{"not_picked":["Go for the Eyes","Compile Driver"],"picked":"Ball Lightning","floor":5},{"not_picked":["Sunder","Cold Snap"],"picked":"Echo Form","floor":6},{"not_picked":["Conserve Battery","Aggregate"],"picked":"Barrage","floor":7},{"not_picked":["Lockon","Leap"],"picked":"Redo","floor":8},{"not_picked":["Barrage","Gash"],"picked":"Rainbow","floor":13},{"not_picked":["Rebound","Sunder"],"picked":"Static Discharge","floor":14},{"not_picked":["All For One","Hyperbeam"],"picked":"Fission","floor":16},{"not_picked":["Conserve Battery","Steam+1"],"picked":"Cold Snap","floor":18},{"not_picked":["Hologram","Redo"],"picked":"Thunder Strike","floor":22},{"not_picked":["Sweeping Beam","Redo"],"picked":"Coolheaded","floor":24},{"not_picked":["Leap","Cold Snap"],"picked":"Heatsinks+1","floor":28},{"not_picked":["Undo","Beam Cell"],"picked":"BootSequence","floor":30},{"not_picked":["Machine Learning","Multi-Cast"],"picked":"Core Surge","floor":33},{"not_picked":["Redo","Gash"],"picked":"Coolheaded+1","floor":35},{"not_picked":["Chaos+1","Conserve Battery+1"],"picked":"Self Repair+1","floor":36}],"player_experience":819030,"relics_obtained":[{"floor":6,"key":"Gambling Chip"},{"floor":8,"key":"Letter Opener"},{"floor":9,"key":"Happy Flower"},{"floor":11,"key":"Shuriken"},{"floor":14,"key":"Odd Mushroom"},{"floor":19,"key":"Nilry\u0027s Codex"},{"floor":26,"key":"Boot"},{"floor":28,"key":"Cables"},{"floor":30,"key":"Juzu Bracelet"}],"event_choices":[{"damage_healed":0,"gold_gain":0,"player_choice":"Fought Mushrooms","damage_taken":0,"max_hp_gain":0,"max_hp_loss":0,"event_name":"Mushrooms","floor":14,"gold_loss":0},{"damage_healed":0,"gold_gain":0,"player_choice":"Obtained Book","damage_taken":21,"max_hp_gain":0,"max_hp_loss":0,"event_name":"Cursed Tome","floor":19,"gold_loss":0},{"damage_healed":0,"gold_gain":0,"player_choice":"Inject Mutagens","damage_taken":0,"relics_obtained":["MutagenicStrength"],"max_hp_gain":0,"max_hp_loss":0,"event_name":"Drug Dealer","floor":20,"gold_loss":0},{"damage_healed":0,"gold_gain":0,"player_choice":"Smashed Altar","damage_taken":0,"max_hp_gain":0,"max_hp_loss":0,"event_name":"Forgotten Altar","floor":31,"gold_loss":0,"cards_obtained":["Decay"]},{"cards_removed":["Defend_B"],"damage_healed":0,"gold_gain":0,"player_choice":"Removed Skill","damage_taken":0,"max_hp_gain":0,"max_hp_loss":0,"event_name":"Falling","floor":37,"gold_loss":0}],"is_beta":false,"boss_relics":[{"not_picked":["Sozu","Velvet Choker"],"picked":"Inserter"},{"not_picked":["Calling Bell","Astrolabe"],"picked":"Empty Cage"}],"items_purged_floors":[],"is_endless":false,"potions_floor_spawned":[5,6,7,13,18,33],"killed_by":"Writhing Mass","ascension_level":16}