{"path_per_floor":["M","?","M","?","?","E","R","E","T","M","M","R","$","?","R","B",null,"M","M","?","?","?","E","R","?","T","R","$","E","M","M","R","B",null,"M","$","?","M","M","R"],"character_chosen":"THE_SILENT","items_purchased":["Finesse","Molten Egg 2","Backstab","Bag of Marbles"],"gold_per_floor":[114,114,124,124,124,153,153,178,203,214,225,225,63,63,63,189,189,209,223,323,323,248,292,292,292,373,373,293,325,343,358,358,454,454,473,98,98,117,131,131,131],"floor_reached":41,"campfire_rested":2,"playtime":2676,"current_hp_per_floor":[63,63,63,63,49,49,49,29,29,27,18,39,39,39,39,32,71,68,66,66,66,66,35,35,35,40,40,40,45,32,35,58,17,64,38,38,33,25,26,38,0],"items_purged":["Strike_G","Strike_G"],"gold":131,"score":706,"play_id":"ab2bce3c-7af4-4387-968d-f0b447b0cd10","local_time":"20180420194033","is_prod":false,"is_daily":false,"chose_seed":false,"is_ascension_mode":true,"campfire_upgraded":5,"timestamp":1524224433,"path_taken":["M","?","?","?","?","E","R","E","T","M","M","R","?","?","R","BOSS","M","M","?","?","?","E","R","?","T","R","?","E","M","M","R","BOSS","M","$","?","M","M","R","E"],"build_version":"2018-04-19","seed_source_timestamp":508355827734327,"purchased_purges":2,"victory":false,"master_deck":["Defend_G","Defend_G","Defend_G+1","Strike_G","Strike_G","Survivor","Neutralize+1","Cloak And Dagger+1","Backstab+1","Venomology+1","Dagger Spray","Infinite Blades","Finesse","After Image+1","Regret","Normality","Writhe","Prepared","Cloak And Dagger","Acrobatics","Storm of Steel","Calculated Gamble+1","Acrobatics+1","Tactician","Malaise+1","Backstab+1","Secret Technique","Dramatic Entrance+1","Eviscerate+1","Riddle With Holes+1"],"max_hp_per_floor":[70,70,70,70,70,70,70,70,70,70,70,70,70,65,65,65,79,79,79,79,79,79,79,79,79,79,79,79,79,79,79,79,79,79,79,79,79,79,79,79,79],"relics":["Ring of the Snake","NeowsBlessing","Juzu Bracelet","Du-Vu Doll","Orichalcum","Bloody Idol","Calling Bell","Pen Nib","Mercury Hourglass","Mango","Prayer Wheel","The Courier","Lantern","Eternal Feather","Molten Egg 2","Bag of Marbles"],"card_choices":[{"not_picked":["Deflect","Escape Plan"],"picked":"Cloak And Dagger","floor":1},{"not_picked":["Flying Knee","Blade Dance"],"picked":"Backstab","floor":3},{"not_picked":["Acrobatics","Finisher"],"picked":"Venomology","floor":6},{"not_picked":["Prepared","Skewer"],"picked":"Dagger Spray","floor":8},{"not_picked":["Dagger Spray","Dash"],"picked":"Infinite Blades","floor":11},{"not_picked":["Burst","Doppelganger"],"picked":"After Image","floor":16},{"not_picked":["Backflip","Flying Knee"],"picked":"Prepared","floor":18},{"not_picked":["Poisoned Stab","Slice"],"picked":"Cloak And Dagger","floor":19},{"not_picked":["Dagger Spray","Wraith Form v2"],"picked":"Storm of Steel","floor":23},{"not_picked":["Blur","Deadly Poison"],"picked":"Calculated Gamble","floor":26},{"not_picked":["Dagger Spray","Prepared"],"picked":"Acrobatics","floor":29},{"not_picked":["Venomology","Night Terror"],"picked":"Tactician","floor":33},{"not_picked":["Deflect","Acrobatics"],"picked":"Malaise","floor":35},{"not_picked":["Madness","Deep Breath"],"picked":"Secret Technique","floor":37},{"not_picked":["Enlightenment","Madness"],"picked":"Dramatic Entrance","floor":37},{"not_picked":["Dagger Spray","Skewer"],"picked":"Eviscerate","floor":38},{"not_picked":["Acrobatics","Dagger Spray"],"picked":"Riddle With Holes","floor":39}],"player_experience":284216,"potions_floor_usage":[8,8,11,16,16,18,19,19,23,23,29,29,30,31,33,33,35,39,41,41],"damage_taken":[{"damage":0,"enemies":"Jaw Worm","floor":1,"turns":1},{"damage":0,"enemies":"Cultist","floor":3,"turns":1},{"damage":0,"enemies":"3 Sentries","floor":6,"turns":1},{"damage":20,"enemies":"Gremlin Nob","floor":8,"turns":5},{"damage":2,"enemies":"Small Slimes","floor":10,"turns":3},{"damage":9,"enemies":"Exordium Wildlife","floor":11,"turns":5},{"damage":7,"enemies":"The Guardian","floor":16,"turns":13},{"damage":3,"enemies":"Chosen","floor":18,"turns":4},{"damage":2,"enemies":"2 Thieves","floor":19,"turns":3},{"damage":31,"enemies":"Book of Stabbing","floor":23,"turns":6},{"damage":0,"enemies":"Slavers","floor":29,"turns":3},{"damage":18,"enemies":"Chosen and Byrds","floor":30,"turns":5},{"damage":2,"enemies":"Centurion and Healer","floor":31,"turns":6},{"damage":46,"enemies":"Champ","floor":33,"turns":11},{"damage":31,"enemies":"3 Darklings","floor":35,"turns":6},{"damage":13,"enemies":"Orb Walker","floor":38,"turns":2},{"damage":4,"enemies":"Maw","floor":39,"turns":8},{"damage":53,"enemies":"Giant Head","floor":41,"turns":6}],"event_choices":[{"event_name":"Bonfire Elementals","player_choice":"BASIC","floor":2,"damage_taken":0},{"event_name":"Purifier","player_choice":"One Purge","floor":4,"damage_taken":0},{"event_name":"Shining Light","player_choice":"Entered Light","floor":5,"damage_taken":0},{"event_name":"Golden Idol","player_choice":"Lose Max HP","floor":14,"damage_taken":0},{"event_name":"Golden Shrine","player_choice":"Pray","floor":20,"damage_taken":0},{"event_name":"The Library","player_choice":"Read","floor":21,"damage_taken":0},{"event_name":"Beggar","player_choice":"Gave Gold","floor":22,"damage_taken":0},{"event_name":"Forgotten Altar","player_choice":"Gave Idol","floor":25,"damage_taken":0},{"event_name":"SensoryStone","player_choice":"Memory 2","floor":37,"damage_taken":0}],"boss_relics":[{"not_picked":["Lizard Tail","Black Star"],"picked":"Calling Bell"},{"not_picked":["Philosopher\u0027s Stone","Snecko Eye"],"picked":"Eternal Feather"}],"potions_floor_spawned":[3,6,10,11,18,19,23,31,35,39],"seed_played":"-168220019597429054","killed_by":"Giant Head","ascension_level":9,"is_trial":false}