{"gold_per_floor":[19,19,39,49,66,96,126,126,126,136,136,156,190,203,203,301,301,315,34,51,86,86,116,136,161,186,186,186,213,213,243,243,344,344,356,356,356,433,448,467,501,501,547,557,557,42,53,3,3,3],"floor_reached":51,"playtime":3625,"items_purged":["Defend_B","Writhe"],"score":1224,"play_id":"6e75ffd1-25f3-428e-a8a1-9d19c7b813f5","local_time":"20181108140148","is_ascension_mode":true,"campfire_choices":[{"data":"Streamline","floor":8,"key":"SMITH"},{"data":"Zap","floor":11,"key":"SMITH"},{"data":"Melter","floor":15,"key":"SMITH"},{"floor":27,"key":"REST"},{"floor":32,"key":"REST"},{"floor":42,"key":"REST"},{"data":"Barrage","floor":45,"key":"SMITH"},{"data":"Seek","floor":49,"key":"SMITH"}],"neow_cost":"NO_GOLD","seed_source_timestamp":1290041476638006,"circlet_count":0,"master_deck":["AscendersBane","Strike_B+1","Strike_B+1","Defend_B+1","Defend_B","Zap+1","Dualcast+1","Echo Form","Melter+1","Glacier","Streamline+1","White Noise","Seek+1","Leap","Machine Learning","Glacier","Defragment+1","Ball Lightning","Auto Shields","Core Surge","Stack+1","Aggregate+1","Hello World+1","Barrage+1","Compile Driver"],"relics":["Cracked Core","Meat on the Bone","Odd Mushroom","Sundial","Ancient Tea Set","Velvet Choker","Runic Capacitor","Red Mask","Anchor","Lantern","Happy Flower","Omamori","Vajra","Bronze Scales","Astrolabe","Tiny Chest","Centennial Puzzle","War Paint","DataDisk","Bottled Lightning"],"potions_floor_usage":[6,7,13,21,25,29,31,31,31,41,47,50],"damage_taken":[{"damage":7,"enemies":"Small Slimes","floor":1,"turns":3},{"damage":0,"enemies":"2 Louse","floor":3,"turns":2},{"damage":0,"enemies":"Cultist","floor":4,"turns":2},{"damage":1,"enemies":"Looter","floor":5,"turns":4},{"damage":5,"enemies":"Gremlin Nob","floor":6,"turns":4},{"damage":24,"enemies":"The Mushroom Lair","floor":7,"turns":5},{"damage":12,"enemies":"2 Fungi Beasts","floor":10,"turns":3},{"damage":13,"enemies":"Blue Slaver","floor":12,"turns":5},{"damage":0,"enemies":"3 Sentries","floor":13,"turns":7},{"damage":2,"enemies":"Looter","floor":14,"turns":3},{"damage":21,"enemies":"The Guardian","floor":16,"turns":8},{"damage":0,"enemies":"Spheric Guardian","floor":18,"turns":1},{"damage":7,"enemies":"Shell Parasite","floor":20,"turns":5},{"damage":20,"enemies":"Masked Bandits","floor":21,"turns":5},{"damage":8,"enemies":"Gremlin Leader","floor":23,"turns":7},{"damage":8,"enemies":"Centurion and Healer","floor":24,"turns":4},{"damage":30,"enemies":"Book of Stabbing","floor":25,"turns":6},{"damage":0,"enemies":"Gremlin Leader","floor":29,"turns":6},{"damage":7,"enemies":"Book of Stabbing","floor":31,"turns":5},{"damage":38,"enemies":"Collector","floor":33,"turns":9},{"damage":4,"enemies":"3 Darklings","floor":35,"turns":5},{"damage":7,"enemies":"Orb Walker","floor":39,"turns":4},{"damage":0,"enemies":"Sphere and 2 Shapes","floor":40,"turns":4},{"damage":56,"enemies":"Reptomancer","floor":41,"turns":5},{"damage":7,"enemies":"Jaw Worm Horde","floor":44,"turns":4},{"damage":2,"enemies":"3 Darklings","floor":47,"turns":4},{"damage":33,"enemies":"Time Eater","floor":50,"turns":8}],"seed_played":"-4945893752687435427","potions_obtained":[{"floor":1,"key":"Weak Potion"},{"floor":6,"key":"SkillPotion"},{"floor":7,"key":"SkillPotion"},{"floor":12,"key":"SteroidPotion"},{"floor":20,"key":"Explosive Potion"},{"floor":24,"key":"EssenceOfSteel"},{"floor":25,"key":"GamblersBrew"},{"floor":29,"key":"EntropicBrew"},{"floor":39,"key":"FairyPotion"},{"floor":40,"key":"Regen Potion"},{"floor":44,"key":"Poison Potion"}],"is_trial":false,"path_per_floor":["M","?","M","M","M","E","?","R","T","M","R","M","E","M","R","B",null,"M","$","M","?","?","E","M","E","T","R","?","E","?","E","R","B",null,"M","?","?","T","M","M","E","R","T","M","R","$","M","$","R","B",null],"character_chosen":"DEFECT","items_purchased":["Runic Capacitor","DataDisk","Bottled Lightning","Strength Potion"],"campfire_rested":3,"item_purchase_floors":[19,46,46,48],"current_hp_per_floor":[61,46,46,46,45,40,28,28,28,28,28,27,39,49,49,40,66,66,66,59,39,39,43,47,29,29,51,51,51,51,44,66,40,66,62,57,57,57,50,50,20,41,41,46,46,46,44,44,44,23],"gold":3,"neow_bonus":"THREE_RARE_CARDS","is_prod":false,"is_daily":false,"chose_seed":false,"campfire_upgraded":5,"win_rate":0,"timestamp":1541656908,"path_taken":["M","?","M","M","M","E","?","R","T","M","R","M","E","M","R","BOSS","M","$","M","?","?","E","?","E","T","R","?","E","?","E","R","BOSS","M","?","?","?","M","M","E","R","T","?","R","$","M","$","R","BOSS"],"build_version":"2018-11-06","purchased_purges":2,"victory":true,"max_hp_per_floor":[75,75,75,75,75,75,75,75,75,75,75,75,75,75,75,75,75,75,75,75,75,75,75,75,75,75,75,75,75,75,75,75,75,75,75,75,71,71,71,71,71,71,71,71,71,71,71,71,71,71],"card_choices":[{"not_picked":["All For One","Meteor Strike"],"picked":"Echo Form","floor":0},{"not_picked":["Beam Cell","Barrage"],"picked":"Melter","floor":1},{"not_picked":["Sweeping Beam","Steam"],"picked":"Glacier","floor":3},{"not_picked":["Rebound","Beam Cell","Steam"],"picked":"SKIP","floor":4},{"not_picked":["White Noise","Aggregate"],"picked":"Streamline","floor":5},{"not_picked":["Lockon","Rebound"],"picked":"White Noise","floor":6},{"not_picked":["Steam","Redo","Reprogram"],"picked":"SKIP","floor":10},{"not_picked":["Sweeping Beam","Streamline"],"picked":"Seek","floor":12},{"not_picked":["Redo","Cold Snap","Rebound"],"picked":"SKIP","floor":13},{"not_picked":["Heatsinks","Barrage"],"picked":"Leap","floor":14},{"not_picked":["Hyperbeam","Rainbow"],"picked":"Machine Learning","floor":16},{"not_picked":["Cold Snap","Gash"],"picked":"Glacier","floor":18},{"not_picked":["Barrage","Biased Cognition"],"picked":"Defragment","floor":20},{"not_picked":["Redo","Heatsinks+1"],"picked":"Ball Lightning","floor":21},{"not_picked":["Melter","Hologram","Rebound"],"picked":"SKIP","floor":23},{"not_picked":["Melter","Hologram","Rebound"],"picked":"SKIP","floor":23},{"not_picked":["Reboot","Cold Snap"],"picked":"Auto Shields","floor":24},{"not_picked":["Gash","Sweeping Beam","Rebound"],"picked":"SKIP","floor":25},{"not_picked":["Cold Snap","Turbo"],"picked":"Core Surge","floor":29},{"not_picked":["Force Field","Streamline","Rebound"],"picked":"SKIP","floor":31},{"not_picked":["Lockon","Darkness","Leap"],"picked":"SKIP","floor":35},{"not_picked":["Capacitor","Coolheaded"],"picked":"Barrage","floor":39},{"not_picked":["Undo+1","Sweeping Beam","Steam"],"picked":"SKIP","floor":40},{"not_picked":["Leap","Force Field","Reprogram"],"picked":"SKIP","floor":41},{"not_picked":["Skim+1","Redo","Barrage"],"picked":"SKIP","floor":44},{"not_picked":["Barrage","Multi-Cast"],"picked":"Compile Driver","floor":47}],"player_experience":499298,"relics_obtained":[{"floor":6,"key":"Meat on the Bone"},{"floor":7,"key":"Odd Mushroom"},{"floor":9,"key":"Sundial"},{"floor":13,"key":"Ancient Tea Set"},{"floor":21,"key":"Red Mask"},{"floor":23,"key":"Anchor"},{"floor":25,"key":"Lantern"},{"floor":26,"key":"Happy Flower"},{"floor":29,"key":"Vajra"},{"floor":31,"key":"Bronze Scales"},{"floor":38,"key":"Tiny Chest"},{"floor":41,"key":"Centennial Puzzle"},{"floor":43,"key":"War Paint"}],"event_choices":[{"damage_healed":0,"gold_gain":0,"player_choice":"Entered Light","damage_taken":15,"max_hp_gain":0,"max_hp_loss":0,"event_name":"Shining Light","floor":2,"gold_loss":0,"cards_upgraded":["Strike_B","Strike_B"]},{"damage_healed":0,"gold_gain":0,"player_choice":"Fought Mushrooms","damage_taken":0,"max_hp_gain":0,"max_hp_loss":0,"event_name":"Mushrooms","floor":7,"gold_loss":0},{"damage_healed":0,"gold_gain":0,"player_choice":"Fought Bandits","damage_taken":0,"max_hp_gain":0,"max_hp_loss":0,"event_name":"Masked Bandits","floor":21,"gold_loss":0},{"damage_healed":0,"gold_gain":0,"player_choice":"Forge","damage_taken":0,"max_hp_gain":0,"max_hp_loss":0,"event_name":"Accursed Blacksmith","floor":22,"gold_loss":0,"cards_upgraded":["Defragment"]},{"damage_healed":0,"gold_gain":0,"player_choice":"Opened","damage_taken":0,"relics_obtained":["Omamori"],"max_hp_gain":0,"max_hp_loss":0,"event_name":"The Mausoleum","floor":28,"gold_loss":0,"cards_obtained":["Writhe"]},{"damage_healed":0,"gold_gain":0,"player_choice":"Ignored","damage_taken":0,"max_hp_gain":0,"max_hp_loss":0,"event_name":"Vampires","floor":30,"gold_loss":0},{"damage_healed":0,"gold_gain":0,"player_choice":"Memory 2","damage_taken":5,"max_hp_gain":0,"max_hp_loss":0,"event_name":"SensoryStone","floor":36,"gold_loss":0},{"damage_healed":0,"gold_gain":0,"player_choice":"Max HP","damage_taken":0,"max_hp_gain":0,"max_hp_loss":4,"event_name":"Winding Halls","floor":37,"gold_loss":0}],"is_beta":true,"boss_relics":[{"not_picked":["Pandora\u0027s Box","Sozu"],"picked":"Velvet Choker"},{"not_picked":["Fusion Hammer","Busted Crown"],"picked":"Astrolabe"}],"items_purged_floors":[19,46],"is_endless":false,"potions_floor_spawned":[1,6,7,12,20,24,25,29,39,40,44],"ascension_level":12}