{"gold_per_floor":[115,10,10,20,75,75,225,225,225,244,260,260,280,313,313,391,391,406,425,443,30,80,80,93,93,93,93],"floor_reached":27,"playtime":725,"items_purged":[],"score":426,"play_id":"550fa4aa-01be-4c27-ac2f-c39f05ce16a4","local_time":"20190412221558","is_ascension_mode":true,"campfire_choices":[{"data":"Melter","floor":6,"key":"SMITH"},{"data":"Self Repair","floor":8,"key":"SMITH"},{"floor":15,"key":"REST"},{"floor":23,"key":"REST"},{"data":"Darkness","floor":25,"key":"SMITH"}],"neow_cost":"NONE","seed_source_timestamp":38122093158800,"circlet_count":0,"master_deck":["AscendersBane","Strike_B","Strike_B","Strike_B","Strike_B","Defend_B+1","Defend_B","Defend_B","Zap+1","Dualcast","Self Repair+1","Coolheaded","Melter+1","Doubt","Darkness+1","Glacier","FTL","Multi-Cast","Recycle","Chill","Loop+1","Scrape+1","Echo Form","Coolheaded+1"],"relics":["Cracked Core","NeowsBlessing","Prayer Wheel","Snecko Eye","Toxic Egg 2","Turnip"],"potions_floor_usage":[13,14,16,27,27],"damage_taken":[{"damage":0,"enemies":"Small Slimes","floor":1,"turns":1},{"damage":0,"enemies":"Jaw Worm","floor":4,"turns":1},{"damage":0,"enemies":"Cultist","floor":10,"turns":1},{"damage":7,"enemies":"2 Fungi Beasts","floor":11,"turns":4},{"damage":27,"enemies":"Lots of Slimes","floor":13,"turns":4},{"damage":24,"enemies":"Lagavulin","floor":14,"turns":8},{"damage":36,"enemies":"Slime Boss","floor":16,"turns":13},{"damage":14,"enemies":"Shell Parasite","floor":18,"turns":8},{"damage":0,"enemies":"Spheric Guardian","floor":19,"turns":1},{"damage":27,"enemies":"Snake Plant","floor":20,"turns":4},{"damage":31,"enemies":"3 Cultists","floor":24,"turns":7},{"damage":30,"enemies":"Slavers","floor":27,"turns":2}],"seed_played":"7301383577925759385","potions_obtained":[{"floor":1,"key":"SteroidPotion"},{"floor":11,"key":"GamblersBrew"},{"floor":14,"key":"GamblersBrew"},{"floor":16,"key":"Energy Potion"},{"floor":18,"key":"FocusPotion"}],"is_trial":false,"path_per_floor":["M","$","?","M","?","R","?","R","T","M","M","?","M","E","R","B",null,"M","M","M","$","?","R","M","R","T","E"],"character_chosen":"DEFECT","items_purchased":["Self Repair","Coolheaded","Echo Form","Toxic Egg 2"],"campfire_rested":2,"item_purchase_floors":[2,2,21,21],"current_hp_per_floor":[64,64,43,50,50,50,50,50,50,50,53,53,36,22,43,17,58,54,54,27,27,27,48,27,27,27,0],"gold":93,"neow_bonus":"THREE_ENEMY_KILL","is_prod":false,"is_daily":false,"chose_seed":false,"campfire_upgraded":3,"win_rate":0,"timestamp":1555074958,"path_taken":["M","$","?","M","?","R","?","R","T","?","?","?","?","E","R","BOSS","M","M","M","$","?","R","M","R","T","E"],"build_version":"2019-01-23","purchased_purges":0,"victory":false,"max_hp_per_floor":[71,71,71,71,71,71,71,71,71,71,71,71,71,71,71,71,71,71,71,71,71,71,71,71,71,71,71],"card_choices":[{"not_picked":["BootSequence","Hello World","Leap"],"picked":"SKIP","floor":1},{"not_picked":["Redo","Stack"],"picked":"Melter","floor":4},{"not_picked":["Conserve Battery","Doom and Gloom"],"picked":"Darkness","floor":10},{"not_picked":["Fusion","Conserve Battery","Sweeping Beam"],"picked":"SKIP","floor":11},{"not_picked":["Redo","Gash"],"picked":"FTL","floor":13},{"not_picked":["Turbo","Streamline","Cold Snap"],"picked":"SKIP","floor":14},{"not_picked":["Creative AI","Machine Learning"],"picked":"Multi-Cast","floor":16},{"not_picked":["Leap","Coolheaded"],"picked":"Recycle","floor":18},{"not_picked":["Barrage","Beam Cell","Turbo"],"picked":"SKIP","floor":18},{"not_picked":["Gash","Steam"],"picked":"Chill","floor":19},{"not_picked":["Hologram+1","Steam"],"picked":"Loop+1","floor":19},{"not_picked":["Ball Lightning","Redo"],"picked":"Scrape+1","floor":20},{"not_picked":["Conserve Battery","Leap","Streamline"],"picked":"SKIP","floor":20},{"not_picked":["Barrage","Machine Learning"],"picked":"Coolheaded+1","floor":24},{"not_picked":["Streamline+1","Ball Lightning","Steam+1"],"picked":"SKIP","floor":24}],"player_experience":3091875,"relics_obtained":[{"floor":14,"key":"Prayer Wheel"},{"floor":26,"key":"Turnip"}],"event_choices":[{"damage_healed":0,"gold_gain":0,"player_choice":"Entered Light","damage_taken":21,"max_hp_gain":0,"max_hp_loss":0,"event_name":"Shining Light","floor":3,"gold_loss":0,"cards_upgraded":["Defend_B","Zap"]},{"damage_healed":0,"gold_gain":55,"player_choice":"Gained Gold","damage_taken":0,"max_hp_gain":0,"max_hp_loss":0,"event_name":"Golden Wing","floor":5,"gold_loss":0},{"damage_healed":0,"gold_gain":150,"player_choice":"AGREE","damage_taken":0,"max_hp_gain":0,"max_hp_loss":0,"event_name":"Liars Game","floor":7,"gold_loss":0,"cards_obtained":["Doubt"]},{"damage_healed":0,"gold_gain":0,"cards_transformed":["Defend_B"],"player_choice":"Transformed","damage_taken":0,"max_hp_gain":0,"max_hp_loss":0,"event_name":"Transmorgrifier","floor":12,"gold_loss":0,"cards_obtained":["Glacier"]},{"damage_healed":0,"gold_gain":50,"player_choice":"Stole From Cult","damage_taken":0,"max_hp_gain":0,"max_hp_loss":0,"event_name":"Nest","floor":22,"gold_loss":0}],"is_beta":false,"boss_relics":[{"not_picked":["Philosopher\u0027s Stone","Lizard Tail"],"picked":"Snecko Eye"}],"items_purged_floors":[],"is_endless":false,"potions_floor_spawned":[1,11,14,16,18,19],"killed_by":"Slavers","ascension_level":20}