{"gold_per_floor":[122,134,161,185,197,209,261,48,72,88,108,121,121,140,140,140],"floor_reached":16,"playtime":802,"items_purged":[],"score":203,"play_id":"47145cae-ce85-4e1e-bb74-f7700c9cba5a","local_time":"20190415173151","is_ascension_mode":true,"campfire_choices":[{"floor":6,"key":"REST"},{"floor":13,"key":"REST"},{"floor":15,"key":"REST"}],"neow_cost":"NONE","seed_source_timestamp":345351491956266,"circlet_count":0,"master_deck":["AscendersBane","Strike_B","Strike_B","Strike_B","Strike_B","Defend_B","Defend_B","Defend_B","Defend_B","Zap","Dualcast","Darkness+1","Steam","Darkness","Injury","Self Repair","White Noise","Cold Snap","Heatsinks","Capacitor","Conserve Battery","Loop","Redo"],"relics":["Cracked Core","MawBank","Golden Idol","Pen Nib","Centennial Puzzle"],"potions_floor_usage":[7,7,11,12],"damage_taken":[{"damage":3,"enemies":"Small Slimes","floor":1,"turns":3},{"damage":3,"enemies":"2 Louse","floor":3,"turns":2},{"damage":2,"enemies":"Jaw Worm","floor":4,"turns":4},{"damage":32,"enemies":"Gremlin Nob","floor":7,"turns":4},{"damage":9,"enemies":"Blue Slaver","floor":10,"turns":5},{"damage":14,"enemies":"3 Louse","floor":11,"turns":3},{"damage":14,"enemies":"Large Slime","floor":12,"turns":4},{"damage":22,"enemies":"Exordium Thugs","floor":14,"turns":5},{"damage":54,"enemies":"Slime Boss","floor":16,"turns":5}],"seed_played":"-2899378980862418928","potions_obtained":[{"floor":3,"key":"SkillPotion"},{"floor":4,"key":"Strength Potion"},{"floor":7,"key":"Swift Potion"},{"floor":11,"key":"SpeedPotion"}],"is_trial":false,"path_per_floor":["M","?","M","M","?","R","E","$","T","M","M","M","R","M","R","B"],"character_chosen":"DEFECT","items_purchased":["White Noise","Cold Snap","Heatsinks"],"campfire_rested":3,"item_purchase_floors":[8,8,8],"current_hp_per_floor":[61,61,58,56,56,71,39,39,39,37,30,23,44,29,50,0],"gold":140,"neow_bonus":"RANDOM_COMMON_RELIC","is_prod":false,"is_daily":false,"chose_seed":false,"campfire_upgraded":0,"win_rate":0,"timestamp":1555338711,"path_taken":["M","?","M","M","?","R","E","?","T","M","M","M","R","M","R","BOSS"],"build_version":"2019-01-23","purchased_purges":0,"victory":false,"max_hp_per_floor":[71,71,71,71,71,71,71,71,71,71,71,71,71,71,71,71],"card_choices":[{"not_picked":["Beam Cell","Rebound"],"picked":"Darkness","floor":1},{"not_picked":["Rebound","Reinforced Body"],"picked":"Steam","floor":3},{"not_picked":["Steam","FTL"],"picked":"Darkness","floor":4},{"not_picked":["Tempest","BootSequence"],"picked":"Self Repair","floor":7},{"not_picked":["Hologram","Compile Driver"],"picked":"Capacitor","floor":10},{"not_picked":["Scrape","Go for the Eyes"],"picked":"Conserve Battery","floor":11},{"not_picked":["Lockon","Machine Learning"],"picked":"Loop","floor":12},{"not_picked":["Go for the Eyes","Barrage"],"picked":"Redo","floor":14}],"player_experience":1196178,"relics_obtained":[{"floor":7,"key":"Pen Nib"},{"floor":9,"key":"Centennial Puzzle"}],"event_choices":[{"damage_healed":0,"gold_gain":0,"player_choice":"Grow","damage_taken":0,"max_hp_gain":0,"max_hp_loss":0,"event_name":"Living Wall","floor":2,"gold_loss":0,"cards_upgraded":["Darkness"]},{"damage_healed":0,"gold_gain":0,"player_choice":"Take Wound","damage_taken":0,"relics_obtained":["Golden Idol"],"max_hp_gain":0,"max_hp_loss":0,"event_name":"Golden Idol","floor":5,"gold_loss":0,"cards_obtained":["Injury"]}],"is_beta":false,"boss_relics":[],"items_purged_floors":[],"is_endless":false,"potions_floor_spawned":[3,4,7,11],"killed_by":"Slime Boss","ascension_level":19}