{"gold_per_floor":[114,131,131,131,131,159,171,11,64,90,90,100,100,113,113,188,188,199,217,217,217,230,261,261,278,304,304,25,60,60,10,10,85,85,105,1104,1104,1104,1154,1154,1018,1018,1044,1070,728,728,739,769,769,769,769,769,769,233,233],"floor_reached":55,"playtime":2326,"items_purged":["Strike_B","Strike_B","Defend_B","Defend_B","Defend_B"],"score":2209,"play_id":"f0304bf3-a1f9-44bc-a421-122c07f68011","local_time":"20190402195153","is_ascension_mode":true,"campfire_choices":[{"data":"Buffer","floor":11.0,"key":"SMITH"},{"data":"Defragment","floor":13.0,"key":"SMITH"},{"data":"Sunder","floor":15.0,"key":"SMITH"},{"data":"Consume","floor":24.0,"key":"SMITH"},{"data":"Defragment","floor":27.0,"key":"SMITH"},{"data":"White Noise","floor":30.0,"key":"SMITH"},{"data":"Self Repair","floor":32.0,"key":"SMITH"},{"floor":40.0,"key":"RECALL"},{"data":"Zap","floor":42.0,"key":"SMITH"},{"data":"Capacitor","floor":46,"key":"SMITH"},{"data":"Darkness","floor":49,"key":"SMITH"},{"data":"Dualcast","floor":53,"key":"SMITH"}],"neow_cost":"NONE","seed_source_timestamp":374821214453700,"circlet_count":0,"master_deck":["AscendersBane","Defend_B","Zap+1","Dualcast+1","Sunder+1","White Noise+1","Buffer+1","Glacier","Defragment+1","Cold Snap","Defragment+1","Hologram+1","Consume+1","Self Repair+1","Core Surge","Capacitor+1","Darkness+1","Sunder+1","Capacitor"],"special_seed":0,"relics":["Cracked Core","NeowsBlessing","DataDisk","Smiling Mask","Bag of Preparation","Tiny Chest","Meat on the Bone","Snecko Eye","Regal Pillow","Art of War","Juzu Bracelet","Lantern","Omamori","Nuclear Battery","Bronze Scales","Molten Egg 2","Runic Capacitor","Vajra","Pear"],"potions_floor_usage":[55],"damage_taken":[{"damage":0.0,"enemies":"Small Slimes","floor":1.0,"turns":1.0},{"damage":0.0,"enemies":"Jaw Worm","floor":2.0,"turns":1.0},{"damage":0.0,"enemies":"Lagavulin","floor":6.0,"turns":1.0},{"damage":0.0,"enemies":"Cultist","floor":7.0,"turns":4.0},{"damage":1.0,"enemies":"3 Sentries","floor":10.0,"turns":10.0},{"damage":0.0,"enemies":"Blue Slaver","floor":12.0,"turns":3.0},{"damage":6.0,"enemies":"Exordium Wildlife","floor":14.0,"turns":6.0},{"damage":0.0,"enemies":"The Guardian","floor":16.0,"turns":16.0},{"damage":3.0,"enemies":"Shell Parasite","floor":18.0,"turns":6.0},{"damage":0.0,"enemies":"Spheric Guardian","floor":19.0,"turns":3.0},{"damage":0.0,"enemies":"Snecko","floor":22.0,"turns":7.0},{"damage":30.0,"enemies":"Slavers","floor":23.0,"turns":7.0},{"damage":0.0,"enemies":"Chosen and Byrds","floor":25.0,"turns":3.0},{"damage":1.0,"enemies":"Gremlin Leader","floor":29.0,"turns":10.0},{"damage":4.0,"enemies":"Champ","floor":33.0,"turns":16.0},{"damage":0.0,"enemies":"Orb Walker","floor":35.0,"turns":5.0},{"damage":0,"enemies":"Giant Head","floor":44,"turns":14},{"damage":5,"enemies":"3 Darklings","floor":47,"turns":5},{"damage":25,"enemies":"Nemesis","floor":48,"turns":11},{"damage":8,"enemies":"Awakened One","floor":50,"turns":20},{"damage":0,"enemies":"Time Eater","floor":51,"turns":10},{"damage":80,"enemies":"Shield and Spear","floor":55,"turns":3}],"seed_played":"8356950804416821787","potions_obtained":[{"floor":1.0,"key":"Poison Potion"},{"floor":2.0,"key":"SkillPotion"},{"floor":18.0,"key":"SkillPotion"},{"floor":19.0,"key":"AttackPotion"},{"floor":23.0,"key":"Swift Potion"},{"floor":35.0,"key":"Regen Potion"}],"is_trial":false,"path_per_floor":["M","M","?","$","?","E","M","$","T","E","R","M","R","M","R","B",null,"M","M","?","T","M","E","R","M","T","R","$","E","R","$","R","B",null,"M","?","?","?","T","R","$","R","T","E","$","R","M","E","R","B","B",null,"R","$","E"],"character_chosen":"DEFECT","items_purchased":["Bag of Preparation","Lantern","PowerPotion","FocusPotion","Runic Capacitor","Darkness","Capacitor","Pear","EntropicBrew"],"campfire_rested":0,"item_purchase_floors":[8,28,28,41,45,45,54,54,54],"current_hp_per_floor":[64,64,64,64,29,29,29,29,29,28,28,40,40,46,46,46,65,62,62,62,62,62,44,44,44,44,44,44,43,43,43,43,59,68,68,68,68,68,68,68,68,68,68,71,71,71,71,56,56,58,68,70,70,80,0],"gold":233,"neow_bonus":"THREE_ENEMY_KILL","is_prod":false,"is_daily":false,"chose_seed":false,"campfire_upgraded":11,"win_rate":0,"timestamp":1554202313,"path_taken":["M","M","?","$","?","E","M","?","T","E","R","?","R","M","R","BOSS","M","M","?","?","?","E","R","M","T","R","$","E","R","$","R","BOSS","M","?","?","?","?","R","?","R","T","E","$","R","M","E","R","BOSS","BOSS","R","$","E"],"build_version":"2019-01-23","purchased_purges":5,"victory":false,"max_hp_per_floor":[71,71,71,71,71,71,71,71,71,71,71,71,71,71,71,71,71,71,71,71,71,71,71,71,71,71,71,71,71,71,71,71,71,71,71,71,71,71,71,71,71,71,71,71,71,71,71,71,71,71,71,71,71,81,81],"card_choices":[{"not_picked":["White Noise","Gash"],"picked":"Sunder","floor":1.0},{"not_picked":["Hello World","Turbo"],"picked":"White Noise","floor":2.0},{"not_picked":["Ball Lightning","Rebound","Rip and Tear"],"picked":"SKIP","floor":6.0},{"not_picked":["Darkness","BootSequence"],"picked":"Glacier","floor":7.0},{"not_picked":["BootSequence","Lockon","Buffer"],"picked":"SKIP","floor":10.0},{"not_picked":["Reinforced Body","Barrage"],"picked":"Defragment","floor":12.0},{"not_picked":["Rebound","Rip and Tear"],"picked":"Cold Snap","floor":14.0},{"not_picked":["Conserve Battery","Genetic Algorithm"],"picked":"Defragment","floor":18.0},{"not_picked":["Gash","Beam Cell+1","Steam"],"picked":"SKIP","floor":19.0},{"not_picked":["Gash","Streamline"],"picked":"Hologram+1","floor":22.0},{"not_picked":["Cold Snap","Thunder Strike"],"picked":"Consume","floor":23.0},{"not_picked":["Stack","Ball Lightning"],"picked":"Self Repair","floor":25.0},{"not_picked":["Fusion","Redo","Compile Driver"],"picked":"SKIP","floor":29.0},{"not_picked":["Reboot","Fission"],"picked":"Core Surge","floor":33.0},{"not_picked":["Rebound","Storm","Conserve Battery"],"picked":"SKIP","floor":35.0},{"not_picked":["Coolheaded","Cold Snap+1"],"picked":"Capacitor","floor":44},{"not_picked":["Stack","Chill"],"picked":"Sunder+1","floor":47},{"not_picked":["Stack+1","Fusion","Turbo"],"picked":"SKIP","floor":48}],"player_experience":2817938,"relics_obtained":[{"floor":6.0,"key":"Smiling Mask"},{"floor":9.0,"key":"Tiny Chest"},{"floor":10.0,"key":"Meat on the Bone"},{"floor":21.0,"key":"Regal Pillow"},{"floor":23.0,"key":"Art of War"},{"floor":26.0,"key":"Juzu Bracelet"},{"floor":29.0,"key":"Omamori"},{"floor":43.0,"key":"Bronze Scales"},{"floor":44,"key":"Molten Egg 2"},{"floor":48,"key":"Vajra"}],"event_choices":[{"damage_healed":0.0,"max_hp_gain":0.0,"max_hp_loss":0.0,"gold_gain":0.0,"cards_transformed":["Strike_B"],"event_name":"Living Wall","player_choice":"Change","floor":3.0,"gold_loss":0.0,"damage_taken":0.0,"cards_obtained":["Buffer"]},{"damage_healed":0.0,"max_hp_gain":0.0,"max_hp_loss":0.0,"gold_gain":0.0,"event_name":"Scrap Ooze","player_choice":"Success","floor":5.0,"gold_loss":0.0,"damage_taken":35.0,"relics_obtained":["DataDisk"]},{"damage_healed":0.0,"max_hp_gain":0.0,"max_hp_loss":0.0,"gold_gain":0.0,"event_name":"Vampires","player_choice":"Ignored","floor":20.0,"gold_loss":0.0,"damage_taken":0.0},{"damage_healed":0.0,"max_hp_gain":0.0,"max_hp_loss":0.0,"gold_gain":999.0,"event_name":"MindBloom","player_choice":"Gold","floor":36.0,"gold_loss":0.0,"damage_taken":0.0,"cards_obtained":["Normality","Normality"]},{"cards_removed":["Strike_B"],"damage_healed":0.0,"max_hp_gain":0.0,"max_hp_loss":0.0,"gold_gain":0.0,"event_name":"Falling","player_choice":"Removed Attack","floor":37.0,"gold_loss":0.0,"damage_taken":0.0},{"damage_healed":0.0,"max_hp_gain":0.0,"max_hp_loss":0.0,"gold_gain":0.0,"event_name":"Mysterious Sphere","player_choice":"Ignored","floor":38.0,"gold_loss":0.0,"damage_taken":0.0}],"is_beta":false,"boss_relics":[{"not_picked":["Runic Pyramid","Ectoplasm"],"picked":"Snecko Eye"},{"not_picked":["Orrery","Tiny House"],"picked":"Nuclear Battery"}],"items_purged_floors":[28,31,41,45,54],"is_endless":false,"potions_floor_spawned":[1,2,18,19,23,25,35,47],"killed_by":"Shield and Spear","ascension_level":20}