{"gold_per_floor":[360,435,455,38,38,38,68,84,111,128,128,40,51,68,68,68],"floor_reached":16,"playtime":478,"items_purged":["Strike_R"],"score":204,"play_id":"b54fc8b6-ace3-4522-975c-c07ad565ae0c","local_time":"20190424194121","is_ascension_mode":true,"campfire_choices":[{"data":"Bash","floor":6,"key":"SMITH"},{"data":"Shockwave","floor":11,"key":"SMITH"},{"data":"Combust","floor":15,"key":"SMITH"}],"neow_cost":"TEN_PERCENT_HP_LOSS","seed_source_timestamp":201117301597800,"circlet_count":0,"master_deck":["AscendersBane","Strike_R","Strike_R","Strike_R","Strike_R","Defend_R","Defend_R","Defend_R","Defend_R","Bash+1","Sword Boomerang","Shrug It Off","Spot Weakness","Pain","Shockwave+1","Juggernaut","Impervious","True Grit","Combust+1"],"relics":["Burning Blood","Question Card","WarpedTongs","Regal Pillow","Red Skull"],"potions_floor_usage":[7,16,16],"damage_taken":[{"damage":2,"enemies":"Cultist","floor":1,"turns":4},{"damage":9,"enemies":"Jaw Worm","floor":3,"turns":4},{"damage":14,"enemies":"Lagavulin","floor":7,"turns":6},{"damage":2,"enemies":"Small Slimes","floor":8,"turns":3},{"damage":6,"enemies":"Exordium Wildlife","floor":10,"turns":2},{"damage":36,"enemies":"Gremlin Gang","floor":13,"turns":4},{"damage":1,"enemies":"3 Louse","floor":14,"turns":3},{"damage":28,"enemies":"Slime Boss","floor":16,"turns":6}],"seed_played":"-2272547162941603598","potions_obtained":[{"floor":1,"key":"SteroidPotion"},{"floor":7,"key":"Dexterity Potion"},{"floor":13,"key":"BloodPotion"}],"is_trial":false,"path_per_floor":["M","?","M","$","?","R","E","M","T","M","R","$","M","M","R","B"],"character_chosen":"IRONCLAD","items_purchased":["Question Card","Spot Weakness","Impervious"],"campfire_rested":0,"item_purchase_floors":[4,4,12],"current_hp_per_floor":[68,57,54,54,54,54,46,50,50,50,50,50,20,25,25,3],"gold":68,"neow_bonus":"TWO_FIFTY_GOLD","is_prod":false,"is_daily":false,"chose_seed":false,"campfire_upgraded":3,"win_rate":0,"timestamp":1556102481,"path_taken":["M","?","M","$","?","R","E","?","T","M","R","?","?","M","R","BOSS"],"build_version":"2019-01-23","purchased_purges":1,"victory":false,"max_hp_per_floor":[68,68,68,68,68,68,68,68,68,68,68,68,68,68,68,68],"card_choices":[{"not_picked":["Burning Pact","Warcry"],"picked":"Sword Boomerang","floor":1},{"not_picked":["Seeing Red","Power Through"],"picked":"Shrug It Off","floor":3},{"not_picked":["Armaments","Flame Barrier","Power Through"],"picked":"Shockwave","floor":7},{"not_picked":["Shrug It Off","Blood for Blood","Wild Strike","Clothesline"],"picked":"SKIP","floor":8},{"not_picked":["Armaments","Rupture","Thunderclap"],"picked":"Juggernaut","floor":10},{"not_picked":["Iron Wave","Ghostly Armor","Disarm"],"picked":"True Grit","floor":13},{"not_picked":["Wild Strike","Armaments","Sword Boomerang"],"picked":"Combust","floor":14}],"player_experience":3349007,"relics_obtained":[{"floor":7,"key":"Regal Pillow"},{"floor":9,"key":"Red Skull"}],"event_choices":[{"damage_healed":0,"gold_gain":75,"player_choice":"Gather Gold","damage_taken":11,"max_hp_gain":0,"max_hp_loss":0,"event_name":"World of Goop","floor":2,"gold_loss":0},{"damage_healed":0,"gold_gain":0,"player_choice":"Rummage","damage_taken":0,"relics_obtained":["WarpedTongs"],"max_hp_gain":0,"max_hp_loss":0,"event_name":"Accursed Blacksmith","floor":5,"gold_loss":0,"cards_obtained":["Pain"]}],"is_beta":false,"boss_relics":[],"items_purged_floors":[4],"is_endless":false,"potions_floor_spawned":[1,7,13],"killed_by":"Slime Boss","ascension_level":20}