{"gold_per_floor":[109,109,109,109,119,149,149,180,180,200,200,234,309,309,309,309],"floor_reached":16,"playtime":310,"items_purged":[],"score":282,"play_id":"5a52bb19-e910-4c17-abf9-69e8339fe507","local_time":"20190312115354","is_ascension_mode":true,"campfire_choices":[{"data":"Carnage","floor":7.0,"key":"SMITH"},{"data":"Bash","floor":11.0,"key":"SMITH"},{"floor":15.0,"key":"REST"}],"neow_cost":"NONE","seed_source_timestamp":265161019202500,"circlet_count":0,"master_deck":["AscendersBane","Strike_R","Strike_R","Strike_R","Strike_R","Strike_R","Defend_R","Defend_R","Defend_R","Defend_R","Bash+1","Flame Barrier","Carnage+1","Armaments+1","Seeing Red+1","Feed"],"special_seed":0,"relics":["Burning Blood","NeowsBlessing","Toxic Egg 2","Anchor","Bronze Scales","Mummified Hand","Prayer Wheel","Golden Idol"],"potions_floor_usage":[],"damage_taken":[{"damage":0.0,"enemies":"2 Louse","floor":1.0,"turns":1.0},{"damage":0.0,"enemies":"Small Slimes","floor":5.0,"turns":1.0},{"damage":0.0,"enemies":"3 Sentries","floor":6.0,"turns":2.0},{"damage":31.0,"enemies":"Lagavulin","floor":8.0,"turns":7.0},{"damage":0.0,"enemies":"Jaw Worm","floor":10.0,"turns":2.0},{"damage":13.0,"enemies":"3 Sentries","floor":12.0,"turns":7.0},{"damage":30,"enemies":"Slime Boss","floor":16,"turns":6}],"seed_played":"7257357751066511390","potions_obtained":[{"floor":1.0,"key":"Energy Potion"},{"floor":10.0,"key":"Weak Potion"}],"is_trial":false,"path_per_floor":["M","?","?","?","M","E","R","E","T","M","R","E","?","?","R","B"],"character_chosen":"IRONCLAD","items_purchased":[],"campfire_rested":1,"item_purchase_floors":[],"current_hp_per_floor":[74,56,61,61,67,73,73,48,48,54,54,47,36,8,32,2],"gold":309,"neow_bonus":"THREE_ENEMY_KILL","is_prod":false,"is_daily":false,"chose_seed":false,"campfire_upgraded":2,"win_rate":0,"timestamp":1552359234,"path_taken":["M","?","?","?","M","E","R","E","T","M","R","E","?","?","R","BOSS"],"build_version":"2019-01-23","purchased_purges":0,"victory":false,"max_hp_per_floor":[75,75,80,80,80,80,80,80,80,80,80,80,80,80,80,80],"card_choices":[{"not_picked":["Sentinel","Clothesline"],"picked":"Flame Barrier","floor":1.0},{"not_picked":["Cleave","Uppercut"],"picked":"Carnage","floor":5.0},{"not_picked":["Dual Wield+1","Thunderclap"],"picked":"Armaments+1","floor":6.0},{"not_picked":["Metallicize","Clothesline"],"picked":"Seeing Red+1","floor":8.0},{"not_picked":["Pummel","Wild Strike","Perfected Strike"],"picked":"SKIP","floor":10.0},{"not_picked":["Pummel","Wild Strike","Perfected Strike"],"picked":"SKIP","floor":10.0},{"not_picked":["Seeing Red+1","Clothesline"],"picked":"Feed","floor":12.0}],"player_experience":2200252,"relics_obtained":[{"floor":6.0,"key":"Anchor"},{"floor":8.0,"key":"Bronze Scales"},{"floor":9.0,"key":"Mummified Hand"},{"floor":12.0,"key":"Prayer Wheel"}],"event_choices":[{"damage_healed":0.0,"max_hp_gain":0.0,"max_hp_loss":0.0,"gold_gain":0.0,"event_name":"Scrap Ooze","player_choice":"Success","floor":2.0,"gold_loss":0.0,"damage_taken":18.0,"relics_obtained":["Toxic Egg 2"]},{"damage_healed":0.0,"max_hp_gain":5.0,"max_hp_loss":0.0,"gold_gain":0.0,"event_name":"Big Fish","player_choice":"Donut","floor":3.0,"gold_loss":0.0,"damage_taken":0.0},{"damage_healed":0.0,"max_hp_gain":0.0,"max_hp_loss":0.0,"gold_gain":0.0,"event_name":"Liars Game","player_choice":"Ignored","floor":4.0,"gold_loss":0.0,"damage_taken":0.0},{"damage_healed":0.0,"max_hp_gain":0.0,"max_hp_loss":0.0,"gold_gain":75.0,"event_name":"World of Goop","player_choice":"Gather Gold","floor":13.0,"gold_loss":0.0,"damage_taken":11.0},{"damage_healed":0.0,"max_hp_gain":0.0,"max_hp_loss":0.0,"gold_gain":0.0,"event_name":"Golden Idol","player_choice":"Take Damage","floor":14.0,"gold_loss":0.0,"damage_taken":28.0,"relics_obtained":["Golden Idol"]}],"is_beta":false,"boss_relics":[],"items_purged_floors":[],"is_endless":false,"potions_floor_spawned":[1,10],"killed_by":"Slime Boss","ascension_level":20}