{"gold_per_floor":[119,119,131,74,44,71,87,107,107,142,142],"floor_reached":11,"playtime":228,"items_purged":[],"score":216,"play_id":"c3beef05-e507-46e2-ad17-ff4752857322","local_time":"20190328144851","is_ascension_mode":true,"campfire_choices":[],"neow_cost":"NONE","seed_source_timestamp":45831294680800,"circlet_count":0,"master_deck":["AscendersBane","Strike_R","Strike_R","Strike_R","Strike_R","Strike_R","Defend_R","Defend_R","Defend_R","Defend_R","Bash","Armaments","Evolve","Feel No Pain"],"relics":["Burning Blood","NeowsBlessing","Lantern","Shuriken","Shovel"],"potions_floor_usage":[10,10],"damage_taken":[{"damage":0,"enemies":"Cultist","floor":1,"turns":1},{"damage":0,"enemies":"Jaw Worm","floor":3,"turns":1},{"damage":0,"enemies":"3 Sentries","floor":6,"turns":1},{"damage":4,"enemies":"2 Louse","floor":7,"turns":3},{"damage":4,"enemies":"2 Fungi Beasts","floor":8,"turns":6},{"damage":61,"enemies":"Lagavulin","floor":10,"turns":10},{"damage":0,"enemies":"Lots of Slimes","floor":11,"turns":1}],"seed_played":"-7751027439717880681","potions_obtained":[{"floor":5,"key":"Weak Potion"},{"floor":8,"key":"Explosive Potion"}],"is_trial":false,"path_per_floor":["M","?","M","$","?","E","M","M","T","E","M"],"character_chosen":"IRONCLAD","items_purchased":["Fire Potion"],"campfire_rested":0,"item_purchase_floors":[4],"current_hp_per_floor":[74,74,75,75,75,75,75,75,75,20,20],"gold":142,"neow_bonus":"THREE_ENEMY_KILL","is_prod":false,"is_daily":false,"chose_seed":false,"campfire_upgraded":0,"win_rate":0,"timestamp":1553752131,"path_taken":["M","?","M","?","?","E","M","M","T","E","?"],"build_version":"2019-01-23","purchased_purges":0,"victory":false,"max_hp_per_floor":[75,75,75,75,75,75,75,75,75,75,75],"card_choices":[{"not_picked":["Twin Strike","Hemokinesis"],"picked":"Armaments","floor":1},{"not_picked":["Heavy Blade","Pommel Strike"],"picked":"Evolve","floor":3},{"not_picked":["Thunderclap","Carnage"],"picked":"Feel No Pain","floor":6},{"not_picked":["Sword Boomerang","Twin Strike","Havoc"],"picked":"SKIP","floor":7},{"not_picked":["Cleave","Metallicize","Heavy Blade"],"picked":"SKIP","floor":8},{"not_picked":["Burning Pact","Perfected Strike","Pommel Strike"],"picked":"SKIP","floor":10}],"player_experience":2671831,"relics_obtained":[{"floor":6,"key":"Lantern"},{"floor":9,"key":"Shuriken"},{"floor":10,"key":"Shovel"}],"event_choices":[{"damage_healed":0,"gold_gain":0,"player_choice":"0 cards matched","damage_taken":0,"max_hp_gain":0,"max_hp_loss":0,"event_name":"Match and Keep!","floor":2,"gold_loss":0,"cards_obtained":[]},{"damage_healed":0,"gold_gain":0,"player_choice":"Bought 2 Potions","damage_taken":0,"max_hp_gain":0,"max_hp_loss":0,"event_name":"The Woman in Blue","floor":5,"gold_loss":0}],"is_beta":false,"boss_relics":[],"items_purged_floors":[],"is_endless":false,"potions_floor_spawned":[7,8],"killed_by":"Lots of Slimes","ascension_level":20}