{"gold_per_floor":[114,114,1,76,41,41,67,67,67,67,37,56,72,107,107,182,182,195,79,79,91,91,91,109,109,156,176,176,202,202],"floor_reached":30,"playtime":1080,"items_purged":["Defend_B"],"score":508,"play_id":"13762590-06ad-41f4-adcc-accb9c60b891","local_time":"20190208100026","is_ascension_mode":true,"campfire_choices":[{"data":"Consume","floor":6,"key":"SMITH"},{"data":"Coolheaded","floor":8,"key":"SMITH"},{"data":"Zap","floor":10,"key":"SMITH"},{"data":"Defragment","floor":15,"key":"SMITH"},{"floor":23,"key":"REST"},{"data":"Capacitor","floor":25,"key":"SMITH"},{"data":"Sunder","floor":28,"key":"SMITH"}],"neow_cost":"CURSE","seed_source_timestamp":229121829919900,"circlet_count":0,"master_deck":["AscendersBane","Strike_B","Strike_B","Strike_B","Defend_B","Defend_B+1","Zap+1","Dualcast","Redo+1","Core Surge","Consume+1","Cold Snap","Coolheaded+1","Defragment+1","Ball Lightning","Seek","White Noise+1","FTL","Streamline","Capacitor+1","Sunder+1"],"relics":["Cracked Core","War Paint","Darkstone Periapt","Emotion Chip","Nuclear Battery","Nilry\u0027s Codex","DataDisk","Symbiotic Virus"],"potions_floor_usage":[7,21,27,30],"damage_taken":[{"damage":7,"enemies":"Jaw Worm","floor":1,"turns":2},{"damage":20,"enemies":"3 Sentries","floor":7,"turns":6},{"damage":1,"enemies":"Small Slimes","floor":12,"turns":2},{"damage":0,"enemies":"Cultist","floor":13,"turns":3},{"damage":13,"enemies":"Lagavulin","floor":14,"turns":6},{"damage":5,"enemies":"Hexaghost","floor":16,"turns":12},{"damage":23,"enemies":"2 Thieves","floor":18,"turns":4},{"damage":0,"enemies":"Chosen","floor":21,"turns":4},{"damage":9,"enemies":"Centurion and Healer","floor":24,"turns":6},{"damage":0,"enemies":"Snecko","floor":27,"turns":5},{"damage":17,"enemies":"Gremlin Leader","floor":29,"turns":5},{"damage":16,"enemies":"Snake Plant","floor":30,"turns":1}],"seed_played":"-924562305935753663","potions_obtained":[{"floor":1,"key":"AttackPotion"},{"floor":11,"key":"EssenceOfSteel"},{"floor":18,"key":"SkillPotion"},{"floor":24,"key":"Block Potion"},{"floor":29,"key":"EssenceOfSteel"}],"is_trial":false,"path_per_floor":["M","?","$","?","?","R","E","R","T","R","?","M","M","E","R","B",null,"M","$","?","M","?","R","M","R","T","M","R","E","M"],"character_chosen":"DEFECT","items_purchased":["Cold Snap","Explosive Potion","FTL"],"campfire_rested":1,"item_purchase_floors":[3,3,19],"current_hp_per_floor":[57,57,57,46,63,63,43,43,43,43,43,42,42,29,29,24,59,36,36,36,36,15,36,27,27,27,27,27,10,0],"gold":202,"neow_bonus":"TRANSFORM_TWO_CARDS","is_prod":false,"is_daily":false,"chose_seed":false,"campfire_upgraded":6,"win_rate":0,"timestamp":1549587626,"path_taken":["M","?","$","?","?","R","E","R","T","R","?","M","?","E","R","BOSS","M","$","?","M","?","R","M","R","T","M","R","E","M"],"build_version":"2019-01-23","purchased_purges":1,"victory":false,"max_hp_per_floor":[71,71,71,71,71,71,71,71,71,71,71,71,71,71,71,71,71,71,71,71,71,71,71,71,71,71,71,71,71,71],"card_choices":[{"not_picked":["Ball Lightning","Barrage"],"picked":"Consume","floor":1},{"not_picked":["Multi-Cast","Redo"],"picked":"Coolheaded","floor":7},{"not_picked":["Steam","Scrape","Force Field"],"picked":"SKIP","floor":12},{"not_picked":["Gash","Skim"],"picked":"Defragment","floor":13},{"not_picked":["Reinforced Body","Heatsinks"],"picked":"Ball Lightning","floor":14},{"not_picked":["Multi-Cast","Amplify"],"picked":"Seek","floor":16},{"not_picked":["Ball Lightning+1","Steam Power"],"picked":"White Noise+1","floor":18},{"not_picked":["Rebound","Conserve Battery","Undo"],"picked":"SKIP","floor":21},{"not_picked":["Cold Snap","Steam+1"],"picked":"Capacitor","floor":24},{"not_picked":["Multi-Cast","Leap"],"picked":"Sunder","floor":27},{"not_picked":["Go for the Eyes","Thunder Strike","FTL"],"picked":"SKIP","floor":29}],"player_experience":1447475,"relics_obtained":[{"floor":7,"key":"War Paint"},{"floor":9,"key":"Darkstone Periapt"},{"floor":14,"key":"Emotion Chip"},{"floor":22,"key":"Nilry\u0027s Codex"},{"floor":26,"key":"DataDisk"},{"floor":29,"key":"Symbiotic Virus"}],"event_choices":[{"cards_removed":["Normality"],"damage_healed":0,"gold_gain":0,"player_choice":"Forget","damage_taken":0,"max_hp_gain":0,"max_hp_loss":0,"event_name":"Living Wall","floor":2,"gold_loss":0},{"damage_healed":0,"gold_gain":75,"player_choice":"Gather Gold","damage_taken":11,"max_hp_gain":0,"max_hp_loss":0,"event_name":"World of Goop","floor":4,"gold_loss":0},{"damage_healed":17,"gold_gain":0,"player_choice":"Healed","damage_taken":0,"max_hp_gain":0,"max_hp_loss":0,"event_name":"The Cleric","floor":5,"gold_loss":35},{"damage_healed":0,"gold_gain":0,"player_choice":"Bought 2 Potions","damage_taken":0,"max_hp_gain":0,"max_hp_loss":0,"event_name":"The Woman in Blue","floor":11,"gold_loss":0},{"damage_healed":0,"gold_gain":0,"player_choice":"Read","damage_taken":0,"max_hp_gain":0,"max_hp_loss":0,"event_name":"The Library","floor":20,"gold_loss":0,"cards_obtained":["Streamline"]},{"damage_healed":0,"gold_gain":0,"player_choice":"Obtained Book","damage_taken":21,"max_hp_gain":0,"max_hp_loss":0,"event_name":"Cursed Tome","floor":22,"gold_loss":0}],"is_beta":false,"boss_relics":[{"not_picked":["Tiny House","Runic Pyramid"],"picked":"Nuclear Battery"}],"items_purged_floors":[19],"is_endless":false,"potions_floor_spawned":[1,13,14,16,18,24,29],"killed_by":"Snake Plant","ascension_level":20}