{"gold_per_floor":[114,28,28,303,319,319,336,362,388,388,405,416,448,462,462,538,538,555,555,555,555,555,555,575,575,655,684,734,744,758,41,41,118,118,137,151,161,161,161,161,192,192,192,217,231,231,231,285,285,285,285,285,285,28,59,59],"floor_reached":57,"playtime":1974,"items_purged":["Strike_R","Strike_R"],"score":3301,"play_id":"188ab5c7-1a70-4f45-b106-9f6088a6a88e","local_time":"20190407191836","is_ascension_mode":true,"campfire_choices":[{"data":"Whirlwind","floor":6,"key":"SMITH"},{"floor":10,"key":"REST"},{"data":"Barricade","floor":15,"key":"SMITH"},{"data":"Inflame","floor":23,"key":"SMITH"},{"data":"Shrug It Off","floor":25,"key":"SMITH"},{"data":"Apotheosis","floor":32,"key":"SMITH"},{"data":"1","floor":40,"key":"LIFT"},{"data":"2","floor":42,"key":"LIFT"},{"data":"3","floor":46,"key":"LIFT"},{"floor":49,"key":"RECALL"},{"data":"Battle Trance","floor":53,"key":"SMITH"}],"neow_cost":"NONE","seed_source_timestamp":60859417750500,"circlet_count":0,"master_deck":["AscendersBane","Strike_R","Strike_R","Strike_R+1","Defend_R","Defend_R","Defend_R+1","Defend_R","Bash","Flame Barrier","Whirlwind+1","Second Wind+1","Barricade+1","Shrug It Off+1","Inflame+1","Second Wind","Ghostly","Ghostly","Ghostly","Double Tap","Battle Trance+1","Apotheosis+1","Body Slam+1","Ghostly","Fiend Fire","Heavy Blade+1","Flame Barrier"],"relics":["Burning Blood","NeowsBlessing","Boot","Kunai","Happy Flower","Vajra","Busted Crown","Shuriken","Bottled Tornado","War Paint","Girya","Coffee Dripper","Bag of Preparation","The Courier","Thread and Needle","Oddly Smooth Stone","Whetstone"],"potions_floor_usage":[11,13,14,16,22,27,33,36,48,56,56],"damage_taken":[{"damage":0,"enemies":"Jaw Worm","floor":1,"turns":1},{"damage":0,"enemies":"2 Louse","floor":5,"turns":1},{"damage":0,"enemies":"Cultist","floor":7,"turns":1},{"damage":59,"enemies":"Gremlin Nob","floor":8,"turns":5},{"damage":0,"enemies":"Gremlin Gang","floor":11,"turns":3},{"damage":1,"enemies":"Exordium Wildlife","floor":12,"turns":2},{"damage":30,"enemies":"Lagavulin","floor":13,"turns":7},{"damage":11,"enemies":"Looter","floor":14,"turns":4},{"damage":3,"enemies":"Slime Boss","floor":16,"turns":7},{"damage":12,"enemies":"Spheric Guardian","floor":18,"turns":4},{"damage":1,"enemies":"Colosseum Slavers","floor":22,"turns":3},{"damage":10,"enemies":"Shell Parasite","floor":24,"turns":7},{"damage":3,"enemies":"Gremlin Leader","floor":27,"turns":6},{"damage":8,"enemies":"Centurion and Healer","floor":29,"turns":5},{"damage":1,"enemies":"Snecko","floor":30,"turns":9},{"damage":29,"enemies":"Collector","floor":33,"turns":12},{"damage":6,"enemies":"Orb Walker","floor":35,"turns":3},{"damage":0,"enemies":"3 Shapes","floor":36,"turns":3},{"damage":0,"enemies":"Maw","floor":37,"turns":7},{"damage":0,"enemies":"Giant Head","floor":41,"turns":8},{"damage":0,"enemies":"Reptomancer","floor":44,"turns":7},{"damage":13,"enemies":"4 Shapes","floor":45,"turns":7},{"damage":5,"enemies":"2 Orb Walkers","floor":48,"turns":5},{"damage":0,"enemies":"Time Eater","floor":50,"turns":10},{"damage":0,"enemies":"Awakened One","floor":51,"turns":9},{"damage":0,"enemies":"Shield and Spear","floor":55,"turns":9},{"damage":0,"enemies":"The Heart","floor":56,"turns":11}],"seed_played":"2313694893750070599","potions_obtained":[{"floor":1,"key":"LiquidBronze"},{"floor":7,"key":"SmokeBomb"},{"floor":11,"key":"Weak Potion"},{"floor":13,"key":"BloodPotion"},{"floor":14,"key":"SpeedPotion"},{"floor":24,"key":"GamblersBrew"},{"floor":29,"key":"Poison Potion"},{"floor":33,"key":"SkillPotion"},{"floor":41,"key":"FearPotion"},{"floor":44,"key":"SteroidPotion"},{"floor":45,"key":"Dexterity Potion"}],"is_trial":false,"path_per_floor":["M","$","?","?","M","R","M","E","T","R","M","M","E","M","R","B",null,"M","?","?","?","?","R","M","R","T","E","T","M","M","$","R","B",null,"M","M","M","?","?","R","E","R","T","E","M","R","T","?","R","B","B",null,"R","$","E","B",null],"character_chosen":"IRONCLAD","items_purchased":["Whirlwind","Apotheosis","Body Slam","Girya","Block Potion","Oddly Smooth Stone","Dexterity Potion"],"campfire_rested":1,"item_purchase_floors":[2,31,31,31,31,54,54],"current_hp_per_floor":[74,74,48,48,54,54,60,7,7,29,35,40,16,18,18,21,62,56,56,37,37,37,37,33,33,33,36,36,34,37,37,37,14,31,31,37,37,37,37,37,37,37,37,37,30,30,30,31,31,37,37,37,37,37,37,37],"gold":59,"neow_bonus":"THREE_ENEMY_KILL","is_prod":false,"is_daily":false,"chose_seed":false,"campfire_upgraded":6,"win_rate":0,"timestamp":1554632316,"path_taken":["M","$","?","?","M","R","?","E","T","R","M","?","E","M","R","BOSS","M","?","?","?","?","R","?","R","T","E","?","M","M","$","R","BOSS","M","M","M","?","?","R","E","R","T","E","?","R","?","?","R","BOSS","BOSS","R","$","E","BOSS"],"build_version":"2019-01-23","purchased_purges":2,"victory":true,"max_hp_per_floor":[75,75,75,75,75,75,75,75,75,75,75,75,75,75,75,75,75,75,75,37,37,37,37,37,37,37,37,37,37,37,37,37,37,37,37,37,37,37,37,37,37,37,37,37,37,37,37,37,37,37,37,37,37,37,37,37],"card_choices":[{"not_picked":["Reckless Charge","Combust"],"picked":"Flame Barrier","floor":1},{"not_picked":["Twin Strike","Wild Strike","Reckless Charge"],"picked":"SKIP","floor":5},{"not_picked":["Heavy Blade","Cleave","Wild Strike"],"picked":"SKIP","floor":7},{"not_picked":["Shrug It Off","Anger"],"picked":"Second Wind","floor":8},{"not_picked":["Cleave","Hemokinesis"],"picked":"Barricade","floor":11},{"not_picked":["Iron Wave","Cleave"],"picked":"Shrug It Off","floor":12},{"not_picked":["Pommel Strike","Anger"],"picked":"Inflame","floor":13},{"not_picked":["Clash","Perfected Strike"],"picked":"Second Wind","floor":14},{"not_picked":["Wild Strike"],"picked":"SKIP","floor":18},{"not_picked":["Iron Wave"],"picked":"SKIP","floor":24},{"not_picked":[],"picked":"Double Tap","floor":27},{"not_picked":[],"picked":"Battle Trance","floor":29},{"not_picked":["Heavy Blade+1"],"picked":"SKIP","floor":30},{"not_picked":["Perfected Strike"],"picked":"SKIP","floor":35},{"not_picked":["Second Wind"],"picked":"SKIP","floor":36},{"not_picked":["Thunderclap"],"picked":"SKIP","floor":37},{"not_picked":[],"picked":"Fiend Fire","floor":41},{"not_picked":["Headbutt"],"picked":"SKIP","floor":44},{"not_picked":["Dual Wield"],"picked":"SKIP","floor":45},{"not_picked":[],"picked":"Heavy Blade+1","floor":48},{"not_picked":[],"picked":"Flame Barrier","floor":55}],"player_experience":2949943,"relics_obtained":[{"floor":8,"key":"Kunai"},{"floor":9,"key":"Happy Flower"},{"floor":13,"key":"Vajra"},{"floor":26,"key":"Shuriken"},{"floor":27,"key":"Bottled Tornado"},{"floor":28,"key":"War Paint"},{"floor":44,"key":"Bag of Preparation"},{"floor":47,"key":"The Courier"},{"floor":48,"key":"Thread and Needle"},{"floor":55,"key":"Whetstone"}],"event_choices":[{"damage_healed":0,"gold_gain":0,"player_choice":"Success","damage_taken":26,"relics_obtained":["Boot"],"max_hp_gain":0,"max_hp_loss":0,"event_name":"Scrap Ooze","floor":3,"gold_loss":0},{"damage_healed":0,"gold_gain":275,"player_choice":"Desecrate","damage_taken":0,"max_hp_gain":0,"max_hp_loss":0,"event_name":"Golden Shrine","floor":4,"gold_loss":0,"cards_obtained":["Regret"]},{"damage_healed":0,"gold_gain":0,"player_choice":"Ignored","damage_taken":0,"max_hp_gain":0,"max_hp_loss":0,"event_name":"The Mausoleum","floor":19,"gold_loss":0},{"damage_healed":0,"gold_gain":0,"player_choice":"Became a Ghost","damage_taken":0,"max_hp_gain":0,"max_hp_loss":38,"event_name":"Ghosts","floor":20,"gold_loss":0,"cards_obtained":["Ghostly","Ghostly","Ghostly"]},{"cards_removed":["Regret"],"damage_healed":0,"gold_gain":0,"player_choice":"Elegance","damage_taken":0,"max_hp_gain":0,"max_hp_loss":0,"event_name":"Back to Basics","floor":21,"gold_loss":0},{"damage_healed":0,"gold_gain":0,"player_choice":"Fight","damage_taken":0,"max_hp_gain":0,"max_hp_loss":0,"event_name":"Colosseum","floor":22,"gold_loss":0},{"damage_healed":0,"gold_gain":0,"player_choice":"Fled From Nobs","damage_taken":0,"max_hp_gain":0,"max_hp_loss":0,"event_name":"Colosseum","floor":22,"gold_loss":0},{"damage_healed":0,"gold_gain":0,"player_choice":"Ignored","damage_taken":0,"max_hp_gain":0,"max_hp_loss":0,"event_name":"Tomb of Lord Red Mask","floor":38,"gold_loss":0},{"damage_healed":0,"gold_gain":0,"player_choice":"Copied","damage_taken":0,"max_hp_gain":0,"max_hp_loss":0,"event_name":"Duplicator","floor":39,"gold_loss":0,"cards_obtained":["Ghostly"]},{"damage_healed":0,"gold_gain":0,"player_choice":"Fight","damage_taken":0,"max_hp_gain":0,"max_hp_loss":0,"event_name":"Mysterious Sphere","floor":48,"gold_loss":0}],"is_beta":false,"boss_relics":[{"not_picked":["Runic Pyramid","Black Blood"],"picked":"Busted Crown"},{"not_picked":["Sozu","Snecko Eye"],"picked":"Coffee Dripper"}],"items_purged_floors":[31,54],"is_endless":false,"potions_floor_spawned":[1,7,11,13,14,22,24,29,33,41,44,45],"ascension_level":20}