{"gold_per_floor":[110,110,110,110,125,125,156,167,167,197,37,63,123,141,141,141],"floor_reached":16,"playtime":331,"items_purged":[],"score":286,"play_id":"77b24d99-2dab-468a-921d-59ded2581c51","local_time":"20190403203336","is_ascension_mode":true,"campfire_choices":[{"data":"Zap","floor":6.0,"key":"SMITH"},{"data":"Defragment","floor":15.0,"key":"SMITH"}],"neow_cost":"NONE","seed_source_timestamp":466084796099000,"circlet_count":0,"master_deck":["AscendersBane","Strike_B","Strike_B","Strike_B","Defend_B","Defend_B","Defend_B","Defend_B","Zap+1","Dualcast","Cold Snap","Ball Lightning+1","Streamline","Defragment+1","Self Repair","Coolheaded","Cold Snap+1"],"special_seed":0,"relics":["Cracked Core","NeowsBlessing","Darkstone Periapt","Letter Opener","Kunai","Boot","Bronze Scales","Whetstone"],"potions_floor_usage":[16],"damage_taken":[{"damage":0.0,"enemies":"Jaw Worm","floor":1.0,"turns":1.0},{"damage":0.0,"enemies":"2 Louse","floor":5.0,"turns":1.0},{"damage":0.0,"enemies":"Gremlin Nob","floor":7.0,"turns":1.0},{"damage":0.0,"enemies":"Small Slimes","floor":8.0,"turns":3.0},{"damage":6.0,"enemies":"3 Sentries","floor":10.0,"turns":9.0},{"damage":23.0,"enemies":"Gremlin Nob","floor":12.0,"turns":4.0},{"damage":35.0,"enemies":"Lagavulin Event","floor":13.0,"turns":6.0},{"damage":2.0,"enemies":"Red Slaver","floor":14.0,"turns":4.0},{"damage":22,"enemies":"Slime Boss","floor":16,"turns":7}],"seed_played":"-1098183590986127967","potions_obtained":[{"floor":1.0,"key":"SkillPotion"},{"floor":5.0,"key":"FocusPotion"},{"floor":14.0,"key":"Explosive Potion"}],"is_trial":false,"path_per_floor":["M","?","?","?","M","R","E","M","T","E","$","E","?","M","R","B"],"character_chosen":"DEFECT","items_purchased":["Self Repair","Coolheaded","Cold Snap"],"campfire_rested":0,"item_purchase_floors":[11,11,11],"current_hp_per_floor":[64,57,39,71,71,71,71,71,71,65,65,42,14,19,19,0],"gold":141,"neow_bonus":"THREE_ENEMY_KILL","is_prod":false,"is_daily":false,"chose_seed":false,"campfire_upgraded":2,"win_rate":0,"timestamp":1554291216,"path_taken":["M","?","?","?","M","R","E","?","T","E","?","E","?","M","R","BOSS"],"build_version":"2019-01-23","purchased_purges":0,"victory":false,"max_hp_per_floor":[71,71,71,71,71,71,71,71,71,71,71,71,71,71,71,71],"card_choices":[{"not_picked":["Heatsinks","Gash"],"picked":"Cold Snap","floor":1.0},{"not_picked":["Barrage","Tempest"],"picked":"Ball Lightning","floor":5.0},{"not_picked":["Reinforced Body","Conserve Battery"],"picked":"Streamline","floor":7.0},{"not_picked":["Steam","Auto Shields","Redo"],"picked":"SKIP","floor":8.0},{"not_picked":["BootSequence","Core Surge"],"picked":"Defragment","floor":10.0},{"not_picked":["Turbo","Auto Shields","Rebound"],"picked":"SKIP","floor":12.0},{"not_picked":["Reinforced Body","Genetic Algorithm","Sweeping Beam"],"picked":"SKIP","floor":14.0}],"player_experience":2846397,"relics_obtained":[{"floor":7.0,"key":"Letter Opener"},{"floor":9.0,"key":"Kunai"},{"floor":10.0,"key":"Boot"},{"floor":12.0,"key":"Bronze Scales"},{"floor":13.0,"key":"Whetstone"}],"event_choices":[{"cards_removed":["Strike_B"],"damage_healed":0.0,"max_hp_gain":0.0,"max_hp_loss":0.0,"gold_gain":0.0,"event_name":"Golden Wing","player_choice":"Card Removal","floor":2.0,"gold_loss":0.0,"damage_taken":7.0},{"damage_healed":0.0,"max_hp_gain":0.0,"max_hp_loss":0.0,"gold_gain":0.0,"event_name":"Scrap Ooze","player_choice":"Success","floor":3.0,"gold_loss":0.0,"damage_taken":18.0,"relics_obtained":["Darkstone Periapt"]},{"damage_healed":32.0,"max_hp_gain":0.0,"max_hp_loss":0.0,"gold_gain":0.0,"event_name":"Wheel of Change","player_choice":"Full Heal","floor":4.0,"gold_loss":0.0,"damage_taken":0.0},{"damage_healed":0.0,"max_hp_gain":0.0,"max_hp_loss":0.0,"gold_gain":0.0,"event_name":"Dead Adventurer","player_choice":"Searched \u00272\u0027 times","floor":13.0,"gold_loss":0.0,"damage_taken":0.0}],"is_beta":false,"boss_relics":[],"items_purged_floors":[],"is_endless":false,"potions_floor_spawned":[1,5,14],"killed_by":"Slime Boss","ascension_level":20}