{"gold_per_floor":[110,129,54,54,129,129,155,155,155,155,173,98,114,142,154,242,254,282,294,337,360,390,402,446,458,470,482,494,541,553,565,577,589],"floor_reached":33,"playtime":783,"items_purged":["Strike_R"],"score":668,"play_id":"c27745d6-588c-4396-a583-2ad1057e9229","local_time":"20190319195214","is_ascension_mode":true,"campfire_choices":[{"data":"Bash","floor":6,"key":"SMITH"},{"data":"Demon Form","floor":8,"key":"SMITH"},{"data":"Evolve","floor":10,"key":"SMITH"},{"data":"Whirlwind","floor":15,"key":"SMITH"},{"floor":23,"key":"REST"},{"floor":25,"key":"REST"},{"data":"Shockwave","floor":28,"key":"SMITH"},{"floor":30,"key":"REST"},{"floor":32,"key":"REST"}],"neow_cost":"NONE","seed_source_timestamp":4104391864100,"circlet_count":0,"master_deck":["AscendersBane","Strike_R","Strike_R","Defend_R","Defend_R","Defend_R","Defend_R","Bash+1","Evolve+1","Demon Form+1","Whirlwind+1","Second Wind","Impervious","Seeing Red","Armaments+1","Feel No Pain","Shockwave+1"],"relics":["Burning Blood","NeowsBlessing","Magic Flower","Pear","MawBank","Runic Dome","Red Mask","Juzu Bracelet","Self Forming Clay","Matryoshka"],"potions_floor_usage":[16,16,20,22,24,27],"damage_taken":[{"damage":0,"enemies":"Cultist","floor":1,"turns":1},{"damage":0,"enemies":"Small Slimes","floor":2,"turns":1},{"damage":0,"enemies":"Lagavulin","floor":7,"turns":1},{"damage":13,"enemies":"2 Louse","floor":11,"turns":4},{"damage":15,"enemies":"Large Slime","floor":13,"turns":5},{"damage":25,"enemies":"3 Sentries","floor":14,"turns":4},{"damage":21,"enemies":"Hexaghost","floor":16,"turns":7},{"damage":22,"enemies":"Shell Parasite","floor":18,"turns":5},{"damage":43,"enemies":"Masked Bandits","floor":20,"turns":4},{"damage":20,"enemies":"Chosen","floor":21,"turns":4},{"damage":0,"enemies":"3 Cultists","floor":22,"turns":4},{"damage":48,"enemies":"Slavers","floor":24,"turns":5},{"damage":0,"enemies":"Gremlin Leader","floor":27,"turns":1},{"damage":46,"enemies":"Slavers","floor":29,"turns":7},{"damage":25,"enemies":"Colosseum Slavers","floor":31,"turns":6},{"damage":63,"enemies":"Automaton","floor":33,"turns":6}],"seed_played":"-6852954922503362009","potions_obtained":[{"floor":2,"key":"Poison Potion"},{"floor":13,"key":"Poison Potion"},{"floor":18,"key":"BloodPotion"},{"floor":21,"key":"SteroidPotion"},{"floor":22,"key":"GamblersBrew"},{"floor":24,"key":"SmokeBomb"}],"is_trial":false,"path_per_floor":["M","M","$","?","?","R","E","R","T","R","M","?","M","E","R","B",null,"M","?","?","M","M","R","E","R","T","E","R","E","R","?","R","B"],"character_chosen":"IRONCLAD","items_purchased":[],"campfire_rested":4,"item_purchase_floors":[],"current_hp_per_floor":[74,75,75,68,57,57,63,63,73,73,69,69,63,47,47,35,73,60,60,38,27,36,61,22,47,47,56,56,19,44,28,53,0],"gold":589,"neow_bonus":"THREE_ENEMY_KILL","is_prod":false,"is_daily":false,"chose_seed":false,"campfire_upgraded":5,"win_rate":0,"timestamp":1552992734,"path_taken":["M","M","$","?","?","R","E","R","T","R","M","?","M","E","R","BOSS","M","?","?","M","M","R","E","R","T","E","R","E","R","?","R","BOSS"],"build_version":"2019-01-23","purchased_purges":1,"victory":false,"max_hp_per_floor":[75,75,75,75,75,75,75,75,85,85,85,85,85,85,85,85,85,85,85,85,85,85,85,85,85,85,85,85,85,85,85,85,85],"card_choices":[{"not_picked":["Havoc","Wild Strike"],"picked":"Evolve","floor":1},{"not_picked":["Anger","Cleave","Flex"],"picked":"SKIP","floor":2},{"not_picked":["Corruption","Shrug It Off"],"picked":"Demon Form","floor":7},{"not_picked":["Dropkick","Entrench"],"picked":"Whirlwind","floor":11},{"not_picked":["Pummel","Havoc","Carnage"],"picked":"SKIP","floor":13},{"not_picked":["Pommel Strike","Thunderclap"],"picked":"Second Wind","floor":14},{"not_picked":["Exhume","Berserk"],"picked":"Impervious","floor":16},{"not_picked":["Heavy Blade","Headbutt"],"picked":"Seeing Red","floor":18},{"not_picked":["Pommel Strike","Rage"],"picked":"Armaments+1","floor":21},{"not_picked":["Infernal Blade","Combust+1"],"picked":"Feel No Pain","floor":22},{"not_picked":["Bloodletting","Dual Wield"],"picked":"Shockwave","floor":24},{"not_picked":["Berserk","Flex","Sword Boomerang"],"picked":"SKIP","floor":29}],"player_experience":2380143,"relics_obtained":[{"floor":7,"key":"Magic Flower"},{"floor":9,"key":"Pear"},{"floor":14,"key":"MawBank"},{"floor":20,"key":"Red Mask"},{"floor":24,"key":"Juzu Bracelet"},{"floor":26,"key":"Self Forming Clay"},{"floor":29,"key":"Matryoshka"}],"event_choices":[{"cards_removed":["Strike_R"],"damage_healed":0,"gold_gain":0,"player_choice":"Card Removal","damage_taken":7,"max_hp_gain":0,"max_hp_loss":0,"event_name":"Golden Wing","floor":4,"gold_loss":0},{"damage_healed":0,"gold_gain":75,"player_choice":"Gather Gold","damage_taken":11,"max_hp_gain":0,"max_hp_loss":0,"event_name":"World of Goop","floor":5,"gold_loss":0},{"cards_removed":["Strike_R"],"damage_healed":0,"gold_gain":0,"player_choice":"Card Removal","damage_taken":0,"max_hp_gain":0,"max_hp_loss":0,"event_name":"The Cleric","floor":12,"gold_loss":75},{"damage_healed":0,"gold_gain":0,"player_choice":"Ignored","damage_taken":0,"max_hp_gain":0,"max_hp_loss":0,"event_name":"The Mausoleum","floor":19,"gold_loss":0},{"damage_healed":0,"gold_gain":0,"player_choice":"Fought Bandits","damage_taken":0,"max_hp_gain":0,"max_hp_loss":0,"event_name":"Masked Bandits","floor":20,"gold_loss":0},{"damage_healed":0,"gold_gain":0,"player_choice":"Fight","damage_taken":0,"max_hp_gain":0,"max_hp_loss":0,"event_name":"Colosseum","floor":31,"gold_loss":0},{"damage_healed":0,"gold_gain":0,"player_choice":"Fled From Nobs","damage_taken":0,"max_hp_gain":0,"max_hp_loss":0,"event_name":"Colosseum","floor":31,"gold_loss":0}],"is_beta":false,"boss_relics":[{"not_picked":["Calling Bell","Cursed Key"],"picked":"Runic Dome"}],"items_purged_floors":[3],"is_endless":false,"potions_floor_spawned":[2,13,14,18,21,22,24,31],"killed_by":"Automaton","ascension_level":20}