{"gold_per_floor":[16,91,241,6,6,6,21,21,21,21,36,48,64,64],"floor_reached":14,"playtime":292,"items_purged":["Doubt"],"score":160,"play_id":"847049f9-a9b6-42ed-b920-c22c8f510e42","local_time":"20190414142030","is_ascension_mode":true,"campfire_choices":[{"data":"Bash","floor":6,"key":"SMITH"}],"neow_cost":"NO_GOLD","seed_source_timestamp":182827162637700,"circlet_count":0,"master_deck":["AscendersBane","Strike_R","Strike_R","Defend_R","Defend_R","Defend_R","Defend_R","Bash+1","Thunderclap","Dark Embrace","Reckless Charge","Warcry","Rampage+1","Flame Barrier","Fiend Fire+1"],"relics":["Burning Blood","Bag of Marbles","Molten Egg 2"],"potions_floor_usage":[12],"damage_taken":[{"damage":14,"enemies":"Jaw Worm","floor":1,"turns":4},{"damage":2,"enemies":"2 Louse","floor":7,"turns":3},{"damage":1,"enemies":"Cultist","floor":11,"turns":3},{"damage":37,"enemies":"Gremlin Gang","floor":12,"turns":5},{"damage":23,"enemies":"Large Slime","floor":13,"turns":7},{"damage":7,"enemies":"Lots of Slimes","floor":14,"turns":2}],"seed_played":"917709293574284542","potions_obtained":[{"floor":1,"key":"Energy Potion"},{"floor":11,"key":"Dexterity Potion"}],"is_trial":false,"path_per_floor":["M","?","?","$","?","R","M","?","T","$","M","M","M","M"],"character_chosen":"IRONCLAD","items_purchased":["Bag of Marbles"],"campfire_rested":0,"item_purchase_floors":[4],"current_hp_per_floor":[60,49,49,49,49,49,53,53,53,53,58,27,10,3],"gold":64,"neow_bonus":"TRANSFORM_TWO_CARDS","is_prod":false,"is_daily":false,"chose_seed":false,"campfire_upgraded":1,"win_rate":0,"timestamp":1555219230,"path_taken":["M","?","?","$","?","R","M","?","T","?","M","?","M","M"],"build_version":"2019-01-23","purchased_purges":1,"victory":false,"max_hp_per_floor":[75,75,75,75,75,75,75,75,75,75,75,75,75,75],"card_choices":[{"not_picked":["Burning Pact","Wild Strike","Heavy Blade"],"picked":"SKIP","floor":1},{"not_picked":["Burning Pact","Wild Strike","Heavy Blade"],"picked":"SKIP","floor":1},{"not_picked":["Cleave","Pommel Strike"],"picked":"Warcry","floor":7},{"not_picked":["Perfected Strike+1","True Grit"],"picked":"Rampage+1","floor":11},{"not_picked":["Iron Wave+1","Heavy Blade+1"],"picked":"Flame Barrier","floor":12},{"not_picked":["Warcry","Heavy Blade+1"],"picked":"Fiend Fire+1","floor":13}],"player_experience":3125513,"relics_obtained":[{"floor":9,"key":"Molten Egg 2"}],"event_choices":[{"damage_healed":0,"gold_gain":75,"player_choice":"Gather Gold","damage_taken":11,"max_hp_gain":0,"max_hp_loss":0,"event_name":"World of Goop","floor":2,"gold_loss":0},{"damage_healed":0,"gold_gain":150,"player_choice":"AGREE","damage_taken":0,"max_hp_gain":0,"max_hp_loss":0,"event_name":"Liars Game","floor":3,"gold_loss":0,"cards_obtained":["Doubt"]},{"damage_healed":0,"gold_gain":0,"cards_transformed":["Strike_R"],"player_choice":"Change","damage_taken":0,"max_hp_gain":0,"max_hp_loss":0,"event_name":"Living Wall","floor":5,"gold_loss":0,"cards_obtained":["Reckless Charge"]},{"damage_healed":0,"gold_gain":0,"player_choice":"Leave","damage_taken":0,"max_hp_gain":0,"max_hp_loss":0,"event_name":"The Cleric","floor":8,"gold_loss":0}],"is_beta":false,"boss_relics":[],"items_purged_floors":[4],"is_endless":false,"potions_floor_spawned":[1,11],"killed_by":"Lots of Slimes","ascension_level":20}