{"gold_per_floor":[114,134,134,78,23,48,48,78,160,173,191,191,226,151,151,226,226,236,248,338,349,349,362,362,362,362,362,362,379,379,133,133,205,205,222,240,258,258,268,268],"floor_reached":40,"playtime":1484,"items_purged":["Steam Power"],"score":862,"play_id":"0d79bbbd-224d-4a4f-a3f6-8f6e3e37b600","local_time":"20190311210415","is_ascension_mode":true,"campfire_choices":[{"data":"Zap","floor":7,"key":"SMITH"},{"data":"Sunder","floor":12,"key":"SMITH"},{"data":"Hologram","floor":15,"key":"SMITH"},{"floor":24,"key":"REST"},{"floor":28,"key":"REST"},{"data":"Darkness","floor":30,"key":"SMITH"},{"floor":32,"key":"REST"}],"neow_cost":"NONE","seed_source_timestamp":210720563945900,"circlet_count":0,"master_deck":["AscendersBane","Strike_B","Defend_B+1","Zap+1","Dualcast","Coolheaded+1","Go for the Eyes","Hologram+1","Sunder+1","Cold Snap","Glacier","Reboot","Biased Cognition","Cold Snap","Turbo","Darkness+1","Gash","Necronomicurse","Self Repair","Defragment","Gash+1","Coolheaded","All For One+1","Defragment","Compile Driver+1","Loop","Glacier","Glacier+1"],"relics":["Cracked Core","NeowsBlessing","War Paint","Centennial Puzzle","Emotion Chip","Tiny Chest","Anchor","Empty Cage","Molten Egg 2","Necronomicon","Philosopher\u0027s Stone"],"potions_floor_usage":[16,16,21,39,39],"damage_taken":[{"damage":0,"enemies":"2 Louse","floor":1,"turns":1},{"damage":0,"enemies":"Jaw Worm","floor":2,"turns":1},{"damage":0,"enemies":"Gremlin Nob","floor":6,"turns":1},{"damage":23,"enemies":"3 Sentries","floor":8,"turns":8},{"damage":2,"enemies":"Cultist","floor":10,"turns":3},{"damage":3,"enemies":"3 Louse","floor":11,"turns":3},{"damage":10,"enemies":"Lagavulin","floor":13,"turns":6},{"damage":13,"enemies":"Slime Boss","floor":16,"turns":7},{"damage":12,"enemies":"Chosen","floor":18,"turns":4},{"damage":0,"enemies":"Shell Parasite","floor":19,"turns":5},{"damage":9,"enemies":"Shelled Parasite and Fungi","floor":21,"turns":5},{"damage":7,"enemies":"Snecko","floor":23,"turns":8},{"damage":0,"enemies":"Sentry and Sphere","floor":29,"turns":4},{"damage":46,"enemies":"Collector","floor":33,"turns":9},{"damage":13,"enemies":"3 Darklings","floor":35,"turns":4},{"damage":0,"enemies":"3 Shapes","floor":36,"turns":3},{"damage":14,"enemies":"Spire Growth","floor":37,"turns":6},{"damage":4,"enemies":"Jaw Worm Horde","floor":39,"turns":4},{"damage":74,"enemies":"Reptomancer","floor":40,"turns":9}],"seed_played":"8260246413469561244","potions_obtained":[{"floor":8,"key":"SteroidPotion"},{"floor":18,"key":"Weak Potion"},{"floor":21,"key":"Block Potion"},{"floor":36,"key":"Regen Potion"},{"floor":39,"key":"EssenceOfSteel"}],"is_trial":false,"path_per_floor":["M","M","?","?","$","E","R","E","T","M","M","R","E","?","R","B",null,"M","M","?","M","?","M","R","T","T","?","R","M","R","$","R","B",null,"M","M","M","?","M","E"],"character_chosen":"DEFECT","items_purchased":["Poison Potion","Defragment","Gash+1","Coolheaded"],"campfire_rested":3,"item_purchase_floors":[5,31,31,31],"current_hp_per_floor":[64,64,64,64,64,64,64,41,41,39,36,36,26,26,26,13,57,45,45,24,15,15,8,29,29,29,8,29,29,29,29,50,11,56,50,57,50,50,65,0],"gold":268,"neow_bonus":"THREE_ENEMY_KILL","is_prod":false,"is_daily":false,"chose_seed":false,"campfire_upgraded":4,"win_rate":0,"timestamp":1552305855,"path_taken":["M","M","?","?","$","E","R","E","T","M","?","R","E","?","R","BOSS","M","M","?","?","?","M","R","?","T","?","R","M","R","$","R","BOSS","M","M","M","?","?","E"],"build_version":"2019-01-23","purchased_purges":1,"victory":false,"max_hp_per_floor":[71,71,71,71,71,71,71,71,71,71,71,71,71,71,71,71,71,71,71,71,71,71,71,71,71,71,71,71,71,71,71,71,71,71,71,71,71,71,71,71],"card_choices":[{"not_picked":["Stack","Turbo","Barrage"],"picked":"SKIP","floor":1},{"not_picked":["Turbo","Redo"],"picked":"Coolheaded","floor":2},{"not_picked":["Beam Cell","Leap"],"picked":"Hologram","floor":6},{"not_picked":["Leap","Compile Driver"],"picked":"Sunder","floor":8},{"not_picked":["Coolheaded","Hyperbeam"],"picked":"Cold Snap","floor":10},{"not_picked":["Compile Driver","Double Energy"],"picked":"Glacier","floor":11},{"not_picked":["Steam Power","Conserve Battery"],"picked":"Reboot","floor":13},{"not_picked":["Meteor Strike","Reboot"],"picked":"Biased Cognition","floor":16},{"not_picked":["Go for the Eyes","Compile Driver","Auto Shields"],"picked":"SKIP","floor":18},{"not_picked":["Stack","Double Energy"],"picked":"Cold Snap","floor":19},{"not_picked":["Reinforced Body","Coolheaded"],"picked":"Turbo","floor":21},{"not_picked":["Compile Driver","Rebound"],"picked":"Gash","floor":23},{"not_picked":["Ball Lightning+1","Compile Driver+1"],"picked":"Self Repair","floor":29},{"not_picked":["Buffer","Echo Form"],"picked":"All For One+1","floor":33},{"not_picked":["Ball Lightning+1","Steam"],"picked":"Defragment","floor":35},{"not_picked":["Stack+1","Conserve Battery"],"picked":"Compile Driver+1","floor":36},{"not_picked":["Undo+1","Glacier+1"],"picked":"Loop","floor":37},{"not_picked":["Ball Lightning+1","Compile Driver+1"],"picked":"Glacier+1","floor":39}],"player_experience":2196406,"relics_obtained":[{"floor":6,"key":"Centennial Puzzle"},{"floor":8,"key":"Emotion Chip"},{"floor":9,"key":"Tiny Chest"},{"floor":13,"key":"Anchor"},{"floor":25,"key":"Molten Egg 2"},{"floor":27,"key":"Necronomicon"}],"event_choices":[{"damage_healed":0,"gold_gain":0,"cards_transformed":["Defend_B"],"player_choice":"Change","damage_taken":0,"max_hp_gain":0,"max_hp_loss":0,"event_name":"Living Wall","floor":3,"gold_loss":0,"cards_obtained":["Go for the Eyes"]},{"damage_healed":0,"gold_gain":0,"player_choice":"Paid Gold","damage_taken":0,"relics_obtained":["War Paint"],"max_hp_gain":0,"max_hp_loss":0,"event_name":"WeMeetAgain","floor":4,"gold_loss":56},{"cards_removed":["Defend_B"],"damage_healed":0,"gold_gain":0,"player_choice":"Card Removal","damage_taken":0,"max_hp_gain":0,"max_hp_loss":0,"event_name":"The Cleric","floor":14,"gold_loss":75},{"damage_healed":0,"gold_gain":90,"player_choice":"GOLD POTION ","damage_taken":21,"max_hp_gain":0,"max_hp_loss":0,"event_name":"Knowing Skull","floor":20,"potions_obtained":["SpeedPotion"],"gold_loss":0,"cards_obtained":[]},{"damage_healed":0,"gold_gain":0,"cards_transformed":["Strike_B","Strike_B"],"player_choice":"Became Test Subject","damage_taken":0,"max_hp_gain":0,"max_hp_loss":0,"event_name":"Drug Dealer","floor":22,"gold_loss":0,"cards_obtained":["Darkness","Steam Power"]},{"damage_healed":0,"gold_gain":0,"player_choice":"Obtained Book","damage_taken":21,"max_hp_gain":0,"max_hp_loss":0,"event_name":"Cursed Tome","floor":27,"gold_loss":0},{"damage_healed":0,"gold_gain":0,"player_choice":"Copied","damage_taken":0,"max_hp_gain":0,"max_hp_loss":0,"event_name":"Duplicator","floor":38,"gold_loss":0,"cards_obtained":["Glacier"]}],"is_beta":false,"boss_relics":[{"not_picked":["Cursed Key","Lizard Tail"],"picked":"Empty Cage"},{"not_picked":["Velvet Choker","Orrery"],"picked":"Philosopher\u0027s Stone"}],"items_purged_floors":[31],"is_endless":false,"potions_floor_spawned":[8,11,13,18,21,36,39],"killed_by":"Reptomancer","ascension_level":20}