{"gold_per_floor":[118,268,71,86,101,101,135,135,210,235,314,347,29,48,48,127,127,147,72,72,82,132,167,167,167,467,146,157,49,74,85,85,160,160,170,186,12,12,12,12,43,43,66,84,84,118,218,243,243,243,243,243,243,25,58,58],"floor_reached":57,"playtime":2721,"items_purged":["Strike_R","Infernal Blade","Anger"],"score":2884,"play_id":"7fe91357-7a9a-4680-a6d7-bc627aa8fd38","local_time":"20190421142522","is_ascension_mode":true,"campfire_choices":[{"data":"Apotheosis","floor":6,"key":"SMITH"},{"floor":8,"key":"REST"},{"data":"Whirlwind","floor":15,"key":"SMITH"},{"data":"Inflame","floor":24,"key":"SMITH"},{"data":"True Grit","floor":32,"key":"SMITH"},{"data":"Offering","floor":40,"key":"SMITH"},{"floor":45,"key":"RECALL"},{"floor":49,"key":"REST"},{"data":"Entrench","floor":53,"key":"SMITH"}],"neow_cost":"TEN_PERCENT_HP_LOSS","seed_source_timestamp":467415779739600,"circlet_count":0,"master_deck":["AscendersBane","Defend_R","Defend_R+1","Defend_R","Defend_R","Inflame+1","Apotheosis+1","Reaper","Whirlwind+1","Shockwave","Barricade+1","Impervious+1","Body Slam+1","Brutality+1","Metallicize+1","Disarm","Disarm","True Grit+1","Entrench+1","Shockwave+1","Ghostly Armor+1","Fiend Fire","Offering+1","Panacea","Entrench+1","Battle Trance"],"relics":["Burning Blood","Vajra","Blue Candle","Frozen Egg 2","Matryoshka","Bag of Preparation","Velvet Choker","Thread and Needle","War Paint","Old Coin","Ancient Tea Set","Happy Flower","Runic Pyramid","PreservedInsect","Potion Belt","Bag of Marbles","Smiling Mask","Strawberry","Pen Nib"],"potions_floor_usage":[23,56,56,56],"damage_taken":[{"damage":0,"enemies":"Small Slimes","floor":1,"turns":3},{"damage":2,"enemies":"Jaw Worm","floor":4,"turns":5},{"damage":3,"enemies":"Cultist","floor":5,"turns":4},{"damage":25,"enemies":"Gremlin Nob","floor":7,"turns":4},{"damage":25,"enemies":"Lagavulin","floor":10,"turns":6},{"damage":14,"enemies":"3 Sentries","floor":12,"turns":7},{"damage":7,"enemies":"Exordium Thugs","floor":14,"turns":3},{"damage":14,"enemies":"Slime Boss","floor":16,"turns":9},{"damage":2,"enemies":"2 Thieves","floor":18,"turns":3},{"damage":0,"enemies":"Shell Parasite","floor":21,"turns":2},{"damage":26,"enemies":"Slavers","floor":23,"turns":3},{"damage":6,"enemies":"Snecko","floor":28,"turns":6},{"damage":33,"enemies":"Gremlin Leader","floor":30,"turns":5},{"damage":3,"enemies":"Snake Plant","floor":31,"turns":7},{"damage":9,"enemies":"Champ","floor":33,"turns":8},{"damage":6,"enemies":"Orb Walker","floor":35,"turns":3},{"damage":9,"enemies":"3 Shapes","floor":36,"turns":6},{"damage":9,"enemies":"Nemesis","floor":41,"turns":7},{"damage":6,"enemies":"Maw","floor":44,"turns":5},{"damage":7,"enemies":"Giant Head","floor":46,"turns":5},{"damage":0,"enemies":"Mind Bloom Boss Battle","floor":47,"turns":6},{"damage":30,"enemies":"Reptomancer","floor":48,"turns":5},{"damage":42,"enemies":"Awakened One","floor":50,"turns":9},{"damage":16,"enemies":"Time Eater","floor":51,"turns":11},{"damage":30,"enemies":"Shield and Spear","floor":55,"turns":9},{"damage":28,"enemies":"The Heart","floor":56,"turns":11}],"seed_played":"-3339536825992852736","potions_obtained":[{"floor":4,"key":"SmokeBomb"},{"floor":5,"key":"Dexterity Potion"},{"floor":12,"key":"Energy Potion"},{"floor":30,"key":"Weak Potion"},{"floor":33,"key":"FairyPotion"},{"floor":41,"key":"Dexterity Potion"},{"floor":46,"key":"SpeedPotion"},{"floor":47,"key":"Dexterity Potion"}],"is_trial":false,"path_per_floor":["M","?","$","M","M","R","E","R","T","E","T","E","$","M","R","B",null,"M","$","?","M","?","E","R","?","T","$","M","$","E","M","R","B",null,"M","M","$","?","?","R","E","?","T","M","R","E","?","E","R","B","B",null,"R","$","E","B",null],"character_chosen":"IRONCLAD","items_purchased":["Apotheosis","Bag of Preparation","Barricade+1","Metallicize+1","Ancient Tea Set","Disarm","True Grit","Entrench","Offering","Strawberry"],"campfire_rested":2,"item_purchase_floors":[3,13,13,27,27,27,29,29,37,54],"current_hp_per_floor":[68,68,68,68,68,68,49,68,68,62,62,66,66,68,68,68,68,68,68,68,68,68,48,48,48,48,48,61,61,34,47,47,50,64,64,68,68,65,55,55,65,65,65,65,65,64,65,45,64,36,39,59,59,66,62,40],"gold":58,"neow_bonus":"TRANSFORM_TWO_CARDS","is_prod":false,"is_daily":false,"chose_seed":false,"campfire_upgraded":6,"win_rate":0,"timestamp":1555824322,"path_taken":["M","?","?","?","M","R","E","R","T","E","?","E","$","M","R","BOSS","M","$","?","M","?","E","R","?","T","$","M","?","E","M","R","BOSS","M","?","$","?","?","R","E","?","T","?","R","E","?","E","R","BOSS","BOSS","R","$","E","BOSS"],"build_version":"2019-01-23","purchased_purges":3,"victory":true,"max_hp_per_floor":[68,68,68,68,68,68,68,68,68,68,68,68,68,68,68,68,68,68,68,68,68,68,68,68,68,68,68,68,68,68,68,68,68,68,68,68,68,65,65,65,65,65,65,65,65,65,65,65,65,65,65,65,65,72,72,72],"card_choices":[{"not_picked":["Clothesline","Burning Pact","Pommel Strike"],"picked":"SKIP","floor":1},{"not_picked":["Iron Wave","Sever Soul","Dropkick"],"picked":"SKIP","floor":4},{"not_picked":["Havoc","Armaments","Anger"],"picked":"SKIP","floor":5},{"not_picked":["Iron Wave","Feel No Pain"],"picked":"Reaper","floor":7},{"not_picked":["Warcry","Sword Boomerang"],"picked":"Whirlwind","floor":10},{"not_picked":["Cleave","Reckless Charge"],"picked":"Shockwave","floor":12},{"not_picked":["Sword Boomerang","Combust+1","Flex"],"picked":"SKIP","floor":14},{"not_picked":["Barricade+1","Dark Embrace+1"],"picked":"Impervious","floor":16},{"not_picked":["Flex+1","Cleave"],"picked":"Body Slam+1","floor":18},{"not_picked":["Thunderclap","Shockwave","Perfected Strike"],"picked":"SKIP","floor":21},{"not_picked":["Reckless Charge+1","Barricade+1","Twin Strike"],"picked":"SKIP","floor":23},{"not_picked":["Thunderclap","Perfected Strike"],"picked":"Disarm","floor":28},{"not_picked":["Heavy Blade","Cleave"],"picked":"Shockwave+1","floor":30},{"not_picked":["Sword Boomerang","Armaments"],"picked":"Ghostly Armor+1","floor":31},{"not_picked":["Bludgeon","Brutality+1"],"picked":"Fiend Fire","floor":33},{"not_picked":["Iron Wave","Clash","Cleave+1"],"picked":"SKIP","floor":35},{"not_picked":["Iron Wave","Havoc","Evolve+1"],"picked":"SKIP","floor":36},{"not_picked":["Forethought","Good Instincts"],"picked":"Panacea","floor":39},{"not_picked":["Body Slam","Cleave","Blood for Blood"],"picked":"SKIP","floor":41},{"not_picked":["Wild Strike","Anger"],"picked":"Entrench+1","floor":44},{"not_picked":["Sever Soul+1","Flame Barrier","Intimidate"],"picked":"SKIP","floor":46},{"not_picked":["Twin Strike","Headbutt"],"picked":"Battle Trance","floor":47},{"not_picked":["Clash+1","Heavy Blade","Perfected Strike"],"picked":"SKIP","floor":48},{"not_picked":["Blood for Blood","Fire Breathing+1","Ghostly Armor"],"picked":"SKIP","floor":55}],"player_experience":3271183,"relics_obtained":[{"floor":7,"key":"Vajra"},{"floor":9,"key":"Blue Candle"},{"floor":11,"key":"Frozen Egg 2"},{"floor":12,"key":"Matryoshka"},{"floor":23,"key":"Thread and Needle"},{"floor":26,"key":"War Paint"},{"floor":26,"key":"Old Coin"},{"floor":30,"key":"Happy Flower"},{"floor":41,"key":"PreservedInsect"},{"floor":43,"key":"Potion Belt"},{"floor":46,"key":"Bag of Marbles"},{"floor":48,"key":"Smiling Mask"},{"floor":55,"key":"Pen Nib"}],"event_choices":[{"damage_healed":0,"gold_gain":150,"player_choice":"AGREE","damage_taken":0,"max_hp_gain":0,"max_hp_loss":0,"event_name":"Liars Game","floor":2,"gold_loss":0,"cards_obtained":["Doubt"]},{"cards_removed":["Strike_R"],"damage_healed":0,"gold_gain":0,"player_choice":"Elegance","damage_taken":0,"max_hp_gain":0,"max_hp_loss":0,"event_name":"Back to Basics","floor":20,"gold_loss":0},{"damage_healed":0,"gold_gain":50,"player_choice":"Stole From Cult","damage_taken":0,"max_hp_gain":0,"max_hp_loss":0,"event_name":"Nest","floor":22,"gold_loss":0},{"damage_healed":0,"gold_gain":0,"cards_transformed":["Strike_R","Bash"],"player_choice":"Became Test Subject","damage_taken":0,"max_hp_gain":0,"max_hp_loss":0,"event_name":"Drug Dealer","floor":25,"gold_loss":0,"cards_obtained":["Infernal Blade","Brutality"]},{"damage_healed":0,"gold_gain":0,"player_choice":"Max HP","damage_taken":0,"max_hp_gain":0,"max_hp_loss":3,"event_name":"Winding Halls","floor":38,"gold_loss":0},{"damage_healed":0,"gold_gain":0,"player_choice":"Memory 3","damage_taken":10,"max_hp_gain":0,"max_hp_loss":0,"event_name":"SensoryStone","floor":39,"gold_loss":0},{"cards_removed":["Doubt"],"damage_healed":0,"gold_gain":0,"player_choice":"Removed Curses","damage_taken":0,"max_hp_gain":0,"max_hp_loss":0,"event_name":"Fountain of Cleansing","floor":42,"gold_loss":0},{"damage_healed":0,"gold_gain":0,"player_choice":"Fight","damage_taken":0,"max_hp_gain":0,"max_hp_loss":0,"event_name":"MindBloom","floor":47,"gold_loss":0}],"is_beta":false,"boss_relics":[{"not_picked":["Tiny House","Astrolabe"],"picked":"Velvet Choker"},{"not_picked":["Calling Bell","Pandora\u0027s Box"],"picked":"Runic Pyramid"}],"items_purged_floors":[19,37,54],"is_endless":false,"potions_floor_spawned":[4,5,12,16,21,30,33,41,46,47,48],"ascension_level":20}