{"gold_per_floor":[112,132,282,282,282,282,312,237,237,48,59,59,111,136,136,208,208,225,99,149,149,24,24,34,34,57,91,91,91,91],"floor_reached":30,"playtime":1213,"items_purged":["Strike_B","Strike_B","Strike_B+1"],"score":600,"play_id":"6c95ad55-746c-4b6d-857f-4a1e5db52629","local_time":"20190422195413","is_ascension_mode":true,"campfire_choices":[{"data":"Zap","floor":6,"key":"SMITH"},{"data":"Darkness","floor":12,"key":"SMITH"},{"data":"Capacitor","floor":15,"key":"SMITH"},{"data":"Coolheaded","floor":23,"key":"SMITH"},{"floor":25,"key":"REST"}],"neow_cost":"NONE","seed_source_timestamp":28356897082700,"circlet_count":0,"master_deck":["AscendersBane","Defend_B","Defend_B","Defend_B","Zap+1","Dualcast","Genetic Algorithm+1","Darkness+1","Coolheaded","Melter","Capacitor+1","Machine Learning","Hologram","Coolheaded+1","Recycle","Glacier","Ghostly","Ghostly","Ghostly","Cold Snap","Recycle","Doubt"],"relics":["Cracked Core","NeowsBlessing","Calipers","Sundial","Vajra","Empty Cage","Happy Flower","Pen Nib"],"potions_floor_usage":[14,16,24,27],"damage_taken":[{"damage":0,"enemies":"2 Louse","floor":1,"turns":1},{"damage":0,"enemies":"Small Slimes","floor":2,"turns":1},{"damage":0,"enemies":"Gremlin Nob","floor":7,"turns":1},{"damage":6,"enemies":"Jaw Worm","floor":11,"turns":4},{"damage":14,"enemies":"3 Sentries","floor":14,"turns":6},{"damage":6,"enemies":"Hexaghost","floor":16,"turns":7},{"damage":22,"enemies":"Chosen","floor":18,"turns":6},{"damage":27,"enemies":"3 Byrds","floor":24,"turns":6},{"damage":34,"enemies":"Gremlin Leader","floor":27,"turns":11},{"damage":0,"enemies":"Cultist and Chosen","floor":30,"turns":5}],"seed_played":"-7696737927227877406","potions_obtained":[{"floor":11,"key":"SkillPotion"},{"floor":14,"key":"Weak Potion"},{"floor":18,"key":"Fire Potion"}],"is_trial":false,"path_per_floor":["M","M","?","?","?","R","E","?","T","$","M","R","T","E","R","B",null,"M","$","?","?","$","R","M","R","T","E","?","?","M"],"character_chosen":"DEFECT","items_purchased":["Coolheaded","PowerPotion","Coolheaded"],"campfire_rested":1,"item_purchase_floors":[10,10,19],"current_hp_per_floor":[64,64,64,69,46,46,46,46,46,46,40,40,40,26,26,20,62,40,40,40,40,40,40,13,35,35,1,1,1,1],"gold":91,"neow_bonus":"THREE_ENEMY_KILL","is_prod":false,"is_daily":false,"chose_seed":false,"campfire_upgraded":4,"win_rate":0,"timestamp":1555930453,"path_taken":["M","M","?","?","?","R","E","?","T","?","M","R","?","E","R","BOSS","M","$","?","?","$","R","M","R","T","E","?","?","?"],"build_version":"2019-01-23","purchased_purges":3,"victory":false,"max_hp_per_floor":[71,71,71,76,76,76,76,76,76,76,76,76,76,76,76,76,76,76,76,76,76,76,76,76,76,76,76,38,38,38],"card_choices":[{"not_picked":["Sweeping Beam","Go for the Eyes","Stack"],"picked":"SKIP","floor":1},{"not_picked":["Hologram","Conserve Battery"],"picked":"Genetic Algorithm","floor":2},{"not_picked":["Steam Power","Doom and Gloom"],"picked":"Darkness","floor":7},{"not_picked":["Melter","Stack","Go for the Eyes"],"picked":"SKIP","floor":11},{"not_picked":["Stack","Go for the Eyes"],"picked":"Melter","floor":11},{"not_picked":["Beam Cell","Static Discharge"],"picked":"Capacitor","floor":14},{"not_picked":["Amplify","Fission"],"picked":"Machine Learning","floor":16},{"not_picked":["Go for the Eyes","Conserve Battery"],"picked":"Hologram","floor":18},{"not_picked":["Beam Cell","Turbo"],"picked":"Glacier","floor":24},{"not_picked":["Auto Shields+1","Leap","Redo"],"picked":"SKIP","floor":27}],"player_experience":3303044,"relics_obtained":[{"floor":7,"key":"Calipers"},{"floor":9,"key":"Sundial"},{"floor":13,"key":"Vajra"},{"floor":26,"key":"Happy Flower"},{"floor":27,"key":"Pen Nib"}],"event_choices":[{"damage_healed":0,"gold_gain":150,"player_choice":"AGREE","damage_taken":0,"max_hp_gain":0,"max_hp_loss":0,"event_name":"Liars Game","floor":3,"gold_loss":0,"cards_obtained":["Doubt"]},{"damage_healed":0,"gold_gain":0,"player_choice":"Donut","damage_taken":0,"max_hp_gain":5,"max_hp_loss":0,"event_name":"Big Fish","floor":4,"gold_loss":0},{"damage_healed":0,"gold_gain":0,"player_choice":"Entered Light","damage_taken":23,"max_hp_gain":0,"max_hp_loss":0,"event_name":"Shining Light","floor":5,"gold_loss":0,"cards_upgraded":["Genetic Algorithm","Strike_B"]},{"cards_removed":["Doubt"],"damage_healed":0,"gold_gain":0,"player_choice":"Card Removal","damage_taken":0,"max_hp_gain":0,"max_hp_loss":0,"event_name":"The Cleric","floor":8,"gold_loss":75},{"damage_healed":0,"gold_gain":50,"player_choice":"Stole From Cult","damage_taken":0,"max_hp_gain":0,"max_hp_loss":0,"event_name":"Nest","floor":20,"gold_loss":0},{"damage_healed":0,"gold_gain":0,"player_choice":"Read","damage_taken":0,"max_hp_gain":0,"max_hp_loss":0,"event_name":"The Library","floor":21,"gold_loss":0,"cards_obtained":["Recycle"]},{"damage_healed":0,"gold_gain":0,"player_choice":"Became a Ghost","damage_taken":0,"max_hp_gain":0,"max_hp_loss":38,"event_name":"Ghosts","floor":28,"gold_loss":0,"cards_obtained":["Ghostly","Ghostly","Ghostly"]},{"damage_healed":0,"gold_gain":0,"player_choice":"3 cards matched","damage_taken":0,"max_hp_gain":0,"max_hp_loss":0,"event_name":"Match and Keep!","floor":29,"gold_loss":0,"cards_obtained":["Cold Snap","Recycle","Doubt"]}],"is_beta":false,"boss_relics":[{"not_picked":["Fusion Hammer","Snecko Eye"],"picked":"Empty Cage"}],"items_purged_floors":[10,19,22],"is_endless":false,"potions_floor_spawned":[11,14,18],"killed_by":"Cultist and Chosen","ascension_level":20}