{"gold_per_floor":[111,127],"floor_reached":2,"playtime":119,"items_purged":[],"score":103,"play_id":"2c8922a3-579a-460e-ba1d-5fdc1fec50b7","local_time":"20190415185848","daily_mods":["Draft","Hoarder","Elite Swarm"],"is_ascension_mode":true,"campfire_choices":[],"neow_cost":"","seed_source_timestamp":285968252512700,"circlet_count":0,"master_deck":["AscendersBane","Disarm","Disarm","Disarm","Iron Wave","Iron Wave","Iron Wave","Carnage","Carnage","Carnage","Warcry","Warcry","Warcry","Pommel Strike","Pommel Strike","Pommel Strike","Pommel Strike","Pommel Strike","Pommel Strike","Pommel Strike","Pommel Strike","Pommel Strike","Uppercut","Uppercut","Uppercut","Perfected Strike","Perfected Strike","Perfected Strike","Wild Strike","Wild Strike","Wild Strike","Seeing Red","Seeing Red","Seeing Red","Flex","Flex","Flex","Shrug It Off","Shrug It Off","Shrug It Off","Headbutt","Headbutt","Headbutt","Shrug It Off","Shrug It Off","Shrug It Off","Body Slam","Body Slam","Body Slam"],"relics":["Burning Blood"],"potions_floor_usage":[],"damage_taken":[{"damage":0,"enemies":"Cultist","floor":1,"turns":3},{"damage":12,"enemies":"Jaw Worm","floor":2,"turns":2}],"seed_played":"-3149942672965202348","potions_obtained":[{"floor":2,"key":"Ancient Potion"}],"is_trial":true,"path_per_floor":["M","M"],"character_chosen":"IRONCLAD","items_purchased":[],"campfire_rested":0,"item_purchase_floors":[],"current_hp_per_floor":[74,68],"gold":127,"neow_bonus":"","is_prod":false,"is_daily":false,"chose_seed":false,"campfire_upgraded":0,"win_rate":0,"timestamp":1555322328,"path_taken":["M","M"],"build_version":"2019-01-23","purchased_purges":0,"victory":false,"max_hp_per_floor":[75,75],"card_choices":[{"not_picked":["Clash","Uppercut"],"picked":"Disarm","floor":0},{"not_picked":["Anger","Flex"],"picked":"Iron Wave","floor":0},{"not_picked":["Havoc","Intimidate"],"picked":"Carnage","floor":0},{"not_picked":["Bloodletting","Flex"],"picked":"Warcry","floor":0},{"not_picked":["Body Slam","Dropkick"],"picked":"Pommel Strike","floor":0},{"not_picked":["Twin Strike","Sword Boomerang"],"picked":"Pommel Strike","floor":0},{"not_picked":["Headbutt","Body Slam"],"picked":"Pommel Strike","floor":0},{"not_picked":["Anger","Headbutt"],"picked":"Uppercut","floor":0},{"not_picked":["Iron Wave","Corruption"],"picked":"Perfected Strike","floor":0},{"not_picked":["Searing Blow","Sword Boomerang"],"picked":"Wild Strike","floor":0},{"not_picked":["Cleave","Bloodletting"],"picked":"Seeing Red","floor":0},{"not_picked":["Combust","Sword Boomerang"],"picked":"Flex","floor":0},{"not_picked":["Dropkick","Headbutt"],"picked":"Shrug It Off","floor":0},{"not_picked":["Sever Soul","Body Slam"],"picked":"Headbutt","floor":0},{"not_picked":["Sword Boomerang","Sentinel"],"picked":"Shrug It Off","floor":0},{"not_picked":["Whirlwind","Flex","Carnage"],"picked":"SKIP","floor":1},{"not_picked":["Ghostly Armor","Flex"],"picked":"Body Slam","floor":2}],"player_experience":3159619,"relics_obtained":[],"event_choices":[],"is_beta":false,"boss_relics":[],"items_purged_floors":[],"is_endless":false,"potions_floor_spawned":[2],"killed_by":"Jaw Worm","ascension_level":20}