{"gold_per_floor":[115,115,1,1,15,41,54,88,124,136],"floor_reached":10,"playtime":334,"items_purged":[],"score":192,"play_id":"b03dc2be-5c09-4225-aab8-77025271c57e","local_time":"20190403171922","is_ascension_mode":true,"campfire_choices":[],"neow_cost":"NONE","seed_source_timestamp":1736129155862875,"circlet_count":0,"master_deck":["AscendersBane","Strike_B","Strike_B","Strike_B","Strike_B","Defend_B","Defend_B","Defend_B","Defend_B","Zap","Dualcast","Storm","Defragment","Ball Lightning","Loop","Defragment","Conserve Battery"],"relics":["Cracked Core","NeowsBlessing","Happy Flower","MawBank","Bag of Marbles"],"potions_floor_usage":[8,8,10,10],"damage_taken":[{"damage":0,"enemies":"Small Slimes","floor":1,"turns":1},{"damage":0,"enemies":"Cultist","floor":5,"turns":1},{"damage":0,"enemies":"Lagavulin","floor":6,"turns":1},{"damage":9,"enemies":"Jaw Worm","floor":7,"turns":4},{"damage":35,"enemies":"3 Sentries","floor":8,"turns":6},{"damage":13,"enemies":"Exordium Wildlife","floor":10,"turns":3}],"seed_played":"-2803214800966518563","potions_obtained":[{"floor":1,"key":"Energy Potion"},{"floor":2,"key":"EntropicBrew"}],"is_trial":false,"path_per_floor":["M","?","$","?","M","E","M","E","T","M"],"character_chosen":"DEFECT","items_purchased":["Defragment","Ball Lightning"],"campfire_rested":0,"item_purchase_floors":[3,3],"current_hp_per_floor":[64,64,64,64,64,64,55,20,20,7],"gold":136,"neow_bonus":"THREE_ENEMY_KILL","is_prod":false,"is_daily":false,"chose_seed":false,"campfire_upgraded":0,"win_rate":0,"timestamp":1554301162,"path_taken":["M","?","?","?","M","E","M","E","T","?"],"build_version":"2019-01-23","purchased_purges":0,"victory":false,"max_hp_per_floor":[71,71,71,71,71,71,71,71,71,71],"card_choices":[{"not_picked":["Glacier","Gash"],"picked":"Storm","floor":1},{"not_picked":["Barrage","Turbo"],"picked":"Loop","floor":5},{"not_picked":["Force Field","Reboot"],"picked":"Defragment","floor":6},{"not_picked":["Doom and Gloom","Steam"],"picked":"Conserve Battery","floor":7},{"not_picked":["Gash","Beam Cell","Steam"],"picked":"SKIP","floor":8}],"player_experience":1158393,"relics_obtained":[{"floor":6,"key":"Happy Flower"},{"floor":8,"key":"MawBank"},{"floor":9,"key":"Bag of Marbles"}],"event_choices":[{"damage_healed":0,"gold_gain":0,"player_choice":"Got Potions","damage_taken":0,"max_hp_gain":0,"max_hp_loss":0,"event_name":"Lab","floor":2,"gold_loss":0},{"damage_healed":0,"gold_gain":0,"player_choice":"Ignored","damage_taken":0,"max_hp_gain":0,"max_hp_loss":0,"event_name":"Shining Light","floor":4,"gold_loss":0}],"is_beta":false,"boss_relics":[],"items_purged_floors":[],"is_endless":false,"potions_floor_spawned":[1],"killed_by":"Exordium Wildlife","ascension_level":18}