{"gold_per_floor":[112,131,131,131,146,146,179,179,179,198,198,225,52,69,69,147,147,164,18,18,29,29,29,29,29,111,311,311,24,57,67,67,67,67,81,98,198,98,98,124,124,140,140,150,150,177,177,190,190,190,190,190,190,65,98,98],"floor_reached":57,"playtime":2722,"items_purged":["Defend_B","Zap","Ball Lightning+1"],"score":2797,"play_id":"d811d368-79aa-483b-a57e-b7663132af50","local_time":"20190405223009","is_ascension_mode":true,"campfire_choices":[{"floor":6.0,"key":"REST"},{"data":"Capacitor","floor":8.0,"key":"SMITH"},{"floor":15.0,"key":"REST"},{"floor":23.0,"key":"REST"},{"floor":25.0,"key":"REST"},{"data":"Coolheaded","floor":28.0,"key":"SMITH"},{"data":"Consume","floor":32.0,"key":"SMITH"},{"floor":41.0,"key":"REST"},{"floor":45.0,"key":"REST"},{"floor":47.0,"key":"RECALL"},{"data":"Loop","floor":49.0,"key":"SMITH"},{"data":"Defragment","floor":53.0,"key":"SMITH"}],"neow_cost":"NONE","seed_source_timestamp":643383041870200,"circlet_count":0,"master_deck":["AscendersBane","Defend_B+1","Defend_B+1","Dualcast","Capacitor+1","Conserve Battery","Coolheaded","Glacier","Blizzard+1","Echo Form","Echo Form","Core Surge+1","Fission+1","Coolheaded+1","Enlightenment","Echo Form","White Noise","Consume+1","Defragment+1","Turbo","Glacier","Impatience","Dark Shackles","Loop+1","Self Repair","White Noise","Hologram+1","Static Discharge"],"special_seed":0,"relics":["Cracked Core","NeowsBlessing","Molten Egg 2","War Paint","Art of War","Centennial Puzzle","Lantern","Astrolabe","Sundial","OrangePellets","Pen Nib","Inserter","Unceasing Top","Du-Vu Doll","DataDisk","Ginger"],"potions_floor_usage":[56,56],"damage_taken":[{"damage":0.0,"enemies":"Small Slimes","floor":1.0,"turns":1.0},{"damage":0.0,"enemies":"2 Louse","floor":2.0,"turns":1.0},{"damage":0.0,"enemies":"Cultist","floor":5.0,"turns":1.0},{"damage":17.0,"enemies":"3 Sentries","floor":7.0,"turns":9.0},{"damage":6.0,"enemies":"3 Louse","floor":10.0,"turns":6.0},{"damage":0.0,"enemies":"Lagavulin","floor":12.0,"turns":10.0},{"damage":9.0,"enemies":"Exordium Wildlife","floor":14.0,"turns":4.0},{"damage":10.0,"enemies":"The Guardian","floor":16.0,"turns":14.0},{"damage":20.0,"enemies":"2 Thieves","floor":18.0,"turns":4.0},{"damage":0.0,"enemies":"Spheric Guardian","floor":21.0,"turns":5.0},{"damage":22.0,"enemies":"Slavers","floor":30.0,"turns":6.0},{"damage":21.0,"enemies":"Shelled Parasite and Fungi","floor":31.0,"turns":4.0},{"damage":12.0,"enemies":"Collector","floor":33.0,"turns":8.0},{"damage":0.0,"enemies":"Orb Walker","floor":35.0,"turns":5.0},{"damage":11.0,"enemies":"3 Shapes","floor":36.0,"turns":6.0},{"damage":7.0,"enemies":"Mind Bloom Boss Battle","floor":37.0,"turns":7.0},{"damage":11.0,"enemies":"Reptomancer","floor":40.0,"turns":6.0},{"damage":12.0,"enemies":"Sphere and 2 Shapes","floor":42.0,"turns":7.0},{"damage":22.0,"enemies":"Writhing Mass","floor":44.0,"turns":10.0},{"damage":2.0,"enemies":"Giant Head","floor":46.0,"turns":9.0},{"damage":19.0,"enemies":"4 Shapes","floor":48.0,"turns":9.0},{"damage":26.0,"enemies":"Awakened One","floor":50.0,"turns":16.0},{"damage":0.0,"enemies":"Time Eater","floor":51.0,"turns":16.0},{"damage":38.0,"enemies":"Shield and Spear","floor":55.0,"turns":8.0},{"damage":34,"enemies":"The Heart","floor":56,"turns":15}],"seed_played":"6963489960212897368","potions_obtained":[{"floor":2.0,"key":"SteroidPotion"},{"floor":4.0,"key":"PowerPotion"},{"floor":7.0,"key":"SneckoOil"},{"floor":14.0,"key":"Swift Potion"},{"floor":35.0,"key":"Ancient Potion"},{"floor":36.0,"key":"Explosive Potion"},{"floor":48.0,"key":"FocusPotion"},{"floor":55.0,"key":"Swift Potion"}],"is_trial":false,"path_per_floor":["M","M","?","?","M","R","E","R","T","M","?","E","$","M","R","B",null,"M","$","?","M","?","R","?","R","T","?","R","$","E","M","R","B",null,"M","M","?","$","?","E","R","M","T","M","R","E","R","M","R","B","B",null,"R","$","E","B",null],"character_chosen":"DEFECT","items_purchased":["Lantern","Enlightenment","PowerPotion","OrangePellets"],"campfire_rested":6,"item_purchase_floors":[13,19,19,29],"current_hp_per_floor":[64,64,38,38,38,59,42,42,42,36,29,29,29,20,41,31,61,41,41,41,41,21,43,43,65,65,65,65,65,43,22,22,10,60,60,49,42,42,32,21,43,31,31,23,45,57,57,52,52,40,47,69,69,69,45,18],"gold":98,"neow_bonus":"THREE_ENEMY_KILL","is_prod":false,"is_daily":false,"chose_seed":false,"campfire_upgraded":5,"win_rate":0,"timestamp":1554471009,"path_taken":["M","M","?","?","M","R","E","R","T","?","?","E","?","M","R","BOSS","M","?","?","M","?","R","?","R","T","?","R","$","E","?","R","BOSS","M","M","?","$","?","E","R","M","T","M","R","E","R","M","R","BOSS","BOSS","R","$","E","BOSS"],"build_version":"2019-01-23","purchased_purges":3,"victory":true,"max_hp_per_floor":[71,71,71,71,71,71,71,71,71,71,71,71,71,71,71,71,71,71,71,71,71,76,76,76,76,76,76,76,76,76,76,76,76,76,76,76,76,76,76,76,76,76,76,76,76,76,76,76,76,76,76,76,76,76,76,76],"card_choices":[{"not_picked":["Sweeping Beam","Chaos"],"picked":"Capacitor","floor":1.0},{"not_picked":["Redo","Go for the Eyes"],"picked":"Conserve Battery","floor":2.0},{"not_picked":["Gash+1","Stack"],"picked":"Coolheaded","floor":5.0},{"not_picked":["Heatsinks","Hello World"],"picked":"Glacier","floor":7.0},{"not_picked":["Doom and Gloom+1","Heatsinks"],"picked":"Blizzard+1","floor":10.0},{"not_picked":["Steam","Leap"],"picked":"Echo Form","floor":12.0},{"not_picked":["Redo","Force Field","Stack"],"picked":"SKIP","floor":14.0},{"not_picked":["Redo","Force Field","Stack"],"picked":"SKIP","floor":14.0},{"not_picked":["Machine Learning","Rainbow"],"picked":"Echo Form","floor":16.0},{"not_picked":["Rebound+1","Cold Snap+1"],"picked":"Coolheaded","floor":18.0},{"not_picked":["Coolheaded","Conserve Battery"],"picked":"Echo Form","floor":21.0},{"not_picked":["Sweeping Beam+1","Cold Snap+1"],"picked":"White Noise","floor":30.0},{"not_picked":["Recycle","Ball Lightning+1"],"picked":"Consume","floor":31.0},{"not_picked":["Go for the Eyes+1","Barrage+1"],"picked":"Defragment","floor":35.0},{"not_picked":["Cold Snap+1","Rebound+1"],"picked":"Turbo","floor":36.0},{"not_picked":["Leap","Go for the Eyes+1"],"picked":"Glacier","floor":37.0},{"not_picked":["Mayhem","Mind Blast+1"],"picked":"Impatience","floor":39.0},{"not_picked":["Enlightenment","The Bomb"],"picked":"Dark Shackles","floor":39.0},{"not_picked":["Force Field","Steam+1"],"picked":"Loop","floor":40.0},{"not_picked":["Go for the Eyes+1","Darkness"],"picked":"Self Repair","floor":42.0},{"not_picked":["Streamline+1","Redo","Hologram"],"picked":"SKIP","floor":44.0},{"not_picked":["Gash+1","Buffer"],"picked":"White Noise","floor":46.0},{"not_picked":["Static Discharge","Reinforced Body"],"picked":"Hologram+1","floor":48.0},{"not_picked":["Ball Lightning+1","Cold Snap+1"],"picked":"Static Discharge","floor":55.0}],"player_experience":2902120,"relics_obtained":[{"floor":7.0,"key":"War Paint"},{"floor":9.0,"key":"Art of War"},{"floor":12.0,"key":"Centennial Puzzle"},{"floor":26.0,"key":"Sundial"},{"floor":30.0,"key":"Pen Nib"},{"floor":37.0,"key":"Unceasing Top"},{"floor":40.0,"key":"Du-Vu Doll"},{"floor":46.0,"key":"DataDisk"},{"floor":55.0,"key":"Ginger"}],"event_choices":[{"damage_healed":0.0,"max_hp_gain":0.0,"max_hp_loss":0.0,"gold_gain":0.0,"event_name":"Scrap Ooze","player_choice":"Success","floor":3.0,"gold_loss":0.0,"damage_taken":26.0,"relics_obtained":["Molten Egg 2"]},{"damage_healed":0.0,"max_hp_gain":0.0,"max_hp_loss":0.0,"gold_gain":0.0,"event_name":"Lab","player_choice":"Got Potions","floor":4.0,"gold_loss":0.0,"damage_taken":0.0},{"cards_removed":["Strike_B"],"damage_healed":0.0,"max_hp_gain":0.0,"max_hp_loss":0.0,"gold_gain":0.0,"event_name":"Golden Wing","player_choice":"Card Removal","floor":11.0,"gold_loss":0.0,"damage_taken":7.0},{"cards_removed":["Defend_B"],"damage_healed":0.0,"max_hp_gain":0.0,"max_hp_loss":0.0,"gold_gain":0.0,"event_name":"Back to Basics","player_choice":"Elegance","floor":20.0,"gold_loss":0.0,"damage_taken":0.0},{"damage_healed":0.0,"max_hp_gain":5.0,"max_hp_loss":0.0,"gold_gain":0.0,"event_name":"Forgotten Altar","player_choice":"Shed Blood","floor":22.0,"gold_loss":0.0,"damage_taken":25.0},{"damage_healed":0.0,"max_hp_gain":0.0,"max_hp_loss":0.0,"gold_gain":0.0,"event_name":"Beggar","player_choice":"Ignored","floor":24.0,"gold_loss":0.0,"damage_taken":0.0},{"damage_healed":0.0,"max_hp_gain":0.0,"max_hp_loss":0.0,"gold_gain":200.0,"event_name":"Wheel of Change","player_choice":"Gold","floor":27.0,"gold_loss":0.0,"damage_taken":0.0},{"damage_healed":0.0,"max_hp_gain":0.0,"max_hp_loss":0.0,"gold_gain":0.0,"event_name":"MindBloom","player_choice":"Fight","floor":37.0,"gold_loss":0.0,"damage_taken":0.0},{"damage_healed":0.0,"max_hp_gain":0.0,"max_hp_loss":0.0,"gold_gain":0.0,"event_name":"SensoryStone","player_choice":"Memory 3","floor":39.0,"gold_loss":0.0,"damage_taken":10.0}],"is_beta":false,"boss_relics":[{"not_picked":["Runic Pyramid","Coffee Dripper"],"picked":"Astrolabe"},{"not_picked":["Black Star","Sozu"],"picked":"Inserter"}],"items_purged_floors":[29,38,54],"is_endless":false,"potions_floor_spawned":[2,7,14,21,31,35,36,44,48,55],"ascension_level":20}