{"gold_per_floor":[115,125,125,139,139,139,62,81,81,81,25,25,51,62,62,139,139,157,157,133,133,149,149,165,165,191,191,191,28,28,40,40,113,113,131,144,94,94,14,41,41,41,41,67,27,45,45,65,65,65,65,65,65,15,45,45],"floor_reached":57,"playtime":3002,"items_purged":["Blood for Blood+1","Defend_R"],"score":2916,"play_id":"38434499-1ade-4957-bee9-dd3d55b820fb","local_time":"20190414152940","is_ascension_mode":true,"campfire_choices":[{"data":"Spot Weakness","floor":6.0,"key":"SMITH"},{"floor":10.0,"key":"REST"},{"data":"Barricade","floor":12.0,"key":"SMITH"},{"floor":15.0,"key":"REST"},{"data":"Shrug It Off","floor":23.0,"key":"SMITH"},{"floor":25.0,"key":"REST"},{"data":"Pommel Strike","floor":32.0,"key":"SMITH"},{"floor":41.0,"key":"RECALL"},{"data":"Body Slam","floor":49.0,"key":"SMITH"},{"data":"Evolve","floor":53.0,"key":"SMITH"}],"neow_cost":"PERCENT_DAMAGE","seed_source_timestamp":184172039647900,"circlet_count":0,"master_deck":["AscendersBane","Defend_R","Defend_R","Evolve+1","Shrug It Off+1","Disarm+1","Barricade+1","True Grit+1","Shrug It Off+1","Burning Pact+1","Warcry+1","Battle Trance+1","Pommel Strike+1","Feel No Pain+1","Ghostly+1","Ghostly+1","Ghostly+1","Impervious+1","Rage+1","Feel No Pain+1","Seeing Red+1","Entrench+1","Impervious+1","Body Slam+1"],"special_seed":0,"relics":["Burning Blood","Toxic Egg 2","Potion Belt","Sundial","PreservedInsect","Empty Cage","Smiling Mask","Nilry\u0027s Codex","Oddly Smooth Stone","Astrolabe","Letter Opener","StoneCalendar","Bird Faced Urn"],"potions_floor_usage":[56,56,56,56],"damage_taken":[{"damage":1.0,"enemies":"Cultist","floor":1.0,"turns":3.0},{"damage":5.0,"enemies":"Small Slimes","floor":2.0,"turns":4.0},{"damage":19.0,"enemies":"Jaw Worm","floor":4.0,"turns":3.0},{"damage":14.0,"enemies":"3 Louse","floor":8.0,"turns":4.0},{"damage":43.0,"enemies":"Gremlin Nob","floor":13.0,"turns":5.0},{"damage":6.0,"enemies":"Lots of Slimes","floor":14.0,"turns":7.0},{"damage":0.0,"enemies":"The Guardian","floor":16.0,"turns":11.0},{"damage":0.0,"enemies":"Chosen","floor":18.0,"turns":10.0},{"damage":18.0,"enemies":"2 Thieves","floor":20.0,"turns":5.0},{"damage":9.0,"enemies":"Centurion and Healer","floor":22.0,"turns":7.0},{"damage":22.0,"enemies":"Sentry and Sphere","floor":24.0,"turns":8.0},{"damage":2.0,"enemies":"Chosen and Byrds","floor":31.0,"turns":12.0},{"damage":0.0,"enemies":"Champ","floor":33.0,"turns":9.0},{"damage":1.0,"enemies":"3 Shapes","floor":35.0,"turns":9.0},{"damage":8.0,"enemies":"Orb Walker","floor":36.0,"turns":9.0},{"damage":0.0,"enemies":"Nemesis","floor":40.0,"turns":11.0},{"damage":29.0,"enemies":"Giant Head","floor":44.0,"turns":6.0},{"damage":8.0,"enemies":"Jaw Worm Horde","floor":46.0,"turns":7.0},{"damage":1.0,"enemies":"Maw","floor":48.0,"turns":8.0},{"damage":12.0,"enemies":"Awakened One","floor":50.0,"turns":7.0},{"damage":20.0,"enemies":"Time Eater","floor":51.0,"turns":8.0},{"damage":22.0,"enemies":"Shield and Spear","floor":55.0,"turns":8.0},{"damage":14,"enemies":"The Heart","floor":56,"turns":8}],"seed_played":"-5666444806772341458","potions_obtained":[{"floor":2.0,"key":"Dexterity Potion"},{"floor":4.0,"key":"Fire Potion"},{"floor":14.0,"key":"AttackPotion"},{"floor":16.0,"key":"Poison Potion"},{"floor":31.0,"key":"Explosive Potion"},{"floor":33.0,"key":"FearPotion"},{"floor":36.0,"key":"Fruit Juice"},{"floor":45.0,"key":"Block Potion"},{"floor":45.0,"key":"SpeedPotion"},{"floor":48.0,"key":"Ancient Potion"},{"floor":55.0,"key":"SkillPotion"}],"is_trial":false,"path_per_floor":["M","M","$","M","?","R","$","M","T","R","?","R","E","M","R","B",null,"M","?","M","?","M","R","M","R","T","?","?","$","$","M","R","B",null,"M","M","$","?","$","E","R","?","T","E","?","M","?","M","R","B","B",null,"R","$","E","B",null],"character_chosen":"IRONCLAD","items_purchased":["Disarm+1","Oddly Smooth Stone","Seeing Red+1"],"campfire_rested":3,"item_purchase_floors":[7,29,39],"current_hp_per_floor":[55,56,56,43,32,32,32,24,24,46,46,46,9,9,31,37,66,72,72,60,60,57,57,41,63,63,42,37,37,37,37,37,37,37,37,40,40,40,40,42,42,42,42,19,19,17,42,42,42,36,22,37,37,37,21,21],"gold":45,"neow_bonus":"TRANSFORM_TWO_CARDS","is_prod":false,"is_daily":false,"chose_seed":false,"campfire_upgraded":6,"win_rate":0,"timestamp":1555223380,"path_taken":["M","M","?","M","?","R","$","?","T","R","?","R","E","?","R","BOSS","M","?","M","?","M","R","?","R","T","?","?","?","$","M","R","BOSS","M","?","$","?","?","E","R","?","T","E","?","?","?","?","R","BOSS","BOSS","R","$","E","BOSS"],"build_version":"2019-01-23","purchased_purges":2,"victory":true,"max_hp_per_floor":[75,75,75,75,75,75,75,75,75,75,75,75,75,75,75,75,75,75,75,75,75,75,75,75,75,75,75,37,37,37,37,37,37,37,37,42,42,42,42,42,42,42,42,42,42,42,42,42,42,42,42,42,42,42,42,42],"card_choices":[{"not_picked":["Headbutt","Uppercut","Pummel"],"picked":"SKIP","floor":1.0},{"not_picked":["Headbutt","Uppercut"],"picked":"Pummel","floor":1.0},{"not_picked":["Wild Strike","Anger"],"picked":"Evolve","floor":2.0},{"not_picked":["Twin Strike","Cleave"],"picked":"Shrug It Off","floor":4.0},{"not_picked":["Wild Strike","Warcry+1"],"picked":"Barricade","floor":8.0},{"not_picked":["Dual Wield+1","Body Slam"],"picked":"True Grit+1","floor":13.0},{"not_picked":["Uppercut","Heavy Blade"],"picked":"Shrug It Off+1","floor":14.0},{"not_picked":["Spot Weakness+1","Flex+1"],"picked":"Burning Pact+1","floor":18.0},{"not_picked":["Iron Wave","Combust"],"picked":"Battle Trance+1","floor":20.0},{"not_picked":["Flex+1","Clash+1"],"picked":"Pommel Strike+1","floor":22.0},{"not_picked":["Twin Strike+1","Perfected Strike"],"picked":"Feel No Pain+1","floor":24.0},{"not_picked":["Rupture","Carnage","Shrug It Off+1"],"picked":"SKIP","floor":31.0},{"not_picked":["Demon Form","Brutality"],"picked":"Impervious+1","floor":33.0},{"not_picked":["Heavy Blade+1","Perfected Strike+1","Evolve"],"picked":"SKIP","floor":35.0},{"not_picked":["Battle Trance+1","Flame Barrier+1","Shockwave+1"],"picked":"SKIP","floor":36.0},{"not_picked":["Clothesline","Anger","Whirlwind"],"picked":"SKIP","floor":40.0},{"not_picked":["Sword Boomerang","Twin Strike"],"picked":"Entrench+1","floor":44.0},{"not_picked":["Havoc+1","Thunderclap"],"picked":"Impervious+1","floor":46.0},{"not_picked":["Sword Boomerang","Flex+1"],"picked":"Body Slam","floor":48.0},{"not_picked":["Reckless Charge","Rampage+1","Shrug It Off+1"],"picked":"SKIP","floor":55.0}],"player_experience":3126827,"relics_obtained":[{"floor":9.0,"key":"Potion Belt"},{"floor":13.0,"key":"PreservedInsect"},{"floor":26.0,"key":"Smiling Mask"},{"floor":27.0,"key":"Nilry\u0027s Codex"},{"floor":40.0,"key":"Letter Opener"},{"floor":44.0,"key":"StoneCalendar"},{"floor":55.0,"key":"Bird Faced Urn"}],"event_choices":[{"damage_healed":0.0,"max_hp_gain":0.0,"max_hp_loss":0.0,"gold_gain":0.0,"event_name":"Scrap Ooze","player_choice":"Success","floor":5.0,"gold_loss":0.0,"damage_taken":11.0,"relics_obtained":["Toxic Egg 2"]},{"damage_healed":0.0,"max_hp_gain":0.0,"max_hp_loss":0.0,"gold_gain":0.0,"event_name":"WeMeetAgain","player_choice":"Paid Gold","floor":11.0,"gold_loss":56.0,"damage_taken":0.0,"relics_obtained":["Sundial"]},{"damage_healed":0.0,"max_hp_gain":0.0,"max_hp_loss":0.0,"gold_gain":0.0,"event_name":"The Library","player_choice":"Read","floor":19.0,"gold_loss":0.0,"damage_taken":0.0,"cards_obtained":["Warcry"]},{"cards_removed":["Strike_R"],"damage_healed":0.0,"max_hp_gain":0.0,"max_hp_loss":0.0,"gold_gain":0.0,"event_name":"Purifier","player_choice":"Purged","floor":21.0,"gold_loss":0.0,"damage_taken":0.0},{"damage_healed":0.0,"max_hp_gain":0.0,"max_hp_loss":0.0,"gold_gain":0.0,"event_name":"Cursed Tome","player_choice":"Obtained Book","floor":27.0,"gold_loss":0.0,"damage_taken":21.0},{"damage_healed":0.0,"max_hp_gain":0.0,"max_hp_loss":38.0,"gold_gain":0.0,"event_name":"Ghosts","player_choice":"Became a Ghost","floor":28.0,"gold_loss":0.0,"damage_taken":0.0,"cards_obtained":["Ghostly","Ghostly","Ghostly"]},{"damage_healed":0.0,"max_hp_gain":0.0,"max_hp_loss":0.0,"gold_gain":0.0,"event_name":"Mysterious Sphere","player_choice":"Ignored","floor":38.0,"gold_loss":0.0,"damage_taken":0.0},{"cards_removed":["Pummel"],"damage_healed":0.0,"max_hp_gain":0.0,"max_hp_loss":0.0,"gold_gain":0.0,"event_name":"Falling","player_choice":"Removed Attack","floor":42.0,"gold_loss":0.0,"damage_taken":0.0},{"damage_healed":0.0,"max_hp_gain":0.0,"max_hp_loss":0.0,"gold_gain":0.0,"event_name":"The Woman in Blue","player_choice":"Bought 3 Potions","floor":45.0,"gold_loss":0.0,"damage_taken":0.0},{"cards_removed":["Spot Weakness"],"damage_healed":25.0,"max_hp_gain":0.0,"max_hp_loss":0.0,"gold_gain":0.0,"event_name":"Bonfire Elementals","player_choice":"Offered Uncommon","floor":47.0,"gold_loss":0.0,"damage_taken":0.0}],"is_beta":false,"boss_relics":[{"not_picked":["Ectoplasm","Lizard Tail"],"picked":"Empty Cage"},{"not_picked":["Black Blood","Pandora\u0027s Box"],"picked":"Astrolabe"}],"items_purged_floors":[37,54],"is_endless":false,"potions_floor_spawned":[2,4,14,16,31,33,36,48,55],"ascension_level":20}