{"gold_per_floor":[117,80,80,93,112,112,139,139,139,150,13,46,46,65,65,142,142,160,85,98,98,12,12,80,80],"floor_reached":25,"playtime":994,"items_purged":["Perfected Strike+1"],"score":422,"play_id":"1b59ac6f-b443-42cb-baaf-0766f266d80a","local_time":"20190304143816","is_ascension_mode":true,"campfire_choices":[{"data":"Bash","floor":6,"key":"SMITH"},{"data":"Body Slam","floor":8,"key":"SMITH"},{"floor":13,"key":"REST"},{"data":"Whirlwind","floor":15,"key":"SMITH"},{"floor":23,"key":"REST"}],"neow_cost":"NONE","seed_source_timestamp":224571922204600,"circlet_count":0,"master_deck":["AscendersBane","Strike_R","Strike_R","Defend_R","Defend_R","Defend_R","Defend_R","Bash+1","Body Slam+1","Feel No Pain","Dropkick","Reaper","Feel No Pain+1","Flex","Limit Break","Flame Barrier","Whirlwind+1","Barricade+1","Uppercut+1","Bloodletting+1","Spot Weakness+1","Shrug It Off","Seeing Red","Evolve+1"],"relics":["Sozu","Frozen Egg 2","Question Card","Astrolabe","SsserpentHead"],"potions_floor_usage":[],"damage_taken":[{"damage":0,"enemies":"Cultist","floor":1,"turns":3},{"damage":0,"enemies":"2 Louse","floor":4,"turns":3},{"damage":0,"enemies":"Small Slimes","floor":5,"turns":2},{"damage":17,"enemies":"Lagavulin","floor":7,"turns":5},{"damage":7,"enemies":"Gremlin Gang","floor":10,"turns":6},{"damage":52,"enemies":"Gremlin Nob","floor":12,"turns":5},{"damage":17,"enemies":"3 Louse","floor":14,"turns":4},{"damage":16,"enemies":"Slime Boss","floor":16,"turns":11},{"damage":40,"enemies":"Shell Parasite","floor":18,"turns":7},{"damage":4,"enemies":"3 Byrds","floor":20,"turns":4},{"damage":27,"enemies":"Centurion and Healer","floor":24,"turns":9},{"damage":48,"enemies":"Slavers","floor":25,"turns":3}],"seed_played":"7914782686930968109","potions_obtained":[],"is_trial":false,"path_per_floor":["M","$","?","M","M","R","E","R","T","M","$","E","R","M","R","B",null,"M","$","M","?","$","R","M","E"],"character_chosen":"IRONCLAD","items_purchased":["Feel No Pain","Flex","Limit Break","Seeing Red"],"campfire_rested":2,"item_purchase_floors":[2,11,11,22],"current_hp_per_floor":[68,68,64,64,64,64,47,47,47,46,46,3,25,12,12,2,57,21,21,26,26,26,48,61,25],"gold":80,"neow_bonus":"BOSS_RELIC","is_prod":false,"is_daily":false,"chose_seed":false,"campfire_upgraded":3,"win_rate":0,"timestamp":1551677896,"path_taken":["M","?","?","M","M","R","E","R","T","M","$","E","R","M","R","BOSS","M","$","?","?","$","R","?","E"],"build_version":"2019-01-23","purchased_purges":1,"victory":false,"max_hp_per_floor":[75,75,75,75,75,75,75,75,75,75,75,75,75,75,75,75,75,75,75,75,75,75,75,75,75],"card_choices":[{"not_picked":["Warcry","Burning Pact"],"picked":"Body Slam","floor":1},{"not_picked":["Headbutt","Sever Soul"],"picked":"Dropkick","floor":4},{"not_picked":["Armaments","Thunderclap","Warcry"],"picked":"SKIP","floor":5},{"not_picked":["Heavy Blade","Armaments"],"picked":"Reaper","floor":7},{"not_picked":["Body Slam","Clothesline"],"picked":"Feel No Pain+1","floor":10},{"not_picked":["Body Slam","Heavy Blade"],"picked":"Flame Barrier","floor":12},{"not_picked":["Uppercut","Flex","Cleave"],"picked":"Whirlwind","floor":14},{"not_picked":["Feed","Exhume","Juggernaut+1"],"picked":"Barricade+1","floor":16},{"not_picked":["Infernal Blade","Wild Strike","Sword Boomerang"],"picked":"Spot Weakness+1","floor":18},{"not_picked":["Rampage","Uppercut","Perfected Strike"],"picked":"Shrug It Off","floor":20},{"not_picked":["Clash","Pommel Strike","True Grit"],"picked":"Evolve+1","floor":24}],"player_experience":1995491,"relics_obtained":[{"floor":9,"key":"Frozen Egg 2"},{"floor":12,"key":"Question Card"}],"event_choices":[{"damage_healed":0,"gold_gain":0,"player_choice":"Bought 0 Potions","damage_taken":0,"max_hp_gain":0,"max_hp_loss":0,"event_name":"The Woman in Blue","floor":3,"gold_loss":0},{"damage_healed":0,"gold_gain":0,"player_choice":"Trade","damage_taken":0,"relics_obtained":["SsserpentHead"],"max_hp_gain":0,"max_hp_loss":0,"event_name":"FaceTrader","floor":21,"gold_loss":0}],"is_beta":false,"boss_relics":[{"not_picked":["Tiny House","Lizard Tail"],"picked":"Astrolabe"}],"items_purged_floors":[19],"is_endless":false,"potions_floor_spawned":[4,7,14,16,18,20,24],"killed_by":"Slavers","ascension_level":20}