{"gold_per_floor":[117,134,134,134,1,1,32,32,77,77,102,125,140,163,163,163],"floor_reached":16,"playtime":460,"items_purged":[],"score":204,"play_id":"6d2f9ccb-159f-4b56-a714-e7fcc0272256","local_time":"20190427202616","is_ascension_mode":true,"campfire_choices":[{"data":"Whirlwind","floor":6,"key":"SMITH"},{"data":"Armaments","floor":10,"key":"SMITH"},{"data":"Demon Form","floor":15,"key":"SMITH"}],"neow_cost":"TEN_PERCENT_HP_LOSS","seed_source_timestamp":26784965199500,"circlet_count":0,"master_deck":["AscendersBane","Strike_R","Strike_R","Strike_R","Strike_R","Defend_R","Defend_R","Defend_R","Defend_R","Bash","Juggernaut","Pommel Strike","Armaments+1","Whirlwind+1","True Grit","Demon Form+1","Reaper"],"relics":["Burning Blood","Golden Idol","Peace Pipe"],"potions_floor_usage":[7],"damage_taken":[{"damage":3,"enemies":"2 Louse","floor":1,"turns":4},{"damage":9,"enemies":"Jaw Worm","floor":2,"turns":4},{"damage":20,"enemies":"3 Sentries","floor":7,"turns":6},{"damage":6,"enemies":"Cultist","floor":11,"turns":4},{"damage":10,"enemies":"Looter","floor":12,"turns":3},{"damage":0,"enemies":"Gremlin Gang","floor":13,"turns":1},{"damage":8,"enemies":"3 Louse","floor":14,"turns":3},{"damage":46,"enemies":"Hexaghost","floor":16,"turns":10}],"seed_played":"2571916613082881430","potions_obtained":[{"floor":2,"key":"EssenceOfSteel"},{"floor":13,"key":"Ancient Potion"}],"is_trial":false,"path_per_floor":["M","M","?","?","$","R","E","$","T","R","M","M","M","M","R","B"],"character_chosen":"IRONCLAD","items_purchased":["Whirlwind","True Grit"],"campfire_rested":0,"item_purchase_floors":[5,5],"current_hp_per_floor":[68,65,42,35,35,35,21,21,21,21,21,17,23,21,21,3],"gold":163,"neow_bonus":"THREE_RARE_CARDS","is_prod":false,"is_daily":false,"chose_seed":false,"campfire_upgraded":3,"win_rate":0,"timestamp":1556364376,"path_taken":["M","M","?","?","$","R","E","?","T","R","?","M","M","M","R","BOSS"],"build_version":"2019-01-23","purchased_purges":0,"victory":false,"max_hp_per_floor":[68,68,68,68,68,68,68,68,68,68,68,68,68,68,68,68],"card_choices":[{"not_picked":["Exhume","Feed"],"picked":"Juggernaut","floor":0},{"not_picked":["Havoc","Blood for Blood"],"picked":"Pommel Strike","floor":1},{"not_picked":["Wild Strike","Warcry"],"picked":"Armaments","floor":2},{"not_picked":["Anger","Bloodletting","Perfected Strike"],"picked":"SKIP","floor":7},{"not_picked":["Entrench","Warcry"],"picked":"Demon Form","floor":11},{"not_picked":["True Grit","Perfected Strike","Uppercut"],"picked":"SKIP","floor":12},{"not_picked":["Corruption","Pommel Strike","True Grit"],"picked":"SKIP","floor":13},{"not_picked":["Ghostly Armor","True Grit"],"picked":"Reaper","floor":14}],"player_experience":3430284,"relics_obtained":[{"floor":7,"key":"Peace Pipe"}],"event_choices":[{"damage_healed":0,"gold_gain":0,"player_choice":"Take Damage","damage_taken":23,"relics_obtained":["Golden Idol"],"max_hp_gain":0,"max_hp_loss":0,"event_name":"Golden Idol","floor":3,"gold_loss":0},{"cards_removed":["Strike_R"],"damage_healed":0,"gold_gain":0,"player_choice":"Card Removal","damage_taken":7,"max_hp_gain":0,"max_hp_loss":0,"event_name":"Golden Wing","floor":4,"gold_loss":0}],"is_beta":false,"boss_relics":[],"items_purged_floors":[],"is_endless":false,"potions_floor_spawned":[2,13],"killed_by":"Hexaghost","ascension_level":20}