{"path_per_floor":["M","M","?","M","M","R","E","M","T","M","M","R","$","E","R","B",null,"M","M","$","?","M","R","E","R","T","?","M","$","E","M","R","B",null,"M","$","?","?","?","R","M","R","T","E","M"],"character_chosen":"IRONCLAD","items_purchased":["Explosive Potion","Block Potion","Strength Potion","Disarm","Armaments","Body Slam","Vajra","Block Potion","Sword Boomerang","Strength Potion"],"gold_per_floor":[117,130,130,147,158,158,188,199,267,282,298,298,22,57,57,161,161,172,182,182,182,198,198,224,224,224,224,235,30,63,74,74,177,177,196,96,96,96,96,96,113,113,140,170,189],"floor_reached":46,"campfire_rested":5,"playtime":2950,"current_hp_per_floor":[68,68,68,60,40,64,47,21,21,21,21,45,45,45,69,58,75,64,60,60,60,54,78,60,60,60,80,75,75,59,43,67,21,65,78,78,68,68,68,80,80,80,80,47,30],"items_purged":[],"gold":189,"score":708,"play_id":"bce2b9b5-4782-4895-bdfb-99b3b7591126","local_time":"20180310180336","is_prod":false,"is_daily":false,"is_ascension_mode":true,"campfire_upgraded":3,"timestamp":1520697816,"path_taken":["M","M","?","?","M","R","E","M","T","M","?","R","$","E","R","BOSS","M","M","$","?","?","R","E","R","T","?","M","$","E","M","R","BOSS","M","$","?","?","?","R","?","R","T","E","M","E"],"build_version":"2018-03-09","purchased_purges":1,"victory":false,"master_deck":["Strike_R","Strike_R","Strike_R","Strike_R","Strike_R","Defend_R","Defend_R","Defend_R","Defend_R","Bash","Inflame+1","Flex","Clash","Spot Weakness+1","Inflame+1","Shockwave","Flex","Entrench","Armaments+1","Body Slam","Sword Boomerang","Reaper","Warcry+1","Carnage","Shockwave","Pommel Strike","Injury","Uppercut","Spot Weakness+1","Shockwave+1","Limit Break+1","Spot Weakness+1","Sword Boomerang","Madness+1","Madness+1","Sword Boomerang","Decay","Heavy Blade+1","Heavy Blade+1"],"max_hp_per_floor":[80,80,80,80,80,80,80,80,80,80,80,80,80,80,80,80,80,80,80,80,80,80,80,80,80,80,80,80,80,80,80,80,80,80,80,80,80,80,80,80,80,80,80,80,80],"relics":["Philosopher\u0027s Stone","Anchor","Centennial Puzzle","Ice Cream","Cursed Key","Self Forming Clay","Toxic Egg 2","Vajra","Meat on the Bone","Eternal Feather","Orichalcum","Sundial"],"card_choices":[{"not_picked":["Perfected Strike","Havoc"],"picked":"Inflame"},{"not_picked":["Shrug It Off","Combust"],"picked":"Flex"},{"not_picked":["Anger","True Grit"],"picked":"Clash"},{"not_picked":["True Grit","Sever Soul"],"picked":"Spot Weakness"},{"not_picked":["Flame Barrier","Reckless Charge"],"picked":"Inflame"},{"not_picked":["True Grit","Pommel Strike"],"picked":"Shockwave"},{"not_picked":["Pommel Strike","Shrug It Off"],"picked":"Flex"},{"not_picked":["Havoc","Burning Pact"],"picked":"Entrench"},{"not_picked":["Entrench","True Grit"],"picked":"Sword Boomerang"},{"not_picked":["Immolate","Offering"],"picked":"Reaper"},{"not_picked":["Hemokinesis","True Grit"],"picked":"Warcry"},{"not_picked":["Warcry","Hemokinesis"],"picked":"Carnage"},{"not_picked":["Iron Wave","Headbutt"],"picked":"Shockwave"},{"not_picked":["Rage","Barricade"],"picked":"Pommel Strike"},{"not_picked":["Iron Wave","Dual Wield"],"picked":"Uppercut"},{"not_picked":["Clothesline","Pommel Strike"],"picked":"Spot Weakness"},{"not_picked":["Sever Soul","Combust"],"picked":"Shockwave"},{"not_picked":["Brutality","Offering"],"picked":"Limit Break"},{"not_picked":["Havoc","Bloodletting"],"picked":"Spot Weakness"},{"not_picked":["Iron Wave","Entrench"],"picked":"Sword Boomerang"},{"not_picked":["Metallicize","Thunderclap"],"picked":"Heavy Blade"},{"not_picked":["Flex","Armaments"],"picked":"Heavy Blade"}],"player_experience":261854,"potions_floor_usage":[4,7,14,14,14,19,19,22,28,30,33,44],"damage_taken":[{"damage":4,"enemies":"Jaw Worm","floor":1,"turns":3},{"damage":0,"enemies":"Cultist","floor":2,"turns":3},{"damage":8,"enemies":"Small Slimes","floor":4,"turns":3},{"damage":20,"enemies":"3 Louse","floor":5,"turns":3},{"damage":17,"enemies":"Lagavulin","floor":7,"turns":3},{"damage":26,"enemies":"Lots of Slimes","floor":8,"turns":4},{"damage":0,"enemies":"Large Slime","floor":10,"turns":4},{"damage":0,"enemies":"3 Louse","floor":11,"turns":2},{"damage":0,"enemies":"3 Sentries","floor":14,"turns":4},{"damage":11,"enemies":"Slime Boss","floor":16,"turns":6},{"damage":21,"enemies":"3 Byrds","floor":18,"turns":4},{"damage":10,"enemies":"Shell Parasite","floor":19,"turns":3},{"damage":28,"enemies":"Snake Plant","floor":22,"turns":4},{"damage":22,"enemies":"Gremlin Leader","floor":24,"turns":6},{"damage":15,"enemies":"Centurion and Healer","floor":28,"turns":4},{"damage":23,"enemies":"Slavers","floor":30,"turns":4},{"damage":29,"enemies":"3 Cultists","floor":31,"turns":5},{"damage":71,"enemies":"Collector","floor":33,"turns":8},{"damage":22,"enemies":"3 Darklings","floor":35,"turns":6},{"damage":0,"enemies":"Orb Walker","floor":41,"turns":2},{"damage":33,"enemies":"2 Orb Walkers","floor":44,"turns":4},{"damage":43,"enemies":"Sphere and 2 Shapes","floor":45,"turns":4},{"damage":44,"enemies":"Giant Head","floor":46,"turns":6}],"event_choices":[{"event_name":"Upgrade Shrine","player_choice":"Upgraded","floor":3,"damage_taken":0},{"event_name":"Forgotten Altar","player_choice":"Smashed Altar","floor":21,"damage_taken":0},{"event_name":"The Library","player_choice":"Heal","floor":27,"damage_taken":0},{"event_name":"Winding Halls","player_choice":"Embrace Madness","floor":37,"damage_taken":0},{"event_name":"Purifier","player_choice":"One Purge","floor":38,"damage_taken":0}],"boss_relics":[{"not_picked":["Astrolabe","Pandora\u0027s Box"],"picked":"Cursed Key"},{"not_picked":["Runic Dome","Velvet Choker"],"picked":"Eternal Feather"}],"potions_floor_spawned":[2,5,14,16,18,24,30,41],"seed_played":"-306050453584159073","killed_by":"Giant Head","ascension_level":6,"is_trial":false}