{"gold_per_floor":[115,128,143,63,77,77,107,107,132,207,263,263,283,283],"floor_reached":14,"playtime":300,"items_purged":[],"score":180,"play_id":"25956e7e-300e-4b80-a756-ad78973a94f2","local_time":"20190405182438","is_ascension_mode":true,"campfire_choices":[{"data":"Streamline","floor":6,"key":"SMITH"},{"data":"Sunder","floor":8,"key":"SMITH"}],"neow_cost":"NONE","seed_source_timestamp":631255527320800,"circlet_count":0,"master_deck":["AscendersBane","Strike_B","Strike_B","Strike_B","Strike_B","Defend_B","Defend_B","Defend_B","Defend_B","Zap","Dualcast","Recycle","Streamline+1","Ball Lightning","Glacier","Doom and Gloom","Sunder+1","Cold Snap"],"relics":["Cracked Core","NeowsBlessing","Orichalcum","Regal Pillow","Dream Catcher","Calipers"],"potions_floor_usage":[11],"damage_taken":[{"damage":0,"enemies":"Small Slimes","floor":1,"turns":1},{"damage":0,"enemies":"Jaw Worm","floor":2,"turns":1},{"damage":0,"enemies":"Cultist","floor":3,"turns":1},{"damage":12,"enemies":"Exordium Wildlife","floor":5,"turns":5},{"damage":11,"enemies":"Lagavulin","floor":7,"turns":6},{"damage":28,"enemies":"Lagavulin Event","floor":11,"turns":5},{"damage":1,"enemies":"Exordium Thugs","floor":13,"turns":3},{"damage":0,"enemies":"Looter","floor":14,"turns":1}],"seed_played":"-7237664063031760439","potions_obtained":[{"floor":3,"key":"Strength Potion"},{"floor":5,"key":"Fire Potion"}],"is_trial":false,"path_per_floor":["M","M","M","$","M","R","E","R","T","?","?","T","M","M"],"character_chosen":"DEFECT","items_purchased":["Glacier"],"campfire_rested":0,"item_purchase_floors":[4],"current_hp_per_floor":[64,64,64,64,52,52,41,41,41,30,2,2,1,1],"gold":283,"neow_bonus":"THREE_ENEMY_KILL","is_prod":false,"is_daily":false,"chose_seed":false,"campfire_upgraded":2,"win_rate":0,"timestamp":1554456278,"path_taken":["M","M","M","$","M","R","E","R","T","?","?","?","M","?"],"build_version":"2019-01-23","purchased_purges":0,"victory":false,"max_hp_per_floor":[71,71,71,71,71,71,71,71,71,71,71,71,71,71],"card_choices":[{"not_picked":["Compile Driver","Blizzard"],"picked":"Recycle","floor":1},{"not_picked":["Redo","Gash"],"picked":"Streamline","floor":2},{"not_picked":["Conserve Battery","Auto Shields"],"picked":"Ball Lightning","floor":3},{"not_picked":["Barrage","Reinforced Body"],"picked":"Doom and Gloom","floor":5},{"not_picked":["Aggregate","Turbo"],"picked":"Sunder","floor":7},{"not_picked":["Sweeping Beam","Barrage"],"picked":"Cold Snap","floor":11},{"not_picked":["Beam Cell","Rebound","Static Discharge"],"picked":"SKIP","floor":13}],"player_experience":2890519,"relics_obtained":[{"floor":7,"key":"Orichalcum"},{"floor":9,"key":"Regal Pillow"},{"floor":11,"key":"Dream Catcher"},{"floor":12,"key":"Calipers"}],"event_choices":[{"damage_healed":0,"gold_gain":75,"player_choice":"Gather Gold","damage_taken":11,"max_hp_gain":0,"max_hp_loss":0,"event_name":"World of Goop","floor":10,"gold_loss":0},{"damage_healed":0,"gold_gain":30,"player_choice":"Searched \u00273\u0027 times","damage_taken":0,"max_hp_gain":0,"max_hp_loss":0,"event_name":"Dead Adventurer","floor":11,"gold_loss":0}],"is_beta":false,"boss_relics":[],"items_purged_floors":[],"is_endless":false,"potions_floor_spawned":[3,5],"killed_by":"Looter","ascension_level":20}