{"gold_per_floor":[119,119,130,205,222,222,247,2,2,36,51,51,66,78,78,78],"floor_reached":16,"playtime":452,"items_purged":[],"score":179,"play_id":"b8122b85-8882-4752-82a9-b32bde91de40","local_time":"20190203181555","is_ascension_mode":true,"campfire_choices":[{"data":"Inflame","floor":6,"key":"SMITH"},{"floor":12,"key":"REST"},{"data":"Combust","floor":15,"key":"SMITH"}],"neow_cost":"TEN_PERCENT_HP_LOSS","seed_source_timestamp":120539956869000,"circlet_count":0,"master_deck":["AscendersBane","Strike_R","Strike_R","Strike_R","Strike_R","Strike_R","Defend_R","Defend_R","Defend_R","Defend_R","Bash","Shrug It Off","Inflame+1","Combust+1","Flame Barrier"],"relics":["Burning Blood","WingedGreaves","NlothsMask","Nunchaku","Mercury Hourglass","Omamori"],"potions_floor_usage":[11,16,16],"damage_taken":[{"damage":20,"enemies":"Small Slimes","floor":1,"turns":4},{"damage":5,"enemies":"Cultist","floor":3,"turns":4},{"damage":3,"enemies":"2 Louse","floor":5,"turns":3},{"damage":24,"enemies":"Gremlin Nob","floor":7,"turns":4},{"damage":24,"enemies":"3 Sentries","floor":10,"turns":7},{"damage":23,"enemies":"Large Slime","floor":11,"turns":6},{"damage":5,"enemies":"Lots of Slimes","floor":13,"turns":2},{"damage":19,"enemies":"Exordium Thugs","floor":14,"turns":5},{"damage":19,"enemies":"Slime Boss","floor":16,"turns":6}],"seed_played":"563492569195067988","potions_obtained":[{"floor":10,"key":"Regen Potion"},{"floor":11,"key":"Dexterity Potion"},{"floor":13,"key":"Fire Potion"}],"is_trial":false,"path_per_floor":["M","?","M","?","M","R","E","$","T","E","M","R","M","M","R","B"],"character_chosen":"IRONCLAD","items_purchased":["Mercury Hourglass"],"campfire_rested":1,"item_purchase_floors":[8],"current_hp_per_floor":[58,58,59,48,51,51,33,33,33,15,7,28,29,16,16,0],"gold":78,"neow_bonus":"ONE_RARE_RELIC","is_prod":false,"is_daily":false,"chose_seed":false,"campfire_upgraded":2,"win_rate":0,"timestamp":1549185355,"path_taken":["M","?","?","?","M","R","E","$","T","E","M","R","M","M","R","BOSS"],"build_version":"2019-01-23","purchased_purges":0,"victory":false,"max_hp_per_floor":[72,72,72,72,72,72,72,72,72,72,72,72,72,72,72,72],"card_choices":[{"not_picked":["Flex","Armaments"],"picked":"Shrug It Off","floor":1},{"not_picked":["Thunderclap","Sever Soul"],"picked":"Inflame","floor":3},{"not_picked":["Corruption","Anger","Dropkick"],"picked":"SKIP","floor":5},{"not_picked":["Corruption","Anger","Dropkick"],"picked":"SKIP","floor":5},{"not_picked":["Headbutt","Anger","Armaments"],"picked":"SKIP","floor":7},{"not_picked":["Headbutt","Anger","Armaments"],"picked":"SKIP","floor":7},{"not_picked":["Clash","Intimidate"],"picked":"Combust","floor":10},{"not_picked":["Perfected Strike","Sword Boomerang","Flex"],"picked":"SKIP","floor":11},{"not_picked":["Pommel Strike","Brutality","Sentinel"],"picked":"SKIP","floor":13},{"not_picked":["Warcry","Shrug It Off","Flame Barrier"],"picked":"SKIP","floor":14},{"not_picked":["Warcry","Shrug It Off"],"picked":"Flame Barrier","floor":14}],"player_experience":32360,"relics_obtained":[{"floor":7,"key":"Nunchaku"},{"floor":10,"key":"Omamori"}],"event_choices":[{"damage_healed":0,"gold_gain":0,"player_choice":"Trade","damage_taken":0,"relics_obtained":["NlothsMask"],"max_hp_gain":0,"max_hp_loss":0,"event_name":"FaceTrader","floor":2,"gold_loss":0},{"damage_healed":0,"gold_gain":75,"player_choice":"Gather Gold","damage_taken":11,"max_hp_gain":0,"max_hp_loss":0,"event_name":"World of Goop","floor":4,"gold_loss":0}],"is_beta":false,"boss_relics":[],"items_purged_floors":[],"is_endless":false,"potions_floor_spawned":[10,11,13],"killed_by":"Slime Boss","ascension_level":12}