{"gold_per_floor":[111,111,111,123,153,165,18,18,94,124,138,151,185,200,200,275,275,294,294,294,294,214],"floor_reached":22,"playtime":880,"items_purged":["Defend_B"],"score":384,"play_id":"16d3d75f-57be-40c0-95f8-1ebec4d91861","local_time":"20190206115433","is_ascension_mode":true,"campfire_choices":[{"data":"Zap","floor":6,"key":"SMITH"},{"data":"Electrodynamics","floor":8,"key":"SMITH"},{"data":"Gash","floor":15,"key":"SMITH"}],"neow_cost":"NONE","seed_source_timestamp":63366964203300,"circlet_count":0,"master_deck":["AscendersBane","Strike_B","Strike_B","Defend_B","Defend_B","Defend_B","Zap+1","Dualcast","Streamline+1","Chill","Electrodynamics+1","Cold Snap","Gash+1","Creative AI","Defragment","White Noise","Hologram","Creative AI","Reinforced Body"],"relics":["Runic Dome","MawBank","The Courier","Bronze Scales","Dream Catcher","Orrery"],"potions_floor_usage":[22,22],"damage_taken":[{"damage":4,"enemies":"Small Slimes","floor":1,"turns":4},{"damage":2,"enemies":"Jaw Worm","floor":5,"turns":3},{"damage":11,"enemies":"Gremlin Nob","floor":10,"turns":3},{"damage":0,"enemies":"2 Louse","floor":11,"turns":1},{"damage":0,"enemies":"2 Fungi Beasts","floor":12,"turns":1},{"damage":5,"enemies":"3 Sentries","floor":13,"turns":4},{"damage":13,"enemies":"3 Louse","floor":14,"turns":2},{"damage":35,"enemies":"Hexaghost","floor":16,"turns":9},{"damage":8,"enemies":"Spheric Guardian","floor":18,"turns":3},{"damage":25,"enemies":"Colosseum Slavers","floor":19,"turns":3},{"damage":30,"enemies":"2 Thieves","floor":22,"turns":2}],"seed_played":"9001291978507180367","potions_obtained":[{"floor":12,"key":"Explosive Potion"},{"floor":13,"key":"Poison Potion"}],"is_trial":false,"path_per_floor":["M","?","?","?","M","R","$","R","T","E","M","M","E","M","R","B",null,"M","?","?","?","M"],"character_chosen":"DEFECT","items_purchased":["Electrodynamics"],"campfire_rested":0,"item_purchase_floors":[7],"current_hp_per_floor":[60,60,55,71,69,69,69,69,69,58,58,58,53,40,40,5,55,47,22,22,22,0],"gold":214,"neow_bonus":"BOSS_RELIC","is_prod":false,"is_daily":false,"chose_seed":false,"campfire_upgraded":3,"win_rate":0,"timestamp":1549421673,"path_taken":["M","?","?","?","M","R","?","R","T","E","M","M","E","M","R","BOSS","M","?","?","?","M"],"build_version":"2019-01-23","purchased_purges":1,"victory":false,"max_hp_per_floor":[71,71,71,71,71,71,71,71,71,71,71,71,71,71,71,71,71,71,71,71,71,71],"card_choices":[{"not_picked":["Go for the Eyes","Undo"],"picked":"Streamline","floor":1},{"not_picked":["Rebound","Gash"],"picked":"Chill","floor":5},{"not_picked":["Force Field","Skim","Auto Shields"],"picked":"SKIP","floor":10},{"not_picked":["Auto Shields","Doom and Gloom","Hello World"],"picked":"SKIP","floor":11},{"not_picked":["Auto Shields","Doom and Gloom","Hello World"],"picked":"SKIP","floor":11},{"not_picked":["Sweeping Beam","Steam Power"],"picked":"Cold Snap","floor":12},{"not_picked":["Barrage","Stack","Ball Lightning"],"picked":"SKIP","floor":13},{"not_picked":["Steam","Ball Lightning"],"picked":"Gash","floor":14},{"not_picked":["Reboot","Hyperbeam"],"picked":"Creative AI","floor":16},{"not_picked":["Conserve Battery","Static Discharge"],"picked":"Defragment","floor":17},{"not_picked":["Rebound","Hello World"],"picked":"White Noise","floor":17},{"not_picked":["Storm","Streamline"],"picked":"Hologram","floor":17},{"not_picked":["Redo","Fusion","Stack"],"picked":"SKIP","floor":18}],"player_experience":1398575,"relics_obtained":[{"floor":9,"key":"The Courier"},{"floor":10,"key":"Bronze Scales"},{"floor":13,"key":"Dream Catcher"}],"event_choices":[{"damage_healed":0,"gold_gain":0,"player_choice":"Grow","damage_taken":0,"max_hp_gain":0,"max_hp_loss":0,"event_name":"Living Wall","floor":2,"gold_loss":0,"cards_upgraded":["Streamline"]},{"damage_healed":0,"gold_gain":0,"player_choice":"Success","damage_taken":5,"relics_obtained":["MawBank"],"max_hp_gain":0,"max_hp_loss":0,"event_name":"Scrap Ooze","floor":3,"gold_loss":0},{"damage_healed":23,"gold_gain":0,"player_choice":"Banana","damage_taken":0,"max_hp_gain":0,"max_hp_loss":0,"event_name":"Big Fish","floor":4,"gold_loss":0},{"damage_healed":0,"gold_gain":0,"player_choice":"Fight","damage_taken":0,"max_hp_gain":0,"max_hp_loss":0,"event_name":"Colosseum","floor":19,"gold_loss":0},{"damage_healed":0,"gold_gain":0,"player_choice":"Fled From Nobs","damage_taken":0,"max_hp_gain":0,"max_hp_loss":0,"event_name":"Colosseum","floor":19,"gold_loss":0},{"damage_healed":0,"gold_gain":0,"cards_transformed":["Strike_B","Strike_B"],"player_choice":"Became Test Subject","damage_taken":0,"max_hp_gain":0,"max_hp_loss":0,"event_name":"Drug Dealer","floor":20,"gold_loss":0,"cards_obtained":["Creative AI","Reinforced Body"]},{"damage_healed":0,"gold_gain":0,"player_choice":"Ignored","damage_taken":0,"max_hp_gain":0,"max_hp_loss":0,"event_name":"The Mausoleum","floor":21,"gold_loss":0}],"is_beta":false,"boss_relics":[{"not_picked":["Sozu","Tiny House"],"picked":"Orrery"}],"items_purged_floors":[7],"is_endless":false,"potions_floor_spawned":[12,13],"killed_by":"2 Thieves","ascension_level":20}