{"gold_per_floor":[119,84,0,16,35,35,63,15,15,48,48,81,81,93,93,166,166,180,198,248,264,264,264,141,141,195,195],"floor_reached":27,"playtime":741,"items_purged":["Writhe"],"score":401,"play_id":"21cdcb34-2d3e-4946-8f00-5aa2a653f894","local_time":"20190216184615","is_ascension_mode":true,"campfire_choices":[{"data":"Loop","floor":6,"key":"SMITH"},{"data":"Zap","floor":11,"key":"SMITH"},{"data":"Blizzard","floor":13,"key":"SMITH"},{"data":"Streamline","floor":15,"key":"SMITH"},{"data":"Creative AI","floor":23,"key":"SMITH"},{"data":"Coolheaded","floor":25,"key":"SMITH"}],"neow_cost":"NONE","seed_source_timestamp":204507091458200,"circlet_count":0,"master_deck":["AscendersBane","Strike_B","Strike_B","Strike_B","Strike_B","Defend_B","Defend_B","Defend_B","Defend_B","Zap+1","Dualcast","Cold Snap","Loop+1","Ball Lightning","Conserve Battery","FTL","Blizzard+1","Streamline+1","Creative AI+1","Capacitor","Turbo","Reinforced Body","Coolheaded+1"],"relics":["Cracked Core","PreservedInsect","Incense Burner","WingedGreaves","Bird Faced Urn","Orrery","Meat on the Bone","Bag of Marbles"],"potions_floor_usage":[16,27],"damage_taken":[{"damage":12,"enemies":"Jaw Worm","floor":1,"turns":3},{"damage":0,"enemies":"2 Louse","floor":4,"turns":2},{"damage":0,"enemies":"Cultist","floor":5,"turns":3},{"damage":15,"enemies":"Lagavulin","floor":7,"turns":5},{"damage":6,"enemies":"Gremlin Nob","floor":10,"turns":3},{"damage":6,"enemies":"Lagavulin","floor":12,"turns":6},{"damage":11,"enemies":"Exordium Thugs","floor":14,"turns":4},{"damage":22,"enemies":"Hexaghost","floor":16,"turns":8},{"damage":16,"enemies":"Chosen","floor":18,"turns":5},{"damage":21,"enemies":"Spheric Guardian","floor":19,"turns":5},{"damage":13,"enemies":"Snecko","floor":21,"turns":6},{"damage":43,"enemies":"Shelled Parasite and Fungi","floor":27,"turns":3}],"seed_played":"4001702835376403949","potions_obtained":[{"floor":5,"key":"FairyPotion"},{"floor":12,"key":"GamblersBrew"},{"floor":21,"key":"Swift Potion"}],"is_trial":false,"path_per_floor":["M","?","$","M","M","R","E","$","T","E","R","E","R","M","R","B",null,"M","M","?","M","?","R","$","R","T","M"],"character_chosen":"DEFECT","items_purchased":["Loop","Ball Lightning","PowerPotion","Fire Potion"],"campfire_rested":0,"item_purchase_floors":[3,3,8,24],"current_hp_per_floor":[52,69,69,69,69,69,54,54,54,48,48,44,44,35,35,17,58,48,29,29,30,30,30,30,30,30,0],"gold":195,"neow_bonus":"RANDOM_COMMON_RELIC","is_prod":false,"is_daily":false,"chose_seed":false,"campfire_upgraded":6,"win_rate":0,"timestamp":1550310375,"path_taken":["M","?","$","M","M","R","E","$","T","E","R","E","R","M","R","BOSS","M","M","?","M","?","R","?","R","T","?"],"build_version":"2019-01-23","purchased_purges":1,"victory":false,"max_hp_per_floor":[71,71,71,71,71,71,71,71,71,71,71,71,71,71,71,71,71,71,71,71,71,71,71,71,71,71,71],"card_choices":[{"not_picked":["Redo","Go for the Eyes"],"picked":"Cold Snap","floor":1},{"not_picked":["Conserve Battery","Stack","Sweeping Beam"],"picked":"SKIP","floor":4},{"not_picked":["Stack","Sweeping Beam"],"picked":"Conserve Battery","floor":4},{"not_picked":["Steam Power","Storm","Gash"],"picked":"SKIP","floor":5},{"not_picked":["Machine Learning","Steam"],"picked":"FTL","floor":7},{"not_picked":["Steam Power","Genetic Algorithm"],"picked":"Blizzard","floor":10},{"not_picked":["Meteor Strike","Go for the Eyes","Hologram"],"picked":"SKIP","floor":12},{"not_picked":["Meteor Strike","Go for the Eyes","Hologram"],"picked":"SKIP","floor":12},{"not_picked":["Rebound","Sweeping Beam"],"picked":"Streamline","floor":14},{"not_picked":["Seek","All For One"],"picked":"Creative AI","floor":16},{"not_picked":["Turbo","BootSequence"],"picked":"Capacitor","floor":17},{"not_picked":["Sweeping Beam","Hello World"],"picked":"Turbo","floor":17},{"not_picked":["Rebound","Leap"],"picked":"Reinforced Body","floor":17},{"not_picked":["Streamline","Hologram","Stack+1"],"picked":"SKIP","floor":18},{"not_picked":["Streamline","Hologram"],"picked":"Coolheaded","floor":19},{"not_picked":["Hologram","Redo","Multi-Cast"],"picked":"SKIP","floor":21}],"player_experience":91200,"relics_obtained":[{"floor":7,"key":"Incense Burner"},{"floor":9,"key":"WingedGreaves"},{"floor":10,"key":"Bird Faced Urn"},{"floor":26,"key":"Bag of Marbles"}],"event_choices":[{"damage_healed":17,"gold_gain":0,"player_choice":"Healed","damage_taken":0,"max_hp_gain":0,"max_hp_loss":0,"event_name":"The Cleric","floor":2,"gold_loss":35},{"damage_healed":0,"gold_gain":50,"player_choice":"Stole From Cult","damage_taken":0,"max_hp_gain":0,"max_hp_loss":0,"event_name":"Nest","floor":20,"gold_loss":0},{"damage_healed":0,"gold_gain":0,"player_choice":"Opened","damage_taken":0,"relics_obtained":["Meat on the Bone"],"max_hp_gain":0,"max_hp_loss":0,"event_name":"The Mausoleum","floor":22,"gold_loss":0,"cards_obtained":["Writhe"]}],"is_beta":false,"boss_relics":[{"not_picked":["Eternal Feather","Black Star"],"picked":"Orrery"}],"items_purged_floors":[24],"is_endless":false,"potions_floor_spawned":[5,10,12,14,21],"killed_by":"Shelled Parasite and Fungi","ascension_level":15}