{"path_per_floor":["M","M","?","?","?","E","R","E","T","E","R","$","R","?","R","B",null,"M","M","M","$","M","R","?","R","T","?","$","M","E","?","R","B",null,"M","?","?","$","?","E","M","R","T","?","E","$","?","?","R"],"character_chosen":"IRONCLAD","items_purchased":["Rampage","Iron Wave","Warcry","Flex"],"gold_per_floor":[11,31,31,31,31,56,56,90,166,192,192,117,117,292,292,396,396,406,416,427,235,248,248,248,248,248,163,38,57,87,87,87,186,186,206,206,206,11,59,91,102,102,102,102,129,108,68,68,68],"floor_reached":50,"campfire_rested":8,"playtime":3393,"current_hp_per_floor":[80,80,77,70,70,56,82,38,38,29,55,55,81,81,81,83,87,64,51,49,49,10,36,36,62,62,62,62,68,51,51,77,16,87,87,76,76,76,73,38,51,77,77,77,50,50,50,50,76],"items_purged":["Defend_R","Strike_R","Doubt","Writhe"],"gold":68,"score":554,"play_id":"4fdb1703-501a-4821-a6cb-5147dc6a47eb","is_prod":false,"is_daily":false,"is_ascension_mode":true,"campfire_upgraded":1,"path_taken":["M","M","?","?","?","E","R","E","T","E","R","$","R","?","R","BOSS","M","M","M","$","M","R","?","R","T","?","?","M","E","?","R","BOSS","M","?","?","$","?","E","M","R","T","?","E","$","?","?","R","BOSS"],"build_version":"2018-02-22-PROD2","purchased_purges":4,"victory":false,"master_deck":["Bash","Headbutt","Rampage+1","Headbutt","Spot Weakness+1","Iron Wave","Reaper","Headbutt","Rampage","Iron Wave","Headbutt+1","Heavy Blade","Power Through","Iron Wave","Uppercut","Clothesline","Madness","Madness","Warcry","Cleave+1","Double Tap","Flex+1","Flex"],"max_hp_per_floor":[80,80,80,80,80,87,87,87,87,87,87,87,87,87,87,87,87,87,87,87,87,87,87,87,87,87,87,87,87,87,87,87,87,87,87,87,87,87,87,87,87,87,87,87,87,87,87,87,87],"relics":["Burning Blood","Frozen Eye","Gremlin Horn","Strawberry","Ancient Tea Set","Kunai","Happy Flower","Black Star","Juzu Bracelet","Magic Flower","Self Forming Clay","Bag of Marbles","Pen Nib","Pandora\u0027s Box","Bird Faced Urn","Lantern","Bag of Preparation","The Courier","Calipers","Sundial"],"card_choices":[{"not_picked":["Combust","Wild Strike"],"picked":"Headbutt"},{"not_picked":["Ghostly Armor","Pommel Strike"],"picked":"Rampage"},{"not_picked":["True Grit","Corruption"],"picked":"Headbutt"},{"not_picked":["Battle Trance","Rage"],"picked":"Spot Weakness"},{"not_picked":["True Grit","Evolve"],"picked":"Iron Wave"},{"not_picked":["Offering","Impervious"],"picked":"Reaper"},{"not_picked":["Twin Strike","Searing Blow"],"picked":"Headbutt"},{"not_picked":["Armaments","Thunderclap"],"picked":"Headbutt"},{"not_picked":["Havoc","Pommel Strike"],"picked":"Heavy Blade"},{"not_picked":["Intimidate","Anger"],"picked":"Cleave"},{"not_picked":["Fire Breathing","Power Through"],"picked":"Double Tap"},{"not_picked":["Heavy Blade","Body Slam"],"picked":"Flex"}],"player_experience":168338,"potions_floor_usage":[6,20,20,30,33,39,40,50,50,50],"damage_taken":[{"damage":2,"enemies":"Small Slimes","floor":1,"turns":4},{"damage":0,"enemies":"2 Louse","floor":2,"turns":3},{"damage":27,"enemies":"3 Sentries","floor":6,"turns":9},{"damage":50,"enemies":"Lagavulin","floor":8,"turns":8},{"damage":15,"enemies":"Gremlin Nob","floor":10,"turns":4},{"damage":4,"enemies":"Slime Boss","floor":16,"turns":7},{"damage":29,"enemies":"Shell Parasite","floor":18,"turns":5},{"damage":20,"enemies":"Spheric Guardian","floor":19,"turns":4},{"damage":14,"enemies":"Cultist and Chosen","floor":20,"turns":6},{"damage":45,"enemies":"Centurion and Healer","floor":22,"turns":6},{"damage":8,"enemies":"Chosen and Byrds","floor":29,"turns":6},{"damage":32,"enemies":"Book of Stabbing","floor":30,"turns":5},{"damage":80,"enemies":"Collector","floor":33,"turns":7},{"damage":41,"enemies":"3 Darklings","floor":35,"turns":5},{"damage":12,"enemies":"Mysterious Sphere","floor":39,"turns":4},{"damage":44,"enemies":"2 Orb Walkers","floor":40,"turns":5},{"damage":8,"enemies":"Orb Walker","floor":41,"turns":3},{"damage":36,"enemies":"Giant Head","floor":45,"turns":6},{"damage":95,"enemies":"Time Eater","floor":50,"turns":7}],"event_choices":[{"event_name":"Scrap Ooze","player_choice":"success","floor":3,"damage_taken":3},{"event_name":"Golden Wing","player_choice":"Card Removal","floor":4,"damage_taken":0},{"event_name":"Living Wall","player_choice":"Grow","floor":5,"damage_taken":0},{"event_name":"Liars Game","player_choice":"agreed","floor":14,"damage_taken":0},{"event_name":"The Mausoleum","player_choice":"Yes","floor":24,"damage_taken":0},{"event_name":"Addict","player_choice":"Obtained Relic","floor":27,"damage_taken":0},{"event_name":"Drug Dealer","player_choice":"Ignored","floor":31,"damage_taken":0},{"event_name":"Winding Halls","player_choice":"Embrace Madness","floor":36,"damage_taken":0},{"event_name":"Tomb of Lord Red Mask","player_choice":"Ignored","floor":37,"damage_taken":0},{"event_name":"Mysterious Sphere","player_choice":"Fight","floor":39,"damage_taken":0},{"event_name":"Purifier","player_choice":"One Purge","floor":44,"damage_taken":0},{"event_name":"The Woman in Blue","player_choice":"Bought 3 Potions","floor":47,"damage_taken":0}],"boss_relics":[{"not_picked":["Sozu","Runic Dome"],"picked":"Black Star"},{"not_picked":["Orrery","Philosopher\u0027s Stone"],"picked":"Pandora\u0027s Box"}],"potions_floor_spawned":[2,16,18,29,30,35,39],"seed_played":"-7879451870229088192","killed_by":"Time Eater","ascension_level":1,"is_trial":false}