{"gold_per_floor":[110,110,124,139,64,91,91,123,123,123,123,137,137,163,163,239,239,258,70,102,17,17,17,44,55,107,107,107,127,156,175,175,247,247,262,274,291,341,360,360,392,29,29,29,58,58,58,58,58,58,58],"floor_reached":51,"playtime":2975,"items_purged":["Strike_B","Strike_B"],"score":1668,"play_id":"ae35face-ecac-4ff0-8845-cbf2a41b1350","local_time":"20190323210519","is_ascension_mode":true,"campfire_choices":[{"data":"Sunder","floor":7.0,"key":"SMITH"},{"floor":10.0,"key":"REST"},{"data":"Defragment","floor":13.0,"key":"SMITH"},{"data":"Zap","floor":15.0,"key":"SMITH"},{"data":"Beam Cell","floor":23.0,"key":"SMITH"},{"floor":27.0,"key":"REST"},{"data":"Ghostly","floor":32.0,"key":"SMITH"},{"data":"Ghostly","floor":40.0,"key":"SMITH"},{"data":"Genetic Algorithm","floor":44,"key":"SMITH"},{"data":"Ghostly","floor":46,"key":"SMITH"},{"data":"Rainbow","floor":49,"key":"SMITH"}],"neow_cost":"NONE","seed_source_timestamp":0,"circlet_count":0,"master_deck":["AscendersBane","Strike_B","Defend_B","Defend_B","Defend_B","Defend_B","Zap+1","Dualcast","Beam Cell+1","Cold Snap","Sunder+1","Loop","Ball Lightning","Defragment+1","Capacitor","Multi-Cast","Conserve Battery","Glacier","Coolheaded","Core Surge","White Noise","Ghostly+1","Ghostly+1","Ghostly+1","Compile Driver","Rainbow+1","Genetic Algorithm+1","Sweeping Beam+1","Redo","Static Discharge","Coolheaded+1"],"special_seed":0,"relics":["Cracked Core","Symbiotic Virus","FossilizedHelix","Torii","Bronze Scales","Philosopher\u0027s Stone","Red Mask","Orichalcum","Vajra","DataDisk","Pocketwatch","Eternal Feather","Anchor","Singing Bowl","Frozen Egg 2","Letter Opener"],"potions_floor_usage":[41,45,51],"damage_taken":[{"damage":7.0,"enemies":"Small Slimes","floor":1.0,"turns":3.0},{"damage":0.0,"enemies":"Cultist","floor":3.0,"turns":3.0},{"damage":0.0,"enemies":"2 Louse","floor":4.0,"turns":1.0},{"damage":35.0,"enemies":"Gremlin Nob","floor":6.0,"turns":4.0},{"damage":16.0,"enemies":"3 Sentries","floor":8.0,"turns":6.0},{"damage":8.0,"enemies":"Lots of Slimes","floor":12.0,"turns":3.0},{"damage":28.0,"enemies":"Gremlin Nob","floor":14.0,"turns":4.0},{"damage":0.0,"enemies":"Slime Boss","floor":16.0,"turns":5.0},{"damage":11.0,"enemies":"Shell Parasite","floor":18.0,"turns":3.0},{"damage":18.0,"enemies":"Masked Bandits","floor":20.0,"turns":5.0},{"damage":7.0,"enemies":"Book of Stabbing","floor":24.0,"turns":4.0},{"damage":10.0,"enemies":"Chosen","floor":25.0,"turns":4.0},{"damage":0.0,"enemies":"Snecko","floor":29.0,"turns":5.0},{"damage":12.0,"enemies":"Slavers","floor":30.0,"turns":5.0},{"damage":0.0,"enemies":"Snake Plant","floor":31.0,"turns":3.0},{"damage":0.0,"enemies":"Automaton","floor":33.0,"turns":10.0},{"damage":0.0,"enemies":"3 Shapes","floor":35.0,"turns":4.0},{"damage":10.0,"enemies":"3 Darklings","floor":36.0,"turns":4.0},{"damage":0.0,"enemies":"Transient","floor":37.0,"turns":6.0},{"damage":0.0,"enemies":"Sphere and 2 Shapes","floor":39.0,"turns":5.0},{"damage":12,"enemies":"Giant Head","floor":41,"turns":7},{"damage":21,"enemies":"Reptomancer","floor":45,"turns":8},{"damage":34,"enemies":"Time Eater","floor":50,"turns":13},{"damage":17,"enemies":"Awakened One","floor":51,"turns":5}],"seed_played":"-484197191937107198","potions_obtained":[{"floor":2.0,"key":"Ancient Potion"},{"floor":2.0,"key":"FairyPotion"},{"floor":6.0,"key":"Dexterity Potion"},{"floor":25.0,"key":"EntropicBrew"},{"floor":33.0,"key":"Weak Potion"},{"floor":36.0,"key":"Strength Potion"},{"floor":37.0,"key":"FocusPotion"},{"floor":41,"key":"Dexterity Potion"}],"is_trial":false,"path_per_floor":["M","?","M","M","$","E","R","E","T","R","?","M","R","E","R","B",null,"M","$","?","?","?","R","E","M","T","R","?","M","E","M","R","B",null,"M","M","M","?","M","R","E","$","T","R","E","R","$","?","R","B","B"],"character_chosen":"DEFECT","items_purchased":["Glacier","Static Discharge","Singing Bowl"],"campfire_rested":2,"item_purchase_floors":[19,42,42],"current_hp_per_floor":[57,57,57,57,57,22,22,6,6,27,71,63,63,35,35,35,62,51,51,33,33,33,33,26,16,16,37,35,35,23,23,23,23,32,32,22,22,22,22,35,23,23,23,35,14,32,32,32,35,1,0],"gold":58,"neow_bonus":"THREE_CARDS","is_prod":false,"is_daily":false,"chose_seed":false,"campfire_upgraded":9,"win_rate":0,"timestamp":1553346319,"path_taken":["M","?","M","M","?","E","R","E","T","R","?","?","R","E","R","BOSS","M","$","?","?","?","R","E","M","T","R","?","M","E","M","R","BOSS","M","M","M","?","M","R","E","$","T","R","E","R","?","?","R","BOSS","BOSS"],"build_version":"2019-03-15","purchased_purges":2,"victory":false,"max_hp_per_floor":[71,71,71,71,71,71,71,71,71,71,71,71,71,71,71,71,71,71,71,71,71,71,71,71,71,71,71,35,35,35,35,35,35,35,35,35,35,35,35,35,35,35,35,35,35,35,35,35,35,35,35],"card_choices":[{"not_picked":["Redo","Aggregate"],"picked":"Beam Cell","floor":0.0},{"not_picked":["Redo","Streamline"],"picked":"Cold Snap","floor":1.0},{"not_picked":["Gash","Heatsinks"],"picked":"Sunder","floor":3.0},{"not_picked":["Heatsinks","Conserve Battery"],"picked":"Loop","floor":4.0},{"not_picked":["Force Field","Cold Snap"],"picked":"Blizzard","floor":6.0},{"not_picked":["Leap","Skim"],"picked":"Ball Lightning","floor":8.0},{"not_picked":["Leap","White Noise"],"picked":"Defragment","floor":12.0},{"not_picked":["Seek","Cold Snap"],"picked":"Capacitor","floor":14.0},{"not_picked":["Amplify","All For One"],"picked":"Multi-Cast","floor":16.0},{"not_picked":["Turbo","Cold Snap"],"picked":"Conserve Battery","floor":18.0},{"not_picked":["Loop","Lockon"],"picked":"Coolheaded","floor":20.0},{"not_picked":["Glacier","Sunder"],"picked":"Core Surge","floor":24.0},{"not_picked":["Leap","Stack"],"picked":"White Noise","floor":25.0},{"not_picked":["Double Energy","Sunder"],"picked":"Compile Driver","floor":29.0},{"not_picked":["Redo","Conserve Battery","Amplify"],"picked":"SKIP","floor":30.0},{"not_picked":["Sweeping Beam","Fusion","Hello World+1"],"picked":"SKIP","floor":31.0},{"not_picked":["All For One","Core Surge"],"picked":"Rainbow","floor":33.0},{"not_picked":["Loop","Gash+1"],"picked":"Genetic Algorithm","floor":35.0},{"not_picked":["Recycle+1","Compile Driver+1"],"picked":"Sweeping Beam+1","floor":36.0},{"not_picked":["Turbo","Leap","Steam"],"picked":"SKIP","floor":37.0},{"not_picked":["Recycle","Consume","Storm+1"],"picked":"SKIP","floor":39.0},{"not_picked":["Streamline","Reinforced Body"],"picked":"Redo","floor":41},{"not_picked":["Chaos","Fission"],"picked":"Coolheaded+1","floor":45}],"player_experience":753678,"relics_obtained":[{"floor":6.0,"key":"Symbiotic Virus"},{"floor":8.0,"key":"FossilizedHelix"},{"floor":9.0,"key":"Torii"},{"floor":14.0,"key":"Bronze Scales"},{"floor":20.0,"key":"Red Mask"},{"floor":24.0,"key":"Vajra"},{"floor":26.0,"key":"DataDisk"},{"floor":30.0,"key":"Pocketwatch"},{"floor":41,"key":"Anchor"},{"floor":43,"key":"Frozen Egg 2"},{"floor":45,"key":"Letter Opener"}],"event_choices":[{"damage_healed":0.0,"max_hp_gain":0.0,"max_hp_loss":0.0,"gold_gain":0.0,"event_name":"Lab","player_choice":"Got Potions","floor":2.0,"gold_loss":0.0,"damage_taken":0.0},{"cards_removed":["Blizzard"],"damage_healed":44.0,"max_hp_gain":0.0,"max_hp_loss":0.0,"gold_gain":0.0,"event_name":"Bonfire Elementals","player_choice":"Offered Uncommon","floor":11.0,"gold_loss":0.0,"damage_taken":0.0},{"damage_healed":0.0,"max_hp_gain":0.0,"max_hp_loss":0.0,"gold_gain":0.0,"event_name":"Masked Bandits","player_choice":"Fought Bandits","floor":20.0,"gold_loss":0.0,"damage_taken":0.0},{"damage_healed":0.0,"max_hp_gain":0.0,"max_hp_loss":0.0,"gold_gain":0.0,"event_name":"Addict","player_choice":"Obtained Relic","floor":21.0,"gold_loss":85.0,"damage_taken":0.0,"relics_obtained":["Orichalcum"]},{"damage_healed":0.0,"max_hp_gain":0.0,"max_hp_loss":0.0,"gold_gain":0.0,"event_name":"Beggar","player_choice":"Ignored","floor":22.0,"gold_loss":0.0,"damage_taken":0.0},{"damage_healed":0.0,"max_hp_gain":0.0,"max_hp_loss":36.0,"gold_gain":0.0,"event_name":"Ghosts","player_choice":"Became a Ghost","floor":28.0,"gold_loss":0.0,"damage_taken":0.0,"cards_obtained":["Ghostly","Ghostly","Ghostly"]},{"damage_healed":0.0,"max_hp_gain":0.0,"max_hp_loss":0.0,"gold_gain":50.0,"event_name":"Golden Shrine","player_choice":"Pray","floor":38.0,"gold_loss":0.0,"damage_taken":0.0},{"cards_removed":["Strike_B"],"damage_healed":0,"gold_gain":0,"player_choice":"Purged","damage_taken":0,"max_hp_gain":0,"max_hp_loss":0,"event_name":"Purifier","floor":48,"gold_loss":0}],"is_beta":true,"boss_relics":[{"not_picked":["Ectoplasm","Coffee Dripper"],"picked":"Philosopher\u0027s Stone"},{"not_picked":["Calling Bell","Velvet Choker"],"picked":"Eternal Feather"}],"items_purged_floors":[5,19],"is_endless":false,"potions_floor_spawned":[6,8,12,14,20,25,31,33,36,37,41],"killed_by":"Awakened One","ascension_level":20}