{"gold_per_floor":[109,109,128,128,142,142,171,171,171,171,188,222,242,242,242,242],"floor_reached":16,"playtime":471,"items_purged":[],"score":220,"play_id":"6e8a69a2-2d0c-44c7-b943-299f4d250590","local_time":"20190303115008","is_ascension_mode":true,"campfire_choices":[{"data":"Chaos","floor":6,"key":"SMITH"},{"data":"Zap","floor":8,"key":"SMITH"},{"data":"Dualcast","floor":10,"key":"SMITH"},{"data":"Cold Snap","floor":15,"key":"SMITH"}],"neow_cost":"NONE","seed_source_timestamp":128603863205500,"circlet_count":0,"master_deck":["AscendersBane","Strike_B","Strike_B","Strike_B","Strike_B","Defend_B","Defend_B","Defend_B","Zap+1","Dualcast+1","Conserve Battery","Chaos+1","Cold Snap+1","Core Surge","Melter+1"],"relics":["Cracked Core","NeowsBlessing","Anchor","Darkstone Periapt","Pen Nib"],"potions_floor_usage":[7,16],"damage_taken":[{"damage":0,"enemies":"Jaw Worm","floor":1,"turns":1},{"damage":0,"enemies":"Cultist","floor":3,"turns":1},{"damage":0,"enemies":"2 Louse","floor":5,"turns":1},{"damage":6,"enemies":"Gremlin Nob","floor":7,"turns":3},{"damage":0,"enemies":"Looter","floor":11,"turns":2},{"damage":9,"enemies":"Lagavulin","floor":12,"turns":7},{"damage":8,"enemies":"3 Louse","floor":13,"turns":3},{"damage":43,"enemies":"Hexaghost","floor":16,"turns":9}],"seed_played":"5326961581488735555","potions_obtained":[{"floor":3,"key":"Fire Potion"},{"floor":7,"key":"Block Potion"},{"floor":11,"key":"Energy Potion"}],"is_trial":false,"path_per_floor":["M","?","M","$","M","R","E","R","T","R","M","E","M","?","R","B"],"character_chosen":"DEFECT","items_purchased":[],"campfire_rested":0,"item_purchase_floors":[],"current_hp_per_floor":[64,64,64,64,64,64,58,58,58,58,58,49,41,41,41,0],"gold":242,"neow_bonus":"THREE_ENEMY_KILL","is_prod":false,"is_daily":false,"chose_seed":false,"campfire_upgraded":4,"win_rate":0,"timestamp":1551581408,"path_taken":["M","?","M","$","M","R","E","R","T","R","M","E","?","?","R","BOSS"],"build_version":"2019-01-23","purchased_purges":0,"victory":false,"max_hp_per_floor":[71,71,71,71,71,71,71,71,71,71,71,71,71,71,71,71],"card_choices":[{"not_picked":["Hello World","Redo"],"picked":"Conserve Battery","floor":1},{"not_picked":["Streamline","Rebound"],"picked":"Cold Snap","floor":3},{"not_picked":["Force Field","Compile Driver","Storm"],"picked":"SKIP","floor":5},{"not_picked":["Sweeping Beam","Ball Lightning","Steam"],"picked":"SKIP","floor":7},{"not_picked":["Go for the Eyes","Beam Cell"],"picked":"Core Surge","floor":11},{"not_picked":["Rebound","Fusion","Beam Cell"],"picked":"SKIP","floor":12},{"not_picked":["Beam Cell","Amplify"],"picked":"Melter","floor":13}],"player_experience":1956777,"relics_obtained":[{"floor":7,"key":"Anchor"},{"floor":9,"key":"Darkstone Periapt"},{"floor":12,"key":"Pen Nib"}],"event_choices":[{"damage_healed":0,"gold_gain":0,"cards_transformed":["Defend_B"],"player_choice":"Transformed","damage_taken":0,"max_hp_gain":0,"max_hp_loss":0,"event_name":"Transmorgrifier","floor":2,"gold_loss":0,"cards_obtained":["Chaos"]},{"damage_healed":0,"gold_gain":0,"player_choice":"Upgraded","damage_taken":0,"max_hp_gain":0,"max_hp_loss":0,"event_name":"Upgrade Shrine","floor":14,"gold_loss":0,"cards_upgraded":["Melter"]}],"is_beta":false,"boss_relics":[],"items_purged_floors":[],"is_endless":false,"potions_floor_spawned":[3,7,11],"killed_by":"Hexaghost","ascension_level":20}