{"gold_per_floor":[116,116,116,15,25,52,52,81,81,95,124,142,162,162,162,233,233,245,40,140,140,151,151,182,200,200,200,213,213,213,213,213,290,290,305,317,287,303,314,334,334],"floor_reached":41,"playtime":1325,"items_purged":["Strike_B"],"score":916,"play_id":"80f0a08b-f4c2-494b-b43b-fe2be429f695","local_time":"20190322185622","is_ascension_mode":true,"campfire_choices":[{"data":"Sunder","floor":7,"key":"SMITH"},{"data":"Sunder","floor":15,"key":"SMITH"},{"floor":23,"key":"REST"},{"data":"Defragment","floor":27,"key":"SMITH"},{"data":"Capacitor","floor":30,"key":"SMITH"},{"floor":32,"key":"REST"}],"neow_cost":"NONE","seed_source_timestamp":259411528169700,"circlet_count":0,"master_deck":["AscendersBane","Strike_B","Defend_B","Defend_B","Defend_B","Defend_B","Zap","Dualcast","Sunder+1","Cold Snap","Chill","Sunder+1","Double Energy","Capacitor+1","Rip and Tear+1","Biased Cognition","Melter+1","Defragment+1","Amplify","Sunder+1","Buffer","Doom and Gloom+1"],"relics":["Cracked Core","NeowsBlessing","Pocketwatch","Happy Flower","Molten Egg 2","Shuriken","Snecko Eye","Lantern","Emotion Chip","Singing Bowl","Pantograph","Anchor","Runic Dome"],"potions_floor_usage":[11,16,16,25,38,39],"damage_taken":[{"damage":0,"enemies":"Jaw Worm","floor":1,"turns":1},{"damage":0,"enemies":"Cultist","floor":5,"turns":1},{"damage":0,"enemies":"3 Sentries","floor":6,"turns":1},{"damage":21,"enemies":"Lagavulin","floor":8,"turns":6},{"damage":0,"enemies":"Small Slimes","floor":10,"turns":3},{"damage":12,"enemies":"Gremlin Nob","floor":11,"turns":3},{"damage":0,"enemies":"2 Fungi Beasts","floor":12,"turns":1},{"damage":0,"enemies":"Large Slime","floor":13,"turns":4},{"damage":16,"enemies":"Slime Boss","floor":16,"turns":6},{"damage":12,"enemies":"3 Byrds","floor":18,"turns":4},{"damage":10,"enemies":"Colosseum Slavers","floor":20,"turns":3},{"damage":0,"enemies":"Colosseum Nobs","floor":20,"turns":3},{"damage":0,"enemies":"Chosen","floor":22,"turns":3},{"damage":22,"enemies":"Slavers","floor":24,"turns":5},{"damage":8,"enemies":"Snake Plant","floor":25,"turns":2},{"damage":4,"enemies":"Shelled Parasite and Fungi","floor":28,"turns":4},{"damage":5,"enemies":"Automaton","floor":33,"turns":8},{"damage":7,"enemies":"Orb Walker","floor":35,"turns":3},{"damage":26,"enemies":"3 Darklings","floor":36,"turns":2},{"damage":0,"enemies":"Jaw Worm Horde","floor":38,"turns":3},{"damage":2,"enemies":"Maw","floor":39,"turns":8},{"damage":0,"enemies":"3 Darklings","floor":40,"turns":4},{"damage":69,"enemies":"Nemesis","floor":41,"turns":3}],"seed_played":"-3580760059045160335","potions_obtained":[{"floor":1,"key":"Energy Potion"},{"floor":5,"key":"Strength Potion"},{"floor":8,"key":"GamblersBrew"},{"floor":11,"key":"Ancient Potion"},{"floor":13,"key":"AttackPotion"},{"floor":18,"key":"Weak Potion"},{"floor":22,"key":"Weak Potion"},{"floor":25,"key":"Fire Potion"},{"floor":36,"key":"GamblersBrew"},{"floor":38,"key":"Regen Potion"}],"is_trial":false,"path_per_floor":["M","?","?","$","M","E","R","E","T","M","E","M","M","?","R","B",null,"M","$","?","?","M","R","E","M","T","R","M","?","R","?","R","B",null,"M","M","?","M","M","M","E"],"character_chosen":"DEFECT","items_purchased":["Cold Snap","Lantern","Defragment"],"campfire_rested":2,"item_purchase_floors":[4,19,19],"current_hp_per_floor":[64,64,64,64,64,64,64,43,43,43,31,31,31,24,24,8,55,43,43,35,35,37,59,39,33,33,33,29,29,29,29,52,72,77,70,46,46,48,63,65,0],"gold":334,"neow_bonus":"THREE_ENEMY_KILL","is_prod":false,"is_daily":false,"chose_seed":false,"campfire_upgraded":4,"win_rate":0,"timestamp":1553248582,"path_taken":["M","?","?","$","M","E","R","E","T","M","E","?","M","?","R","BOSS","M","$","?","?","M","R","E","M","T","R","M","?","R","?","R","BOSS","M","M","?","M","M","M","E"],"build_version":"2019-01-23","purchased_purges":1,"victory":false,"max_hp_per_floor":[71,71,71,71,71,71,71,71,71,71,71,71,71,71,71,71,71,71,71,73,73,75,75,77,79,79,79,79,79,79,79,79,79,79,79,81,81,83,85,87,87],"card_choices":[{"not_picked":["Hologram","Ball Lightning"],"picked":"Sunder","floor":1},{"not_picked":["Darkness","Leap"],"picked":"Chill","floor":5},{"not_picked":["Melter","Reprogram"],"picked":"Sunder","floor":6},{"not_picked":["Compile Driver","Sunder"],"picked":"Double Energy","floor":8},{"not_picked":["Ball Lightning+1","Lockon+1","Barrage+1"],"picked":"SKIP","floor":10},{"not_picked":["Ball Lightning+1","Lockon+1","Barrage+1"],"picked":"SKIP","floor":10},{"not_picked":["Fission","Sweeping Beam+1","Hologram"],"picked":"SKIP","floor":11},{"not_picked":["Conserve Battery","Turbo"],"picked":"Capacitor","floor":12},{"not_picked":["Leap","Gash+1"],"picked":"Rip and Tear+1","floor":13},{"not_picked":["All For One+1","Fission"],"picked":"Biased Cognition","floor":16},{"not_picked":["Beam Cell+1","Aggregate"],"picked":"Melter+1","floor":18},{"not_picked":["Aggregate","Sweeping Beam+1","Rebound+1"],"picked":"Singing Bowl","floor":20},{"not_picked":["Beam Cell+1","Barrage+1","Gash+1"],"picked":"Singing Bowl","floor":22},{"not_picked":["Gash+1","Stack","Leap"],"picked":"Singing Bowl","floor":24},{"not_picked":["Rebound+1","Chill","Barrage+1"],"picked":"Singing Bowl","floor":25},{"not_picked":["Sweeping Beam+1","Doom and Gloom+1"],"picked":"Amplify","floor":28},{"not_picked":["Thunder Strike+1","Machine Learning"],"picked":"Buffer","floor":33},{"not_picked":["Darkness+1","Barrage+1"],"picked":"Doom and Gloom+1","floor":35},{"not_picked":["Doom and Gloom+1","Turbo+1","Ball Lightning+1"],"picked":"Singing Bowl","floor":36},{"not_picked":["Rip and Tear+1","Conserve Battery","Leap+1"],"picked":"Singing Bowl","floor":38},{"not_picked":["Streamline+1","Compile Driver+1","Beam Cell+1"],"picked":"Singing Bowl","floor":39},{"not_picked":["BootSequence+1","Rebound+1","Go for the Eyes+1"],"picked":"Singing Bowl","floor":40}],"player_experience":2472769,"relics_obtained":[{"floor":6,"key":"Happy Flower"},{"floor":8,"key":"Molten Egg 2"},{"floor":11,"key":"Shuriken"},{"floor":20,"key":"Emotion Chip"},{"floor":20,"key":"Singing Bowl"},{"floor":24,"key":"Pantograph"},{"floor":26,"key":"Anchor"}],"event_choices":[{"damage_healed":0,"gold_gain":0,"player_choice":"Box","damage_taken":0,"relics_obtained":["Pocketwatch"],"max_hp_gain":0,"max_hp_loss":0,"event_name":"Big Fish","floor":2,"gold_loss":0,"cards_obtained":["Regret"]},{"cards_removed":["Regret"],"damage_healed":0,"gold_gain":0,"player_choice":"Purged","damage_taken":0,"max_hp_gain":0,"max_hp_loss":0,"event_name":"Purifier","floor":3,"gold_loss":0},{"cards_removed":["Strike_B"],"damage_healed":0,"gold_gain":0,"player_choice":"Card Removal","damage_taken":7,"max_hp_gain":0,"max_hp_loss":0,"event_name":"Golden Wing","floor":14,"gold_loss":0},{"damage_healed":0,"gold_gain":0,"player_choice":"Fight","damage_taken":0,"max_hp_gain":0,"max_hp_loss":0,"event_name":"Colosseum","floor":20,"gold_loss":0},{"damage_healed":0,"gold_gain":0,"player_choice":"Fought Nobs","damage_taken":0,"max_hp_gain":0,"max_hp_loss":0,"event_name":"Colosseum","floor":20,"gold_loss":0},{"cards_removed":["Strike_B"],"damage_healed":0,"gold_gain":0,"player_choice":"Elegance","damage_taken":0,"max_hp_gain":0,"max_hp_loss":0,"event_name":"Back to Basics","floor":21,"gold_loss":0},{"damage_healed":0,"gold_gain":0,"player_choice":"Read","damage_taken":0,"max_hp_gain":0,"max_hp_loss":0,"event_name":"The Library","floor":29,"gold_loss":0,"cards_obtained":["Sunder"]},{"damage_healed":0,"gold_gain":0,"player_choice":"Ignored","damage_taken":0,"max_hp_gain":0,"max_hp_loss":0,"event_name":"Vampires","floor":31,"gold_loss":0},{"damage_healed":0,"gold_gain":0,"player_choice":"Bought 2 Potions","damage_taken":0,"max_hp_gain":0,"max_hp_loss":0,"event_name":"The Woman in Blue","floor":37,"gold_loss":0}],"is_beta":false,"boss_relics":[{"not_picked":["Empty Cage","Nuclear Battery"],"picked":"Snecko Eye"},{"not_picked":["Sozu","Busted Crown"],"picked":"Runic Dome"}],"items_purged_floors":[4],"is_endless":false,"potions_floor_spawned":[1,5,8,11,13,18,22,24,25,28,36,38],"killed_by":"Nemesis","ascension_level":20}