{"gold_per_floor":[114,114,189,205,205,117,145,71,71,71,90,90,121,121,121,198,198,218,238,160,172,186,186,186],"floor_reached":24,"playtime":841,"items_purged":[],"score":435,"play_id":"e0e4609a-92e7-4526-ad19-34d4a9187a43","local_time":"20190401151615","is_ascension_mode":true,"campfire_choices":[{"data":"Static Discharge","floor":10,"key":"SMITH"},{"data":"White Noise","floor":12,"key":"SMITH"},{"floor":15,"key":"REST"},{"floor":23,"key":"REST"}],"neow_cost":"NONE","seed_source_timestamp":1555445023227338,"circlet_count":0,"master_deck":["AscendersBane","Strike_B","Strike_B","Strike_B","Strike_B","Defend_B+1","Defend_B","Defend_B","Defend_B+1","Zap","Dualcast","Redo+1","Static Discharge+1","Loop","Rainbow","Hello World","White Noise+1","Self Repair","Electrodynamics","Conserve Battery+1","Ball Lightning","Self Repair","Stack","Ball Lightning"],"relics":["Cracked Core","NeowsBlessing","Smiling Mask","War Paint","Strawberry"],"potions_floor_usage":[18,19,24],"damage_taken":[{"damage":0,"enemies":"Jaw Worm","floor":1,"turns":1},{"damage":0,"enemies":"Small Slimes","floor":4,"turns":1},{"damage":0,"enemies":"Gremlin Nob","floor":7,"turns":1},{"damage":5,"enemies":"2 Louse","floor":11,"turns":3},{"damage":22,"enemies":"Lagavulin","floor":13,"turns":6},{"damage":23,"enemies":"Slime Boss","floor":16,"turns":7},{"damage":21,"enemies":"Shell Parasite","floor":18,"turns":3},{"damage":6,"enemies":"2 Thieves","floor":19,"turns":2},{"damage":21,"enemies":"Centurion and Healer","floor":21,"turns":6},{"damage":33,"enemies":"Sentry and Sphere","floor":22,"turns":5},{"damage":47,"enemies":"Book of Stabbing","floor":24,"turns":4}],"seed_played":"8121073080714367624","potions_obtained":[{"floor":7,"key":"Fire Potion"},{"floor":11,"key":"Explosive Potion"},{"floor":19,"key":"Explosive Potion"},{"floor":22,"key":"SpeedPotion"}],"is_trial":false,"path_per_floor":["M","?","?","M","?","$","E","$","T","R","M","R","E","?","R","B",null,"M","M","$","M","M","R","E"],"character_chosen":"DEFECT","items_purchased":["Loop","Hello World","Self Repair"],"campfire_rested":2,"item_purchase_floors":[6,8,20],"current_hp_per_floor":[64,64,53,53,71,71,71,71,71,71,66,66,51,51,74,58,73,59,53,53,46,20,43,0],"gold":186,"neow_bonus":"THREE_ENEMY_KILL","is_prod":false,"is_daily":false,"chose_seed":false,"campfire_upgraded":2,"win_rate":0,"timestamp":1554120975,"path_taken":["M","?","?","M","?","$","E","$","T","R","M","R","E","?","R","BOSS","M","M","$","M","M","R","E"],"build_version":"2019-01-23","purchased_purges":0,"victory":false,"max_hp_per_floor":[71,71,71,71,71,71,71,71,71,71,71,71,78,78,78,78,78,78,78,78,78,78,78,78],"card_choices":[{"not_picked":["Barrage","Double Energy"],"picked":"Redo","floor":1},{"not_picked":["Genetic Algorithm","Leap"],"picked":"Static Discharge","floor":4},{"not_picked":["Compile Driver","Steam"],"picked":"Rainbow","floor":7},{"not_picked":["Gash","Ball Lightning"],"picked":"White Noise","floor":11},{"not_picked":["FTL","Turbo"],"picked":"Self Repair","floor":13},{"not_picked":["Reboot","Multi-Cast"],"picked":"Electrodynamics","floor":16},{"not_picked":["Reinforced Body+1","Go for the Eyes"],"picked":"Conserve Battery+1","floor":18},{"not_picked":["Lockon","Beam Cell"],"picked":"Ball Lightning","floor":19},{"not_picked":["Conserve Battery","Gash"],"picked":"Stack","floor":21},{"not_picked":["Steam","Stack"],"picked":"Ball Lightning","floor":22}],"player_experience":1148409,"relics_obtained":[{"floor":7,"key":"Smiling Mask"},{"floor":9,"key":"War Paint"},{"floor":13,"key":"Strawberry"}],"event_choices":[{"damage_healed":0,"gold_gain":0,"player_choice":"Grow","damage_taken":0,"max_hp_gain":0,"max_hp_loss":0,"event_name":"Living Wall","floor":2,"gold_loss":0,"cards_upgraded":["Redo"]},{"damage_healed":0,"gold_gain":75,"player_choice":"Gather Gold","damage_taken":11,"max_hp_gain":0,"max_hp_loss":0,"event_name":"World of Goop","floor":3,"gold_loss":0},{"damage_healed":23,"gold_gain":0,"player_choice":"Banana","damage_taken":0,"max_hp_gain":0,"max_hp_loss":0,"event_name":"Big Fish","floor":5,"gold_loss":0},{"damage_healed":0,"gold_gain":0,"player_choice":"Ignored","damage_taken":0,"max_hp_gain":0,"max_hp_loss":0,"event_name":"Shining Light","floor":14,"gold_loss":0}],"is_beta":false,"boss_relics":[{"not_picked":["Runic Dome","Calling Bell","Sozu"]}],"items_purged_floors":[],"is_endless":false,"potions_floor_spawned":[7,11,13,19,22],"killed_by":"Book of Stabbing","ascension_level":18}