{"gold_per_floor":[115,191,191,204,217,217,246,2,302,302,329,329,4,4,4,81,81,101,101,41,41,41,41,58,58,58,108,108,108,125,200,200,277,327,337,2,14,27,27,62,76,76,127,138,148,148,177,177,177,177,177,177,177,32,63,63],"floor_reached":57,"playtime":3306,"items_purged":["Writhe","Thunderclap","Cleave"],"score":2828,"play_id":"6cb58f6b-21c3-4fa8-88b6-9622bfc3bf7d","local_time":"20190412205436","is_ascension_mode":true,"campfire_choices":[{"data":"Uppercut","floor":6.0,"key":"SMITH"},{"data":"Whirlwind","floor":10.0,"key":"SMITH"},{"data":"Carnage","floor":12.0,"key":"SMITH"},{"data":"True Grit","floor":15.0,"key":"SMITH"},{"data":"Body Slam","floor":23.0,"key":"SMITH"},{"floor":25.0,"key":"REST"},{"floor":32.0,"key":"REST"},{"floor":42.0,"key":"REST"},{"floor":49.0,"key":"RECALL"},{"data":"Shrug It Off","floor":53.0,"key":"SMITH"}],"neow_cost":"NONE","seed_source_timestamp":30326485901200,"circlet_count":0,"master_deck":["AscendersBane","Feel No Pain","Limit Break+1","Shrug It Off","Uppercut+1","Brutality+1","True Grit+1","Sentinel+1","Whirlwind+1","Carnage+1","Shrug It Off+1","Body Slam+1","Second Wind","Dropkick","Offering","Shrug It Off+1","Offering","Bandage Up","Fiend Fire","Barricade+1","Impervious","Reaper"],"special_seed":0,"relics":["Pandora\u0027s Box","Prayer Wheel","Juzu Bracelet","PreservedInsect","Sundial","The Courier","Empty Cage","Red Skull","Ornamental Fan","Nloth\u0027s Gift","Tiny House","Centennial Puzzle","Bag of Preparation","War Paint","Letter Opener","Orichalcum"],"potions_floor_usage":[56,56],"damage_taken":[{"damage":0.0,"enemies":"Cultist","floor":1.0,"turns":4.0},{"damage":12.0,"enemies":"2 Louse","floor":4.0,"turns":3.0},{"damage":0.0,"enemies":"Small Slimes","floor":5.0,"turns":4.0},{"damage":14.0,"enemies":"Lagavulin","floor":7.0,"turns":7.0},{"damage":12.0,"enemies":"3 Sentries","floor":11.0,"turns":5.0},{"damage":13.0,"enemies":"The Guardian","floor":16.0,"turns":8.0},{"damage":16.0,"enemies":"Spheric Guardian","floor":18.0,"turns":10.0},{"damage":28.0,"enemies":"2 Thieves","floor":24.0,"turns":5.0},{"damage":17.0,"enemies":"Snecko","floor":30.0,"turns":4.0},{"damage":32.0,"enemies":"Collector","floor":33.0,"turns":6.0},{"damage":15.0,"enemies":"3 Darklings","floor":35.0,"turns":3.0},{"damage":9.0,"enemies":"3 Shapes","floor":37.0,"turns":6.0},{"damage":10.0,"enemies":"Maw","floor":38.0,"turns":5.0},{"damage":15.0,"enemies":"Giant Head","floor":40.0,"turns":4.0},{"damage":25.0,"enemies":"Transient","floor":41.0,"turns":5.0},{"damage":6.0,"enemies":"4 Shapes","floor":44.0,"turns":9.0},{"damage":9.0,"enemies":"Sphere and 2 Shapes","floor":45.0,"turns":4.0},{"damage":17.0,"enemies":"Reptomancer","floor":47.0,"turns":5.0},{"damage":20.0,"enemies":"Donu and Deca","floor":50.0,"turns":9.0},{"damage":40.0,"enemies":"Awakened One","floor":51.0,"turns":11.0},{"damage":50,"enemies":"Shield and Spear","floor":55,"turns":6},{"damage":33,"enemies":"The Heart","floor":56,"turns":7}],"seed_played":"-7412973500447510021","potions_obtained":[{"floor":4.0,"key":"Explosive Potion"},{"floor":7.0,"key":"Dexterity Potion"},{"floor":11.0,"key":"PowerPotion"},{"floor":30.0,"key":"Ancient Potion"},{"floor":34.0,"key":"SteroidPotion"},{"floor":37.0,"key":"GamblersBrew"},{"floor":41.0,"key":"BloodPotion"},{"floor":55,"key":"Block Potion"}],"is_trial":false,"path_per_floor":["M","?","?","M","M","R","E","$","T","R","E","R","$","?","R","B",null,"M","?","$","?","?","R","M","R","T","?","?","?","M","T","R","B",null,"M","$","M","M","$","E","M","R","T","M","M","?","E","?","R","B","B",null,"R","$","E","B",null],"character_chosen":"IRONCLAD","items_purchased":["Juzu Bracelet","Whirlwind","Sundial","Shrug It Off","Bandage Up","Centennial Puzzle","Energy Potion","SteroidPotion"],"campfire_rested":3,"item_purchase_floors":[8,8,13,13,36,36,36,54],"current_hp_per_floor":[68,68,68,56,56,56,42,42,42,42,30,30,30,19,19,6,58,42,42,42,42,42,42,14,36,36,36,36,36,19,19,41,9,64,49,49,44,38,38,27,6,30,30,36,31,31,18,18,18,32,18,65,65,65,35,13],"gold":63,"neow_bonus":"BOSS_RELIC","is_prod":false,"is_daily":false,"chose_seed":false,"campfire_upgraded":6,"win_rate":0,"timestamp":1555070076,"path_taken":["M","?","?","M","?","R","E","$","T","R","E","R","?","?","R","BOSS","M","?","$","?","?","R","M","R","T","?","?","?","M","?","R","BOSS","M","$","M","M","$","E","M","R","T","M","M","?","E","?","R","BOSS","BOSS","R","$","E","BOSS"],"build_version":"2019-01-23","purchased_purges":3,"victory":true,"max_hp_per_floor":[75,75,75,75,75,75,75,75,75,75,75,75,75,75,75,75,75,75,75,75,75,75,75,75,75,75,75,75,75,75,75,75,75,80,80,80,80,80,80,80,80,80,80,80,80,80,80,80,80,80,80,80,80,80,80,80],"card_choices":[{"not_picked":["Twin Strike","Metallicize"],"picked":"True Grit","floor":1.0},{"not_picked":["Reckless Charge","Sever Soul"],"picked":"Sentinel","floor":4.0},{"not_picked":["Pummel","Havoc","Cleave"],"picked":"SKIP","floor":5.0},{"not_picked":["Body Slam","Clash","Twin Strike"],"picked":"SKIP","floor":7.0},{"not_picked":["Headbutt","Cleave"],"picked":"Carnage","floor":11.0},{"not_picked":["Flex","Perfected Strike","Shockwave"],"picked":"SKIP","floor":18.0},{"not_picked":["Sword Boomerang","Wild Strike","Anger"],"picked":"SKIP","floor":18.0},{"not_picked":["Dual Wield","Pummel"],"picked":"Second Wind","floor":24.0},{"not_picked":["Corruption","Headbutt","Hemokinesis"],"picked":"SKIP","floor":24.0},{"not_picked":["Double Tap","Headbutt","Power Through"],"picked":"SKIP","floor":30.0},{"not_picked":["Warcry","Clothesline","Intimidate"],"picked":"SKIP","floor":30.0},{"not_picked":["Impervious","Limit Break"],"picked":"Offering","floor":33.0},{"not_picked":["Clothesline","Rage"],"picked":"Shrug It Off+1","floor":34.0},{"not_picked":["Clash","Anger"],"picked":"Offering","floor":35.0},{"not_picked":["Clash+1","Twin Strike","Sword Boomerang"],"picked":"SKIP","floor":35.0},{"not_picked":["Armaments","Carnage","Perfected Strike"],"picked":"SKIP","floor":37.0},{"not_picked":["Thunderclap","Flex","Sword Boomerang"],"picked":"SKIP","floor":37.0},{"not_picked":["Dual Wield+1","Combust","Headbutt"],"picked":"SKIP","floor":38.0},{"not_picked":["True Grit","Demon Form","Headbutt+1"],"picked":"SKIP","floor":38.0},{"not_picked":["Limit Break","Heavy Blade+1"],"picked":"Fiend Fire","floor":40.0},{"not_picked":["Entrench","Intimidate"],"picked":"Barricade","floor":41.0},{"not_picked":["Thunderclap","Pommel Strike","Fire Breathing"],"picked":"SKIP","floor":41.0},{"not_picked":["Demon Form","Flex"],"picked":"Impervious","floor":44.0},{"not_picked":["Sword Boomerang","Dual Wield","Power Through"],"picked":"SKIP","floor":44.0},{"not_picked":["Searing Blow","Iron Wave","Havoc"],"picked":"SKIP","floor":45.0},{"not_picked":["Intimidate","Heavy Blade","Flex"],"picked":"SKIP","floor":45.0},{"not_picked":["Cleave+1","Juggernaut"],"picked":"Reaper","floor":47.0},{"not_picked":["Barricade","Shrug It Off","Fiend Fire"],"picked":"SKIP","floor":55},{"not_picked":["Barricade","Shrug It Off","Fiend Fire"],"picked":"SKIP","floor":55}],"player_experience":3084647,"relics_obtained":[{"floor":7.0,"key":"Prayer Wheel"},{"floor":9.0,"key":"Old Coin"},{"floor":11.0,"key":"PreservedInsect"},{"floor":26.0,"key":"Ornamental Fan"},{"floor":40.0,"key":"Bag of Preparation"},{"floor":43.0,"key":"War Paint"},{"floor":47.0,"key":"Letter Opener"},{"floor":55,"key":"Orichalcum"}],"event_choices":[{"damage_healed":0.0,"max_hp_gain":0.0,"max_hp_loss":0.0,"gold_gain":76.0,"event_name":"Golden Wing","player_choice":"Gained Gold","floor":2.0,"gold_loss":0.0,"damage_taken":0.0},{"damage_healed":0.0,"max_hp_gain":0.0,"max_hp_loss":0.0,"gold_gain":0.0,"event_name":"Match and Keep!","player_choice":"0 cards matched","floor":3.0,"gold_loss":0.0,"damage_taken":0.0,"cards_obtained":[]},{"damage_healed":0.0,"max_hp_gain":0.0,"max_hp_loss":0.0,"gold_gain":0.0,"event_name":"Scrap Ooze","player_choice":"Success","floor":14.0,"gold_loss":0.0,"damage_taken":11.0,"relics_obtained":["The Courier"]},{"damage_healed":0.0,"max_hp_gain":0.0,"max_hp_loss":0.0,"gold_gain":0.0,"event_name":"The Mausoleum","player_choice":"Opened","floor":19.0,"gold_loss":0.0,"damage_taken":0.0,"relics_obtained":["Red Skull"],"cards_obtained":["Writhe"]},{"damage_healed":0.0,"max_hp_gain":0.0,"max_hp_loss":0.0,"gold_gain":0.0,"cards_transformed":["Reckless Charge"],"event_name":"Transmorgrifier","player_choice":"Transformed","floor":21.0,"gold_loss":0.0,"damage_taken":0.0,"cards_obtained":["Body Slam"]},{"damage_healed":0.0,"max_hp_gain":0.0,"max_hp_loss":0.0,"gold_gain":50.0,"event_name":"Nest","player_choice":"Stole From Cult","floor":27.0,"gold_loss":0.0,"damage_taken":0.0},{"damage_healed":0.0,"max_hp_gain":0.0,"max_hp_loss":0.0,"gold_gain":0.0,"event_name":"N\u0027loth","player_choice":"Traded Relic","floor":28.0,"relics_lost":["Old Coin"],"gold_loss":0.0,"damage_taken":0.0,"relics_obtained":["Nloth\u0027s Gift"]},{"damage_healed":0.0,"max_hp_gain":0.0,"max_hp_loss":0.0,"gold_gain":0.0,"event_name":"The Library","player_choice":"Read","floor":29.0,"gold_loss":0.0,"damage_taken":0.0,"cards_obtained":["Dropkick"]},{"damage_healed":0.0,"max_hp_gain":0.0,"max_hp_loss":0.0,"gold_gain":0.0,"event_name":"Accursed Blacksmith","player_choice":"Forge","floor":46.0,"gold_loss":0.0,"damage_taken":0.0,"cards_upgraded":["Barricade"]},{"damage_healed":0.0,"max_hp_gain":0.0,"max_hp_loss":0.0,"gold_gain":0.0,"event_name":"Tomb of Lord Red Mask","player_choice":"Ignored","floor":48.0,"gold_loss":0.0,"damage_taken":0.0}],"is_beta":false,"boss_relics":[{"not_picked":["Busted Crown","Velvet Choker"],"picked":"Empty Cage"},{"not_picked":["Mark of Pain","Coffee Dripper"],"picked":"Tiny House"}],"items_purged_floors":[20,36,54],"is_endless":false,"potions_floor_spawned":[4,7,11,30,37,40,41,55],"ascension_level":20}