{"gold_per_floor":[114,130,150,168,186,186,221,221,274,146,146,146,158,168,168,246,246,264,264],"floor_reached":19,"playtime":854,"items_purged":[],"score":325,"play_id":"5a9dd932-8060-4f0b-940b-18971c90e0b7","local_time":"20190403201405","is_ascension_mode":true,"campfire_choices":[{"floor":6.0,"key":"REST"},{"floor":11.0,"key":"REST"},{"floor":15,"key":"REST"}],"neow_cost":"NONE","seed_source_timestamp":1746074276153588,"circlet_count":0,"master_deck":["AscendersBane","Strike_B","Strike_B","Strike_B","Strike_B","Defend_B","Defend_B","Defend_B","Defend_B","Zap","Dualcast","Chaos","Hello World","Biased Cognition","Darkness","Redo","Heatsinks","Redo","Reboot","Echo Form","Capacitor"],"special_seed":0,"relics":["Cracked Core","Symbiotic Virus","Happy Flower","Eternal Feather"],"potions_floor_usage":[16],"damage_taken":[{"damage":7.0,"enemies":"Small Slimes","floor":1.0,"turns":4.0},{"damage":5.0,"enemies":"Jaw Worm","floor":2.0,"turns":4.0},{"damage":0.0,"enemies":"Cultist","floor":3.0,"turns":3.0},{"damage":0.0,"enemies":"Gremlin Gang","floor":4.0,"turns":3.0},{"damage":14.0,"enemies":"Large Slime","floor":5.0,"turns":4.0},{"damage":39.0,"enemies":"Gremlin Nob","floor":7.0,"turns":4.0},{"damage":13,"enemies":"2 Fungi Beasts","floor":13,"turns":3},{"damage":9,"enemies":"3 Louse","floor":14,"turns":2},{"damage":36,"enemies":"Slime Boss","floor":16,"turns":8},{"damage":0,"enemies":"Chosen","floor":18,"turns":3},{"damage":66,"enemies":"Shell Parasite","floor":19,"turns":5}],"seed_played":"9160886646158308809","potions_obtained":[{"floor":3.0,"key":"Explosive Potion"},{"floor":5.0,"key":"PowerPotion"},{"floor":7.0,"key":"Poison Potion"}],"is_trial":false,"path_per_floor":["M","M","M","M","M","R","E","?","T","$","R","?","M","M","R","B",null,"M","M"],"character_chosen":"DEFECT","items_purchased":["Redo","Heatsinks"],"campfire_rested":3,"item_purchase_floors":[10,10],"current_hp_per_floor":[64,59,59,59,45,68,29,29,29,29,52,52,39,30,53,17,63,63,0],"gold":264,"neow_bonus":"TEN_PERCENT_HP_BONUS","is_prod":false,"is_daily":false,"chose_seed":false,"campfire_upgraded":0,"win_rate":0,"timestamp":1554311645,"path_taken":["M","M","M","M","M","R","E","?","T","$","R","?","M","M","R","BOSS","M","M"],"build_version":"2019-01-23","purchased_purges":0,"victory":false,"max_hp_per_floor":[78,78,78,78,78,78,78,78,78,78,78,78,78,78,78,78,78,78,78],"card_choices":[{"not_picked":["Gash","Conserve Battery"],"picked":"Chaos","floor":1.0},{"not_picked":["Compile Driver","Streamline"],"picked":"Hello World","floor":2.0},{"not_picked":["Sweeping Beam","Beam Cell","Turbo"],"picked":"SKIP","floor":3.0},{"not_picked":["Coolheaded","Turbo"],"picked":"Biased Cognition","floor":4.0},{"not_picked":["Reprogram","Rebound","Compile Driver"],"picked":"SKIP","floor":5.0},{"not_picked":["Rebound","Compile Driver"],"picked":"Darkness","floor":7.0},{"not_picked":["Coolheaded","Gash"],"picked":"Redo","floor":13},{"not_picked":["Compile Driver","Undo"],"picked":"Reboot","floor":14},{"not_picked":["Electrodynamics","Meteor Strike"],"picked":"Echo Form","floor":16},{"not_picked":["Sweeping Beam","Beam Cell"],"picked":"Capacitor","floor":18}],"player_experience":1166471,"relics_obtained":[{"floor":7.0,"key":"Symbiotic Virus"},{"floor":9.0,"key":"Happy Flower"}],"event_choices":[{"damage_healed":0.0,"max_hp_gain":0.0,"max_hp_loss":0.0,"gold_gain":0.0,"event_name":"Shining Light","player_choice":"Ignored","floor":8.0,"gold_loss":0.0,"damage_taken":0.0},{"damage_healed":0,"gold_gain":0,"player_choice":"Searched \u00270\u0027 times","damage_taken":0,"max_hp_gain":0,"max_hp_loss":0,"event_name":"Dead Adventurer","floor":12,"gold_loss":0}],"is_beta":false,"boss_relics":[{"not_picked":["Tiny House","Inserter"],"picked":"Eternal Feather"}],"items_purged_floors":[],"is_endless":false,"potions_floor_spawned":[3,5,7],"killed_by":"Shell Parasite","ascension_level":18}