{"gold_per_floor":[118,118,130,130,146,146,174,174,199,234,248,259,289,307,307,386,386,397,397,397,410,510,510,510,522,522,548,33,66,98,120,132,217,229,258,11,27,27,43,43,72,72,72,9,23,38,64,75,75,75,75,75,75,9,37,37],"floor_reached":57,"playtime":3039,"items_purged":["Strike_R","Strike_R","Strike_R+1"],"score":2998,"play_id":"66a94255-0e7c-4096-8cc5-a6eed511d031","local_time":"20190307140508","is_ascension_mode":true,"campfire_choices":[{"data":"Apotheosis","floor":6.0,"key":"SMITH"},{"data":"Immolate","floor":8.0,"key":"SMITH"},{"data":"Feel No Pain","floor":15.0,"key":"SMITH"},{"floor":23.0,"key":"RECALL"},{"floor":32.0,"key":"REST"},{"floor":40.0,"key":"REST"},{"floor":42.0,"key":"REST"},{"floor":49.0,"key":"REST"},{"floor":53.0,"key":"REST"}],"neow_cost":"TEN_PERCENT_HP_LOSS","seed_source_timestamp":214780021266400,"circlet_count":0,"master_deck":["AscendersBane","Defend_R","Defend_R","Defend_R","Defend_R","Bash+1","PanicButton","Apotheosis+1","Feel No Pain+1","Immolate+1","Shrug It Off","Offering","Double Tap","Flame Barrier","Demon Form","Battle Trance","Feel No Pain","Shrug It Off+1","Offering+1","Battle Trance+1","Dual Wield+1","Enlightenment+1","Corruption","Shockwave+1","Warcry+1","Apotheosis+1","Cloak And Dagger+1","Wraith Form v2","Burning Pact+1","Leap+1","True Grit+1","Rupture","Venomology+1","Dark Shackles+1","Capacitor+1","White Noise+1","Hologram+1","Cloak And Dagger+1","Infinite Blades","Leap+1","Stack+1","Body Slam","Shockwave+1","Wraith Form v2"],"special_seed":0,"relics":["Burning Blood","Centennial Puzzle","Bottled Flame","Omamori","Bag of Marbles","Lantern","Fusion Hammer","Prayer Wheel","Toxic Egg 2","Orichalcum","PrismaticShard","MawBank","Snecko Eye","Membership Card","Whetstone","Dream Catcher","Regal Pillow","Dodecahedron"],"potions_floor_usage":[56,56,56],"damage_taken":[{"damage":2.0,"enemies":"2 Louse","floor":1.0,"turns":3.0},{"damage":1.0,"enemies":"Cultist","floor":3.0,"turns":4.0},{"damage":0.0,"enemies":"Jaw Worm","floor":5.0,"turns":3.0},{"damage":20.0,"enemies":"Lagavulin","floor":7.0,"turns":9.0},{"damage":0.0,"enemies":"3 Sentries","floor":10.0,"turns":2.0},{"damage":0.0,"enemies":"Gremlin Gang","floor":11.0,"turns":1.0},{"damage":0.0,"enemies":"Blue Slaver","floor":12.0,"turns":1.0},{"damage":16.0,"enemies":"Gremlin Nob","floor":13.0,"turns":3.0},{"damage":0.0,"enemies":"Looter","floor":14.0,"turns":2.0},{"damage":8.0,"enemies":"The Guardian","floor":16.0,"turns":12.0},{"damage":0.0,"enemies":"Chosen","floor":18.0,"turns":2.0},{"damage":4.0,"enemies":"Spheric Guardian","floor":21.0,"turns":5.0},{"damage":0.0,"enemies":"Colosseum Slavers","floor":22.0,"turns":1.0},{"damage":0.0,"enemies":"Colosseum Nobs","floor":22.0,"turns":2.0},{"damage":10.0,"enemies":"Snecko","floor":25.0,"turns":4.0},{"damage":26.0,"enemies":"Book of Stabbing","floor":27.0,"turns":4.0},{"damage":0.0,"enemies":"Gremlin Leader","floor":29.0,"turns":3.0},{"damage":13.0,"enemies":"Snake Plant","floor":30.0,"turns":3.0},{"damage":18.0,"enemies":"Cultist and Chosen","floor":31.0,"turns":5.0},{"damage":13.0,"enemies":"Champ","floor":33.0,"turns":10.0},{"damage":6.0,"enemies":"3 Shapes","floor":35.0,"turns":4.0},{"damage":0.0,"enemies":"3 Darklings","floor":37.0,"turns":3.0},{"damage":20.0,"enemies":"Sphere and 2 Shapes","floor":39.0,"turns":3.0},{"damage":6.0,"enemies":"Nemesis","floor":41.0,"turns":5.0},{"damage":0.0,"enemies":"4 Shapes","floor":45.0,"turns":1.0},{"damage":0.0,"enemies":"Maw","floor":46.0,"turns":8.0},{"damage":6.0,"enemies":"Reptomancer","floor":47.0,"turns":5.0},{"damage":10.0,"enemies":"Transient","floor":48.0,"turns":6.0},{"damage":50.0,"enemies":"Time Eater","floor":50.0,"turns":13.0},{"damage":16.0,"enemies":"Awakened One","floor":51.0,"turns":9.0},{"damage":6.0,"enemies":"Shield and Spear","floor":55.0,"turns":1.0},{"damage":62,"enemies":"The Heart","floor":56,"turns":8}],"seed_played":"9078553500231807383","potions_obtained":[{"floor":3.0,"key":"LiquidBronze"},{"floor":4.0,"key":"SteroidPotion"},{"floor":12.0,"key":"BloodPotion"},{"floor":14.0,"key":"Weak Potion"},{"floor":16.0,"key":"Dexterity Potion"},{"floor":30.0,"key":"Fire Potion"},{"floor":33.0,"key":"Regen Potion"},{"floor":37.0,"key":"Strength Potion"},{"floor":55.0,"key":"Poison Potion"}],"is_trial":false,"path_per_floor":["M","?","M","?","M","R","E","R","T","E","M","M","E","M","R","B",null,"M","?","?","M","?","R","?","M","T","E","$","E","M","M","R","B",null,"M","$","M","?","M","R","E","R","T","$","M","M","E","M","R","B","B",null,"R","$","E","B",null],"character_chosen":"IRONCLAD","items_purchased":["Enlightenment+1","PrismaticShard","Corruption","Shockwave+1","Membership Card","Body Slam","Shockwave+1"],"campfire_rested":5,"item_purchase_floors":[28,28,28,28,36,54,54],"current_hp_per_floor":[68,57,62,62,68,68,54,54,54,60,66,68,58,64,64,62,67,68,68,68,68,68,68,68,64,64,44,44,50,43,31,51,44,62,62,62,68,68,54,68,68,68,68,68,68,68,68,64,68,24,14,55,68,68,68,12],"gold":37,"neow_bonus":"RANDOM_COLORLESS_2","is_prod":false,"is_daily":false,"chose_seed":false,"campfire_upgraded":3,"win_rate":0,"timestamp":1551935108,"path_taken":["M","?","M","?","M","R","E","R","T","E","M","M","E","?","R","BOSS","M","?","?","?","?","R","?","M","T","E","$","E","M","M","R","BOSS","M","$","?","?","M","R","E","R","T","?","?","?","E","M","R","BOSS","BOSS","R","$","E","BOSS"],"build_version":"2019-01-23","purchased_purges":3,"victory":true,"max_hp_per_floor":[68,68,68,68,68,68,68,68,68,68,68,68,68,68,68,68,68,68,68,68,68,68,68,68,68,68,68,68,68,68,68,68,68,68,68,68,68,68,68,68,68,68,68,68,68,68,68,68,68,68,68,68,68,68,68,68],"card_choices":[{"not_picked":["Iron Wave","Perfected Strike","Reckless Charge"],"picked":"SKIP","floor":1.0},{"not_picked":["Warcry","Wild Strike","Cleave"],"picked":"SKIP","floor":3.0},{"not_picked":["Combust","Warcry"],"picked":"Feel No Pain","floor":5.0},{"not_picked":["Power Through","Dropkick"],"picked":"Immolate","floor":7.0},{"not_picked":["Fire Breathing","Heavy Blade","Flex"],"picked":"SKIP","floor":10.0},{"not_picked":["Sword Boomerang","Spot Weakness"],"picked":"Shrug It Off","floor":11.0},{"not_picked":["Warcry","Thunderclap"],"picked":"Offering","floor":12.0},{"not_picked":["Cleave","Sentinel"],"picked":"Double Tap","floor":13.0},{"not_picked":["Sword Boomerang","Anger"],"picked":"Flame Barrier","floor":14.0},{"not_picked":["Juggernaut","Limit Break"],"picked":"Demon Form","floor":16.0},{"not_picked":["Armaments","Body Slam"],"picked":"Battle Trance","floor":18.0},{"not_picked":["Sword Boomerang","Iron Wave","Bloodletting"],"picked":"SKIP","floor":21.0},{"not_picked":["Searing Blow","Clash+1"],"picked":"Shrug It Off","floor":22.0},{"not_picked":["Reckless Charge","Armaments+1"],"picked":"Battle Trance+1","floor":25.0},{"not_picked":["Thunderclap+1","Anger"],"picked":"Dual Wield+1","floor":25.0},{"not_picked":["Headbutt","Juggernaut","Thunderclap"],"picked":"SKIP","floor":27.0},{"not_picked":["Prepared+1","Pommel Strike"],"picked":"Warcry+1","floor":29.0},{"not_picked":["Havoc+1","Storm","Stack+1"],"picked":"SKIP","floor":30.0},{"not_picked":["Bane+1","Doom and Gloom","Dagger Throw+1"],"picked":"SKIP","floor":30.0},{"not_picked":["Havoc+1","Storm","Stack+1"],"picked":"SKIP","floor":30.0},{"not_picked":["Bane+1","Doom and Gloom","Dagger Throw+1"],"picked":"SKIP","floor":30.0},{"not_picked":["Conserve Battery+1","Twin Strike"],"picked":"Apotheosis+1","floor":31.0},{"not_picked":["Dagger Throw","Skewer"],"picked":"Cloak And Dagger+1","floor":31.0},{"not_picked":["Biased Cognition","Unload"],"picked":"Wraith Form v2","floor":33.0},{"not_picked":["Clothesline","Wild Strike+1"],"picked":"Burning Pact+1","floor":35.0},{"not_picked":["Madness+1","Wild Strike"],"picked":"Leap+1","floor":35.0},{"not_picked":["Iron Wave+1","Scrape"],"picked":"True Grit+1","floor":37.0},{"not_picked":["Underhanded Strike","Bouncing Flask+1","Flying Knee"],"picked":"SKIP","floor":37.0},{"not_picked":["Reflex+1","Chaos+1"],"picked":"Venomology+1","floor":39.0},{"not_picked":["Cold Snap+1","Ball Lightning"],"picked":"Dark Shackles+1","floor":39.0},{"not_picked":["Heatsinks","Trip+1","Tactician+1"],"picked":"SKIP","floor":41.0},{"not_picked":["Armaments+1","Leap+1"],"picked":"Capacitor+1","floor":45.0},{"not_picked":["Forethought+1","Twin Strike","Wild Strike"],"picked":"SKIP","floor":45.0},{"not_picked":["Forethought+1","Twin Strike","Wild Strike"],"picked":"SKIP","floor":45.0},{"not_picked":["Thunderclap","Bandage Up+1"],"picked":"White Noise+1","floor":46.0},{"not_picked":["Steam+1","Berserk"],"picked":"Hologram+1","floor":46.0},{"not_picked":["Dropkick","Iron Wave+1"],"picked":"Cloak And Dagger+1","floor":47.0},{"not_picked":["Dark Shackles+1","Deflect+1"],"picked":"Infinite Blades","floor":48.0},{"not_picked":["Clothesline+1","Quick Slash"],"picked":"Leap+1","floor":48.0},{"not_picked":["Sucker Punch","Headbutt"],"picked":"Stack+1","floor":49.0},{"not_picked":["Blood for Blood+1","Heavy Blade"],"picked":"Wraith Form v2","floor":55.0}],"player_experience":2045132,"relics_obtained":[{"floor":7.0,"key":"Bottled Flame"},{"floor":9.0,"key":"Omamori"},{"floor":10.0,"key":"Bag of Marbles"},{"floor":13.0,"key":"Lantern"},{"floor":22.0,"key":"Prayer Wheel"},{"floor":22.0,"key":"Toxic Egg 2"},{"floor":27.0,"key":"Orichalcum"},{"floor":29.0,"key":"MawBank"},{"floor":41.0,"key":"Whetstone"},{"floor":43.0,"key":"Dream Catcher"},{"floor":47.0,"key":"Regal Pillow"},{"floor":55.0,"key":"Dodecahedron"}],"event_choices":[{"damage_healed":0.0,"max_hp_gain":0.0,"max_hp_loss":0.0,"gold_gain":0.0,"event_name":"Scrap Ooze","player_choice":"Success","floor":2.0,"gold_loss":0.0,"damage_taken":11.0,"relics_obtained":["Centennial Puzzle"]},{"damage_healed":0.0,"max_hp_gain":0.0,"max_hp_loss":0.0,"gold_gain":0.0,"event_name":"Lab","player_choice":"Got Potions","floor":4.0,"gold_loss":0.0,"damage_taken":0.0},{"damage_healed":0.0,"max_hp_gain":0.0,"max_hp_loss":0.0,"gold_gain":0.0,"event_name":"The Library","player_choice":"Read","floor":19.0,"gold_loss":0.0,"damage_taken":0.0,"cards_obtained":["Feel No Pain"]},{"cards_removed":["Strike_R"],"damage_healed":0.0,"max_hp_gain":0.0,"max_hp_loss":0.0,"gold_gain":0.0,"event_name":"Bonfire Elementals","player_choice":"Offered Basic","floor":20.0,"gold_loss":0.0,"damage_taken":0.0},{"damage_healed":0.0,"max_hp_gain":0.0,"max_hp_loss":0.0,"gold_gain":0.0,"event_name":"Colosseum","player_choice":"Fight","floor":22.0,"gold_loss":0.0,"damage_taken":0.0},{"damage_healed":0.0,"max_hp_gain":0.0,"max_hp_loss":0.0,"gold_gain":0.0,"event_name":"Colosseum","player_choice":"Fought Nobs","floor":22.0,"gold_loss":0.0,"damage_taken":0.0},{"damage_healed":0.0,"max_hp_gain":0.0,"max_hp_loss":0.0,"gold_gain":0.0,"event_name":"Duplicator","player_choice":"Copied","floor":24.0,"gold_loss":0.0,"damage_taken":0.0,"cards_obtained":["Offering"]},{"damage_healed":0.0,"max_hp_gain":0.0,"max_hp_loss":0.0,"gold_gain":0.0,"cards_transformed":["Strike_R"],"event_name":"Transmorgrifier","player_choice":"Transformed","floor":38.0,"gold_loss":0.0,"damage_taken":0.0,"cards_obtained":["Rupture"]}],"is_beta":false,"boss_relics":[{"not_picked":["Runic Pyramid","Astrolabe"],"picked":"Fusion Hammer"},{"not_picked":["Black Star","Lizard Tail"],"picked":"Snecko Eye"}],"items_purged_floors":[28,36,44],"is_endless":false,"potions_floor_spawned":[3,12,13,14,16,18,22,30,33,37,47,55],"ascension_level":20}