{"path_per_floor":["M","?","?","?","?","R","M","R","T","$","M","R","E","$","R","B",null,"M","$","T","$","?","E","R"],"character_chosen":"IRONCLAD","items_purchased":["Havoc"],"gold_per_floor":[118,118,118,118,118,118,133,133,156,156,169,169,196,196,196,299,299,315,315,315,266,266,300,300],"floor_reached":25,"campfire_rested":2,"playtime":926,"current_hp_per_floor":[80,80,64,64,64,64,69,69,69,69,75,75,46,46,70,14,80,53,53,53,53,53,78,82],"items_purged":[],"gold":300,"score":256,"play_id":"f64c921e-6857-426f-8476-4a29bb880ff8","local_time":"20180303112513","is_prod":false,"is_daily":false,"is_ascension_mode":true,"campfire_upgraded":3,"timestamp":1520069113,"path_taken":["M","?","?","?","?","R","M","R","T","?","?","R","E","$","R","BOSS","M","$","?","$","?","E","R","E"],"build_version":"2018-03-01-PROD1","purchased_purges":0,"victory":false,"master_deck":["Bash+1","Warcry+1","Exhume+1","Pummel","Sever Soul+1","Disarm","Reaper","Inflame","Warcry","True Grit","Dual Wield","Reckless Charge","Power Through","Inflame","Carnage","Corruption","Havoc"],"max_hp_per_floor":[80,80,80,80,80,80,80,80,80,80,80,80,80,80,80,80,80,80,80,80,80,80,82,82],"relics":["Burning Blood","Omamori","Happy Flower","Singing Bowl","Pandora\u0027s Box","Red Skull","Ancient Tea Set"],"card_choices":[{"not_picked":["Entrench","Clothesline"],"picked":"Warcry"},{"not_picked":["Intimidate","Perfected Strike"],"picked":"Pummel"},{"not_picked":["Armaments","Clash"],"picked":"Sever Soul"},{"not_picked":["Whirlwind","Rage"],"picked":"Disarm"},{"not_picked":["Demon Form","Immolate"],"picked":"Reaper"},{"not_picked":["Pommel Strike","Cleave"],"picked":"Corruption"}],"player_experience":228221,"potions_floor_usage":[11,11,13,23,23],"damage_taken":[{"damage":3,"enemies":"2 Louse","floor":1,"turns":3},{"damage":1,"enemies":"Cultist","floor":7,"turns":3},{"damage":0,"enemies":"Small Slimes","floor":11,"turns":1},{"damage":35,"enemies":"Lagavulin","floor":13,"turns":4},{"damage":62,"enemies":"Hexaghost","floor":16,"turns":9},{"damage":33,"enemies":"Spheric Guardian","floor":18,"turns":4},{"damage":10,"enemies":"Gremlin Leader","floor":23,"turns":5},{"damage":87,"enemies":"Slavers","floor":25,"turns":4}],"event_choices":[{"event_name":"Transmorgrifier","player_choice":"Transform","floor":2,"damage_taken":0},{"event_name":"Shining Light","player_choice":"Entered Light","floor":3,"damage_taken":0},{"event_name":"The Lab","player_choice":"Got Potions","floor":4,"damage_taken":0},{"event_name":"The Woman in Blue","player_choice":"Bought 0 Potions","floor":5,"damage_taken":0},{"event_name":"Forgotten Altar","player_choice":"Smashed Altar","floor":22,"damage_taken":0}],"boss_relics":[{"not_picked":["Cursed Key","Runic Cube"],"picked":"Pandora\u0027s Box"}],"potions_floor_spawned":[1,7,13,18],"seed_played":"3302951266612811531","killed_by":"Slavers","ascension_level":4,"is_trial":false}