{"gold_per_floor":[369,369,369,387,42,42,74,74,74,103,138,158,158,158,158,230,230,241,61,75,75,90,90,90,100,100,114,114,124,135,135,135,212,212,223,242,242,261,74,100,125,162,174,197,209,235,247,149,161,173,185,197,209,0,32,32],"floor_reached":57,"playtime":4199,"items_purged":["Decay"],"score":2669,"play_id":"bbe00121-cef1-49c9-933f-3dc8a12f166b","local_time":"20190404130322","is_ascension_mode":true,"campfire_choices":[{"data":"Bash","floor":6.0,"key":"SMITH"},{"data":"Body Slam","floor":8.0,"key":"SMITH"},{"data":"Armaments","floor":13.0,"key":"SMITH"},{"floor":15.0,"key":"DIG"},{"data":"Barricade","floor":23.0,"key":"SMITH"},{"floor":28.0,"key":"DIG"},{"floor":32.0,"key":"DIG"},{"floor":45,"key":"RECALL"},{"floor":47,"key":"DIG"},{"floor":49,"key":"DIG"},{"data":"Evolve","floor":53,"key":"SMITH"}],"neow_cost":"CURSE","seed_source_timestamp":0,"circlet_count":0,"master_deck":["AscendersBane","Defend_R","Defend_R","Defend_R","Defend_R","Bash+1","True Grit","Body Slam+1","Twin Strike","Evolve+1","Armaments+1","Barricade+1","Entrench","Finesse+1","Bite","Bite","Bite","Bite","Armaments+1","Rampage","Intimidate+1","Shrug It Off+1","Headbutt","Burning Pact+1"],"special_seed":0,"relics":["Burning Blood","Bag of Marbles","Vajra","Sundial","Shovel","Odd Mushroom","Boot","Self Forming Clay","Busted Crown","Toxic Egg 2","Ornamental Fan","Pocketwatch","Cursed Key","MawBank","Regal Pillow","Turnip","Happy Flower","StoneCalendar"],"potions_floor_usage":[51,55,56],"damage_taken":[{"damage":7.0,"enemies":"Small Slimes","floor":1.0,"turns":4.0},{"damage":3.0,"enemies":"2 Louse","floor":4.0,"turns":4.0},{"damage":28.0,"enemies":"3 Sentries","floor":7.0,"turns":7.0},{"damage":16.0,"enemies":"The Mushroom Lair","floor":10.0,"turns":4.0},{"damage":32.0,"enemies":"Lagavulin","floor":11.0,"turns":8.0},{"damage":0.0,"enemies":"Cultist","floor":12.0,"turns":2.0},{"damage":16.0,"enemies":"Hexaghost","floor":16.0,"turns":7.0},{"damage":35.0,"enemies":"Shell Parasite","floor":18.0,"turns":5.0},{"damage":24.0,"enemies":"Spheric Guardian","floor":20.0,"turns":13.0},{"damage":12.0,"enemies":"Snecko","floor":22.0,"turns":8.0},{"damage":20.0,"enemies":"Snake Plant","floor":25.0,"turns":6.0},{"damage":27.0,"enemies":"Cultist and Chosen","floor":27.0,"turns":13.0},{"damage":28.0,"enemies":"Shelled Parasite and Fungi","floor":29.0,"turns":14.0},{"damage":26.0,"enemies":"Sentry and Sphere","floor":30.0,"turns":9.0},{"damage":17.0,"enemies":"Champ","floor":33.0,"turns":11.0},{"damage":0.0,"enemies":"3 Shapes","floor":35.0,"turns":8.0},{"damage":9.0,"enemies":"3 Darklings","floor":36.0,"turns":15.0},{"damage":53.0,"enemies":"Sphere and 2 Shapes","floor":38.0,"turns":13.0},{"damage":44.0,"enemies":"Reptomancer","floor":40.0,"turns":12.0},{"damage":13.0,"enemies":"Transient","floor":41.0,"turns":6.0},{"damage":0.0,"enemies":"Giant Head","floor":42.0,"turns":8.0},{"damage":15,"enemies":"Writhing Mass","floor":44,"turns":9},{"damage":17,"enemies":"4 Shapes","floor":46,"turns":6},{"damage":34,"enemies":"Time Eater","floor":50,"turns":15},{"damage":49,"enemies":"Awakened One","floor":51,"turns":18},{"damage":57,"enemies":"Shield and Spear","floor":55,"turns":14},{"damage":53,"enemies":"The Heart","floor":56,"turns":14}],"seed_played":"-4928057402642442057","potions_obtained":[{"floor":1.0,"key":"AttackPotion"},{"floor":7.0,"key":"Regen Potion"},{"floor":10.0,"key":"GamblersBrew"},{"floor":12.0,"key":"EntropicBrew"},{"floor":18.0,"key":"Fruit Juice"},{"floor":22.0,"key":"Poison Potion"},{"floor":30.0,"key":"Fruit Juice"},{"floor":33.0,"key":"SteroidPotion"},{"floor":35.0,"key":"Weak Potion"},{"floor":40.0,"key":"Regen Potion"},{"floor":41.0,"key":"Fire Potion"},{"floor":46,"key":"FearPotion"}],"is_trial":false,"path_per_floor":["M","?","$","M","$","R","E","R","T","?","E","M","R","?","R","B",null,"M","$","M","?","M","R","?","M","T","M","R","M","M","T","R","B",null,"M","M","$","M","$","E","M","E","T","M","R","M","R","?","R","B","B",null,"R","$","E","B",null],"character_chosen":"IRONCLAD","items_purchased":["Bag of Marbles","Vajra","Entrench","Finesse","Shrug It Off+1","PowerPotion","Burning Pact+1","Dexterity Potion","GamblersBrew"],"campfire_rested":0,"item_purchase_floors":[5,5,19,19,39,39,54,54,54],"current_hp_per_floor":[67,67,67,70,70,70,48,48,48,50,24,30,30,23,23,13,60,36,36,18,18,25,25,25,24,24,46,46,56,56,56,56,61,61,61,61,61,61,61,61,61,61,61,61,61,61,61,61,61,61,61,61,61,61,61,47],"gold":32,"neow_bonus":"TWO_FIFTY_GOLD","is_prod":false,"is_daily":false,"chose_seed":true,"campfire_upgraded":5,"win_rate":0,"timestamp":1554350602,"path_taken":["M","?","$","M","$","R","E","R","T","?","E","M","R","?","R","BOSS","M","$","M","?","M","R","?","M","T","?","R","?","M","?","R","BOSS","M","M","$","M","$","E","M","E","T","?","R","?","R","?","R","BOSS","BOSS","R","$","E","BOSS"],"build_version":"2019-01-23","purchased_purges":1,"victory":true,"max_hp_per_floor":[75,75,75,75,75,75,75,75,75,75,75,75,75,75,75,75,75,80,80,80,56,56,56,56,56,56,56,56,56,61,61,61,61,61,61,61,61,61,61,61,61,61,61,61,61,61,61,61,61,61,61,61,61,61,61,61],"card_choices":[{"not_picked":["Perfected Strike","Headbutt","Thunderclap"],"picked":"SKIP","floor":1.0},{"not_picked":["Intimidate","Headbutt"],"picked":"True Grit","floor":4.0},{"not_picked":["Wild Strike","Pummel"],"picked":"Body Slam","floor":7.0},{"not_picked":["Cleave","Wild Strike"],"picked":"Twin Strike","floor":10.0},{"not_picked":["Dark Embrace","Anger"],"picked":"Evolve","floor":11.0},{"not_picked":["Perfected Strike","Havoc"],"picked":"Armaments","floor":12.0},{"not_picked":["Double Tap","Bludgeon"],"picked":"Barricade","floor":16.0},{"not_picked":["Flex"],"picked":"SKIP","floor":18.0},{"not_picked":["Pummel"],"picked":"SKIP","floor":20.0},{"not_picked":["Perfected Strike+1"],"picked":"SKIP","floor":22.0},{"not_picked":["Iron Wave"],"picked":"SKIP","floor":25.0},{"not_picked":[],"picked":"Armaments+1","floor":27.0},{"not_picked":[],"picked":"Rampage","floor":29.0},{"not_picked":["Flex+1"],"picked":"SKIP","floor":30.0},{"not_picked":["Intimidate+1"],"picked":"SKIP","floor":35.0},{"not_picked":[],"picked":"Intimidate+1","floor":35.0},{"not_picked":["Sword Boomerang"],"picked":"SKIP","floor":36.0},{"not_picked":["Sword Boomerang+1"],"picked":"SKIP","floor":38.0},{"not_picked":[],"picked":"Headbutt","floor":40.0},{"not_picked":["Perfected Strike"],"picked":"SKIP","floor":41.0},{"not_picked":["Clash"],"picked":"SKIP","floor":42.0},{"not_picked":["Rupture"],"picked":"SKIP","floor":44},{"not_picked":["Flex+1"],"picked":"SKIP","floor":46},{"not_picked":["Warcry+1"],"picked":"SKIP","floor":55}],"player_experience":2854187,"relics_obtained":[{"floor":7.0,"key":"Sundial"},{"floor":9.0,"key":"Shovel"},{"floor":10.0,"key":"Odd Mushroom"},{"floor":11.0,"key":"Boot"},{"floor":15.0,"key":"Self Forming Clay"},{"floor":26.0,"key":"Toxic Egg 2"},{"floor":28.0,"key":"Ornamental Fan"},{"floor":32.0,"key":"Pocketwatch"},{"floor":40.0,"key":"MawBank"},{"floor":42.0,"key":"Regal Pillow"},{"floor":47,"key":"Turnip"},{"floor":49,"key":"Happy Flower"},{"floor":55,"key":"StoneCalendar"}],"event_choices":[{"cards_removed":["Normality"],"damage_healed":0.0,"max_hp_gain":0.0,"max_hp_loss":0.0,"gold_gain":0.0,"event_name":"Living Wall","player_choice":"Forget","floor":2.0,"gold_loss":0.0,"damage_taken":0.0},{"damage_healed":0.0,"max_hp_gain":0.0,"max_hp_loss":0.0,"gold_gain":0.0,"event_name":"Mushrooms","player_choice":"Fought Mushrooms","floor":10.0,"gold_loss":0.0,"damage_taken":0.0},{"cards_removed":["Strike_R"],"damage_healed":0.0,"max_hp_gain":0.0,"max_hp_loss":0.0,"gold_gain":0.0,"event_name":"Golden Wing","player_choice":"Card Removal","floor":14.0,"gold_loss":0.0,"damage_taken":7.0},{"damage_healed":0.0,"max_hp_gain":0.0,"max_hp_loss":24.0,"gold_gain":0.0,"event_name":"Vampires","player_choice":"Became a vampire","floor":21.0,"gold_loss":0.0,"damage_taken":0.0,"cards_obtained":["Bite","Bite","Bite","Bite","Bite"]},{"damage_healed":0.0,"max_hp_gain":0.0,"max_hp_loss":0.0,"gold_gain":0.0,"event_name":"Wheel of Change","player_choice":"Cursed","floor":24.0,"gold_loss":0.0,"damage_taken":0.0,"cards_obtained":["Decay"]},{"cards_removed":["Bite"],"damage_healed":0,"gold_gain":0,"player_choice":"Upgrade and Remove","damage_taken":0,"max_hp_gain":0,"max_hp_loss":0,"event_name":"Designer","floor":48,"gold_loss":110,"cards_upgraded":["Finesse"]}],"is_beta":false,"boss_relics":[{"not_picked":["Empty Cage","Coffee Dripper"],"picked":"Busted Crown"},{"not_picked":["Philosopher\u0027s Stone","Mark of Pain"],"picked":"Cursed Key"}],"items_purged_floors":[39],"is_endless":false,"potions_floor_spawned":[1,7,10,12,18,22,30,33,35,40,41,46],"ascension_level":20}