{"gold_per_floor":[119,119,138,138,213,63,91,266,266,266,48,63,63,63,63,159,159,172,187,187,28,46,46],"floor_reached":23,"playtime":619,"items_purged":["Doubt"],"score":333,"play_id":"772bc4db-386c-4959-bf34-306ee498bf10","local_time":"20190427184805","is_ascension_mode":true,"campfire_choices":[{"floor":10,"key":"REST"},{"data":"Conserve Battery","floor":13,"key":"SMITH"},{"data":"Cold Snap","floor":15,"key":"SMITH"}],"neow_cost":"NONE","seed_source_timestamp":263864503490499,"circlet_count":0,"master_deck":["Strike_B","Strike_B","Strike_B","Strike_B","Defend_B","Defend_B","Defend_B","Defend_B","Zap+1","Dualcast+1","Conserve Battery+1","Cold Snap+1","Seek","Defragment","Chill"],"relics":["Cracked Core","DataDisk","Pear","Juzu Bracelet","Inserter"],"potions_floor_usage":[7,7,16,16,16,23],"damage_taken":[{"damage":3,"enemies":"2 Louse","floor":1,"turns":2},{"damage":1,"enemies":"Cultist","floor":3,"turns":3},{"damage":26,"enemies":"Lagavulin","floor":7,"turns":6},{"damage":0,"enemies":"Jaw Worm","floor":12,"turns":3},{"damage":0,"enemies":"The Guardian","floor":16,"turns":8},{"damage":11,"enemies":"Spheric Guardian","floor":18,"turns":6},{"damage":0,"enemies":"Chosen","floor":19,"turns":5},{"damage":10,"enemies":"Snecko","floor":22,"turns":7},{"damage":69,"enemies":"Slavers","floor":23,"turns":7}],"seed_played":"-2799546407063169964","potions_obtained":[{"floor":1,"key":"AttackPotion"},{"floor":3,"key":"GamblersBrew"},{"floor":12,"key":"FocusPotion"},{"floor":14,"key":"Ancient Potion"},{"floor":14,"key":"PowerPotion"},{"floor":14,"key":"Strength Potion"},{"floor":22,"key":"Dexterity Potion"}],"is_trial":false,"path_per_floor":["M","?","M","?","?","$","E","?","T","R","$","M","R","?","R","B",null,"M","M","?","$","M","E"],"character_chosen":"DEFECT","items_purchased":["DataDisk","Juzu Bracelet","Defragment","Chill"],"campfire_rested":1,"item_purchase_floors":[6,11,21,21],"current_hp_per_floor":[72,72,71,71,60,60,44,44,44,71,71,71,71,71,71,71,87,76,76,76,76,66,0],"gold":46,"neow_bonus":"TEN_PERCENT_HP_BONUS","is_prod":false,"is_daily":false,"chose_seed":false,"campfire_upgraded":2,"win_rate":0,"timestamp":1556405285,"path_taken":["M","?","?","?","?","$","E","?","T","R","?","M","R","?","R","BOSS","M","M","?","$","M","E"],"build_version":"2019-01-23","purchased_purges":1,"victory":false,"max_hp_per_floor":[82,82,82,82,82,82,92,92,92,92,92,92,92,92,92,92,92,92,92,92,92,92,92],"card_choices":[{"not_picked":["Rip and Tear","Steam","Streamline"],"picked":"SKIP","floor":1},{"not_picked":["Streamline","Gash"],"picked":"Conserve Battery","floor":3},{"not_picked":["Hologram","Coolheaded"],"picked":"Cold Snap","floor":7},{"not_picked":["Ball Lightning","Streamline","Reprogram"],"picked":"SKIP","floor":12},{"not_picked":["Biased Cognition","Hyperbeam"],"picked":"Seek","floor":16},{"not_picked":["Go for the Eyes","Conserve Battery","Ball Lightning"],"picked":"SKIP","floor":18},{"not_picked":["Beam Cell","Stack","Skim"],"picked":"SKIP","floor":19},{"not_picked":["Turbo","Streamline","Beam Cell"],"picked":"SKIP","floor":22}],"player_experience":206685,"relics_obtained":[{"floor":7,"key":"Pear"}],"event_choices":[{"damage_healed":0,"gold_gain":0,"player_choice":"Upgraded","damage_taken":0,"max_hp_gain":0,"max_hp_loss":0,"event_name":"Upgrade Shrine","floor":2,"gold_loss":0,"cards_upgraded":["Zap"]},{"damage_healed":0,"gold_gain":0,"player_choice":"Grow","damage_taken":0,"max_hp_gain":0,"max_hp_loss":0,"event_name":"Living Wall","floor":4,"gold_loss":0,"cards_upgraded":["Dualcast"]},{"damage_healed":0,"gold_gain":75,"player_choice":"Gather Gold","damage_taken":11,"max_hp_gain":0,"max_hp_loss":0,"event_name":"World of Goop","floor":5,"gold_loss":0},{"damage_healed":0,"gold_gain":175,"player_choice":"AGREE","damage_taken":0,"max_hp_gain":0,"max_hp_loss":0,"event_name":"Liars Game","floor":8,"gold_loss":0,"cards_obtained":["Doubt"]},{"damage_healed":0,"gold_gain":0,"player_choice":"Got Potions","damage_taken":0,"max_hp_gain":0,"max_hp_loss":0,"event_name":"Lab","floor":14,"gold_loss":0},{"damage_healed":0,"gold_gain":0,"player_choice":"Ignored","damage_taken":0,"max_hp_gain":0,"max_hp_loss":0,"event_name":"Cursed Tome","floor":20,"gold_loss":0}],"is_beta":false,"boss_relics":[{"not_picked":["Nuclear Battery","Runic Pyramid"],"picked":"Inserter"}],"items_purged_floors":[11],"is_endless":false,"potions_floor_spawned":[1,3,12,22],"killed_by":"Slavers","ascension_level":6}