{"gold_per_floor":[113,73,73,88,88,88,124,124,124,139,180,180,201,51,51,144,144,164,189,189,213,213,248,248,248,248,298,379,379],"floor_reached":29,"playtime":691,"items_purged":["Strike_B"],"score":499,"play_id":"59491cd4-d31e-4bc3-9da6-330a8333983b","local_time":"20190211174443","is_ascension_mode":true,"campfire_choices":[{"data":"Consume","floor":6,"key":"SMITH"},{"data":"Zap","floor":8,"key":"SMITH"},{"data":"Sunder","floor":12,"key":"SMITH"},{"data":"Dualcast","floor":15,"key":"SMITH"},{"floor":24,"key":"DIG"}],"neow_cost":"NONE","seed_source_timestamp":516566245992000,"circlet_count":0,"master_deck":["AscendersBane","Defend_B","Defend_B","Defend_B","Defend_B","Zap+1","Dualcast+1","Ball Lightning","FTL","Heatsinks","Consume+1","Sunder+1","Melter","Self Repair","Sunder","Heatsinks","Chill","Bite","Bite","Bite","Bite","Bite"],"relics":["Cracked Core","NeowsBlessing","Bloody Idol","Odd Mushroom","Blue Candle","Letter Opener","Snecko Eye","Ancient Tea Set","Shovel","Centennial Puzzle","The Courier","Sundial"],"potions_floor_usage":[23,23],"damage_taken":[{"damage":0,"enemies":"Jaw Worm","floor":1,"turns":1},{"damage":0,"enemies":"Small Slimes","floor":4,"turns":1},{"damage":0,"enemies":"The Mushroom Lair","floor":7,"turns":1},{"damage":6,"enemies":"Cultist","floor":10,"turns":3},{"damage":28,"enemies":"Gremlin Nob","floor":11,"turns":4},{"damage":0,"enemies":"2 Fungi Beasts","floor":13,"turns":2},{"damage":9,"enemies":"Slime Boss","floor":16,"turns":8},{"damage":12,"enemies":"Chosen","floor":18,"turns":3},{"damage":21,"enemies":"Shell Parasite","floor":21,"turns":2},{"damage":35,"enemies":"Slavers","floor":23,"turns":5},{"damage":50,"enemies":"Gremlin Leader","floor":29,"turns":5}],"seed_played":"-8669263939539910088","potions_obtained":[{"floor":4,"key":"SkillPotion"},{"floor":7,"key":"Dexterity Potion"},{"floor":18,"key":"Regen Potion"}],"is_trial":false,"path_per_floor":["M","$","?","M","?","R","?","R","T","M","E","R","M","$","R","B",null,"M","T","?","M","?","E","R","?","T","?","T","E"],"character_chosen":"DEFECT","items_purchased":["FTL","Self Repair"],"campfire_rested":0,"item_purchase_floors":[2,14],"current_hp_per_floor":[64,64,64,64,64,64,64,64,64,58,30,30,30,30,30,28,55,43,43,43,29,29,23,23,23,23,28,33,0],"gold":379,"neow_bonus":"THREE_ENEMY_KILL","is_prod":false,"is_daily":false,"chose_seed":false,"campfire_upgraded":4,"win_rate":0,"timestamp":1549874683,"path_taken":["M","$","?","M","?","R","?","R","T","M","E","R","M","?","R","BOSS","M","?","?","M","?","E","R","?","T","?","?","E"],"build_version":"2019-01-23","purchased_purges":1,"victory":false,"max_hp_per_floor":[71,71,71,71,64,64,64,64,64,64,64,64,64,64,64,64,64,64,64,64,64,44,44,44,44,44,44,44,44],"card_choices":[{"not_picked":["Turbo","Melter"],"picked":"Ball Lightning","floor":1},{"not_picked":["FTL","Go for the Eyes"],"picked":"Consume","floor":4},{"not_picked":["Defragment","Gash"],"picked":"Sunder","floor":10},{"not_picked":["Ball Lightning","Melter","Stack"],"picked":"SKIP","floor":11},{"not_picked":["Heatsinks","Gash"],"picked":"Melter","floor":13},{"not_picked":["Ball Lightning","Beam Cell"],"picked":"Sunder","floor":18},{"not_picked":["Sweeping Beam","FTL","Go for the Eyes"],"picked":"SKIP","floor":21},{"not_picked":["Fusion+1","Scrape","Chill"],"picked":"SKIP","floor":23}],"player_experience":1517072,"relics_obtained":[{"floor":7,"key":"Odd Mushroom"},{"floor":9,"key":"Blue Candle"},{"floor":11,"key":"Letter Opener"},{"floor":19,"key":"Ancient Tea Set"},{"floor":23,"key":"Shovel"},{"floor":24,"key":"Centennial Puzzle"},{"floor":26,"key":"The Courier"},{"floor":28,"key":"Sundial"}],"event_choices":[{"damage_healed":0,"gold_gain":0,"cards_transformed":["Strike_B"],"player_choice":"Change","damage_taken":0,"max_hp_gain":0,"max_hp_loss":0,"event_name":"Living Wall","floor":3,"gold_loss":0,"cards_obtained":["Heatsinks"]},{"damage_healed":0,"gold_gain":0,"player_choice":"Lose Max HP","damage_taken":0,"relics_obtained":["Golden Idol"],"max_hp_gain":0,"max_hp_loss":7,"event_name":"Golden Idol","floor":5,"gold_loss":0},{"damage_healed":0,"gold_gain":0,"player_choice":"Fought Mushrooms","damage_taken":0,"max_hp_gain":0,"max_hp_loss":0,"event_name":"Mushrooms","floor":7,"gold_loss":0},{"damage_healed":0,"gold_gain":0,"cards_transformed":["Strike_B","Strike_B"],"player_choice":"Became Test Subject","damage_taken":0,"max_hp_gain":0,"max_hp_loss":0,"event_name":"Drug Dealer","floor":20,"gold_loss":0,"cards_obtained":["Heatsinks","Chill"]},{"damage_healed":0,"gold_gain":0,"player_choice":"Became a vampire","damage_taken":0,"max_hp_gain":0,"max_hp_loss":20,"event_name":"Vampires","floor":22,"gold_loss":0,"cards_obtained":["Bite","Bite","Bite","Bite","Bite"]},{"damage_healed":0,"gold_gain":0,"player_choice":"Gave Idol","damage_taken":0,"relics_obtained":["Bloody Idol"],"max_hp_gain":0,"max_hp_loss":0,"event_name":"Forgotten Altar","floor":25,"relics_lost":["Golden Idol"],"gold_loss":0},{"damage_healed":0,"gold_gain":50,"player_choice":"Stole From Cult","damage_taken":0,"max_hp_gain":0,"max_hp_loss":0,"event_name":"Nest","floor":27,"gold_loss":0}],"is_beta":false,"boss_relics":[{"not_picked":["Inserter","Ectoplasm"],"picked":"Snecko Eye"}],"items_purged_floors":[14],"is_endless":false,"potions_floor_spawned":[4,7,13,18],"killed_by":"Gremlin Leader","ascension_level":20}