{"gold_per_floor":[113,188,188,23,35,35,61,61,61,61,99,99,132,132,132,221,221,241,254,254],"floor_reached":20,"playtime":469,"items_purged":[],"score":426,"play_id":"57da2c87-7308-4aad-a8b3-a805c8a60d69","local_time":"20190327195942","is_ascension_mode":true,"campfire_choices":[{"data":"Zap","floor":6,"key":"SMITH"},{"floor":12,"key":"REST"},{"floor":15,"key":"REST"}],"neow_cost":"NONE","seed_source_timestamp":62990528851200,"circlet_count":0,"master_deck":["AscendersBane","Strike_B+1","Strike_B","Strike_B","Strike_B","Defend_B","Defend_B","Defend_B","Defend_B","Zap+1","Dualcast","Regret","Cold Snap+1","Streamline","Ball Lightning","Echo Form","Cold Snap","White Noise"],"relics":["Cracked Core","NeowsBlessing","Anchor","PreservedInsect","Cables","Blue Candle","Golden Idol","Matryoshka","Whetstone","Blood Vial","Runic Dome"],"potions_floor_usage":[11,16,20,20],"damage_taken":[{"damage":0,"enemies":"2 Louse","floor":1,"turns":1},{"damage":0,"enemies":"Jaw Worm","floor":5,"turns":1},{"damage":0,"enemies":"Gremlin Nob","floor":7,"turns":1},{"damage":22,"enemies":"Lagavulin","floor":11,"turns":5},{"damage":6,"enemies":"Gremlin Nob","floor":13,"turns":3},{"damage":18,"enemies":"Slime Boss","floor":16,"turns":8},{"damage":18,"enemies":"3 Byrds","floor":18,"turns":4},{"damage":10,"enemies":"Spheric Guardian","floor":19,"turns":4},{"damage":37,"enemies":"Masked Bandits","floor":20,"turns":3}],"seed_played":"9107610372138750304","potions_obtained":[{"floor":1,"key":"Regen Potion"},{"floor":5,"key":"SteroidPotion"},{"floor":16,"key":"GamblersBrew"},{"floor":19,"key":"Weak Potion"}],"is_trial":false,"path_per_floor":["M","?","?","$","M","R","E","?","T","?","E","R","E","?","R","B",null,"M","M","?"],"character_chosen":"DEFECT","items_purchased":["PreservedInsect"],"campfire_rested":2,"item_purchase_floors":[4],"current_hp_per_floor":[64,53,53,53,53,53,53,53,53,29,21,42,36,10,31,15,57,41,33,0],"gold":254,"neow_bonus":"THREE_ENEMY_KILL","is_prod":false,"is_daily":false,"chose_seed":false,"campfire_upgraded":1,"win_rate":0,"timestamp":1553684382,"path_taken":["M","?","?","$","?","R","E","?","T","?","E","R","E","?","R","BOSS","M","M","?"],"build_version":"2019-01-23","purchased_purges":0,"victory":false,"max_hp_per_floor":[71,71,71,71,71,71,71,71,71,71,71,71,71,71,71,71,71,71,71,71],"card_choices":[{"not_picked":["Rebound","Force Field","Compile Driver"],"picked":"SKIP","floor":1},{"not_picked":["Hologram","Leap"],"picked":"Cold Snap","floor":5},{"not_picked":["Steam","Heatsinks","Stack"],"picked":"SKIP","floor":7},{"not_picked":["Redo","Fission"],"picked":"Streamline","floor":11},{"not_picked":["Rebound","Sweeping Beam"],"picked":"Ball Lightning","floor":13},{"not_picked":["Creative AI","Thunder Strike"],"picked":"Echo Form","floor":16},{"not_picked":["Reprogram","Chaos"],"picked":"Cold Snap","floor":18},{"not_picked":["Double Energy","Auto Shields"],"picked":"White Noise","floor":19}],"player_experience":2643851,"relics_obtained":[{"floor":7,"key":"Cables"},{"floor":9,"key":"Blue Candle"},{"floor":11,"key":"Matryoshka"},{"floor":13,"key":"Whetstone"}],"event_choices":[{"damage_healed":0,"gold_gain":75,"player_choice":"Gather Gold","damage_taken":11,"max_hp_gain":0,"max_hp_loss":0,"event_name":"World of Goop","floor":2,"gold_loss":0},{"damage_healed":0,"gold_gain":0,"player_choice":"Box","damage_taken":0,"relics_obtained":["Anchor"],"max_hp_gain":0,"max_hp_loss":0,"event_name":"Big Fish","floor":3,"gold_loss":0,"cards_obtained":["Regret"]},{"damage_healed":0,"gold_gain":0,"player_choice":"Ignored","damage_taken":0,"max_hp_gain":0,"max_hp_loss":0,"event_name":"Liars Game","floor":8,"gold_loss":0},{"damage_healed":0,"gold_gain":0,"player_choice":"Take Damage","damage_taken":24,"relics_obtained":["Golden Idol"],"max_hp_gain":0,"max_hp_loss":0,"event_name":"Golden Idol","floor":10,"gold_loss":0},{"damage_healed":0,"gold_gain":0,"player_choice":"Success","damage_taken":26,"relics_obtained":["Blood Vial"],"max_hp_gain":0,"max_hp_loss":0,"event_name":"Scrap Ooze","floor":14,"gold_loss":0},{"damage_healed":0,"gold_gain":0,"player_choice":"Fought Bandits","damage_taken":0,"max_hp_gain":0,"max_hp_loss":0,"event_name":"Masked Bandits","floor":20,"gold_loss":0}],"is_beta":false,"boss_relics":[{"not_picked":["Inserter","Ectoplasm"],"picked":"Runic Dome"}],"items_purged_floors":[],"is_endless":false,"potions_floor_spawned":[1,5,16,19],"killed_by":"Masked Bandits","ascension_level":20}