{"gold_per_floor":[119,119,134,151,163,192,192,217,217,217,4,14,14,89,89,161,161,174,374,25,35,35,35,360,360,438,438,450,461,477,477],"floor_reached":31,"playtime":1723,"items_purged":[],"score":502,"play_id":"7871df60-cd11-4380-9a8a-79cbf2e3a35f","local_time":"20181201105327","is_ascension_mode":true,"campfire_choices":[{"floor":7,"key":"REST"},{"floor":10,"key":"REST"},{"floor":13,"key":"REST"},{"floor":15,"key":"REST"},{"floor":23,"key":"RECALL"},{"floor":25,"key":"REST"}],"neow_cost":"NONE","seed_source_timestamp":597624817487827,"circlet_count":0,"master_deck":["AscendersBane","Strike_B","Strike_B","Strike_B","Strike_B","Defend_B","Defend_B","Defend_B","Defend_B","Zap+1","Dualcast","BootSequence","Loop","Defragment","Chaos","Ball Lightning","Thunder Strike","Defragment","FTL","Fusion","Fission","Ball Lightning+1","Self Repair","Ball Lightning","Ball Lightning","Core Surge","Ball Lightning","Loop","Defragment"],"relics":["Cracked Core","Bag of Marbles","Shuriken","Fusion Hammer","DataDisk","Old Coin","Question Card","MutagenicStrength"],"potions_floor_usage":[6,12,18,18,21,24,28],"damage_taken":[{"damage":0,"enemies":"2 Louse","floor":1,"turns":2},{"damage":0,"enemies":"Jaw Worm","floor":3,"turns":3},{"damage":1,"enemies":"Cultist","floor":4,"turns":4},{"damage":0,"enemies":"Red Slaver","floor":5,"turns":5},{"damage":44,"enemies":"Gremlin Nob","floor":6,"turns":5},{"damage":25,"enemies":"3 Sentries","floor":8,"turns":6},{"damage":10,"enemies":"Large Slime","floor":12,"turns":4},{"damage":61,"enemies":"Hexaghost","floor":16,"turns":9},{"damage":6,"enemies":"Spheric Guardian","floor":18,"turns":3},{"damage":0,"enemies":"Chosen","floor":21,"turns":4},{"damage":52,"enemies":"Gremlin Leader","floor":24,"turns":6},{"damage":0,"enemies":"Centurion and Healer","floor":28,"turns":4},{"damage":36,"enemies":"Snecko","floor":29,"turns":4},{"damage":2,"enemies":"Cultist and Chosen","floor":30,"turns":3},{"damage":24,"enemies":"Centurion and Healer","floor":31,"turns":2}],"seed_played":"1953328184451430224","potions_obtained":[{"floor":1,"key":"Swift Potion"},{"floor":8,"key":"EssenceOfSteel"},{"floor":12,"key":"FearPotion"},{"floor":16,"key":"Regen Potion"},{"floor":21,"key":"FocusPotion"},{"floor":24,"key":"Swift Potion"}],"is_trial":false,"path_per_floor":["M","?","M","M","M","E","R","E","T","R","$","M","R","?","R","B",null,"M","?","$","M","$","R","E","R","T","?","M","M","M","M"],"character_chosen":"DEFECT","items_purchased":["Defragment","Explosive Potion","FTL","DataDisk","Self Repair","SkillPotion","Ball Lightning"],"campfire_rested":5,"item_purchase_floors":[11,11,11,20,20,20,20],"current_hp_per_floor":[71,71,71,70,70,26,49,24,24,47,47,37,60,49,72,11,61,64,64,64,71,71,71,26,49,49,49,49,20,18,0],"gold":477,"neow_bonus":"TEN_PERCENT_HP_BONUS","is_prod":false,"is_daily":false,"chose_seed":false,"campfire_upgraded":0,"win_rate":0,"timestamp":1543654407,"path_taken":["M","?","M","M","M","E","R","E","T","R","$","M","R","?","R","BOSS","M","?","$","?","?","R","E","R","T","?","M","M","M","M"],"build_version":"2018-11-15","purchased_purges":0,"victory":false,"max_hp_per_floor":[78,78,78,78,78,78,78,78,78,78,78,78,78,78,78,78,78,78,78,78,78,78,78,78,78,78,78,78,78,78,78],"card_choices":[{"not_picked":["Barrage","Gash"],"picked":"BootSequence","floor":1},{"not_picked":["Conserve Battery","Cold Snap"],"picked":"Loop","floor":3},{"not_picked":["Consume","Barrage"],"picked":"Defragment","floor":4},{"not_picked":["Aggregate","All For One"],"picked":"Chaos","floor":5},{"not_picked":["Steam","Go for the Eyes"],"picked":"Ball Lightning","floor":6},{"not_picked":["Gash","Redo"],"picked":"Thunder Strike","floor":8},{"not_picked":["Turbo","Sweeping Beam"],"picked":"Fusion","floor":12},{"not_picked":["Rainbow","Machine Learning"],"picked":"Fission","floor":16},{"not_picked":["Stack","Go for the Eyes"],"picked":"Ball Lightning+1","floor":18},{"not_picked":["Reprogram","Consume"],"picked":"Ball Lightning","floor":21},{"not_picked":["Streamline","Compile Driver"],"picked":"Core Surge","floor":24},{"not_picked":["Streamline","Darkness","Go for the Eyes"],"picked":"Ball Lightning","floor":28},{"not_picked":["Leap+1","Fusion","Sweeping Beam"],"picked":"Loop","floor":29},{"not_picked":["Cold Snap","Stack+1","Barrage"],"picked":"Defragment","floor":30}],"player_experience":807938,"relics_obtained":[{"floor":6,"key":"Bag of Marbles"},{"floor":8,"key":"Shuriken"},{"floor":24,"key":"Old Coin"},{"floor":26,"key":"Question Card"}],"event_choices":[{"damage_healed":0,"gold_gain":0,"player_choice":"Grow","damage_taken":0,"max_hp_gain":0,"max_hp_loss":0,"event_name":"Living Wall","floor":2,"gold_loss":0,"cards_upgraded":["Zap"]},{"damage_healed":0,"gold_gain":75,"player_choice":"Gather Gold","damage_taken":11,"max_hp_gain":0,"max_hp_loss":0,"event_name":"World of Goop","floor":14,"gold_loss":0},{"damage_healed":0,"gold_gain":200,"player_choice":"Gold","damage_taken":0,"max_hp_gain":0,"max_hp_loss":0,"event_name":"Wheel of Change","floor":19,"gold_loss":0},{"damage_healed":0,"gold_gain":0,"player_choice":"Inject Mutagens","damage_taken":0,"relics_obtained":["MutagenicStrength"],"max_hp_gain":0,"max_hp_loss":0,"event_name":"Drug Dealer","floor":27,"gold_loss":0}],"is_beta":false,"boss_relics":[{"not_picked":["Snecko Eye","Calling Bell"],"picked":"Fusion Hammer"}],"items_purged_floors":[],"is_endless":false,"potions_floor_spawned":[1,8,12,16,21,24],"killed_by":"Centurion and Healer","ascension_level":16}