{"gold_per_floor":[112,77,77,77,77,102,102,122,178,130,142,10,10,27,27,98,98,117,137,38,38,52,52,102,102,181,181,181,194,211,224,224,224],"floor_reached":33,"playtime":1495,"items_purged":[],"score":466,"play_id":"4917cf60-cf46-454d-ae16-5c7bbc0beea1","local_time":"20190326190034","is_ascension_mode":true,"campfire_choices":[{"floor":7.0,"key":"REST"},{"floor":15,"key":"REST"},{"floor":23,"key":"REST"},{"floor":25,"key":"REST"},{"floor":32,"key":"REST"}],"neow_cost":"NONE","seed_source_timestamp":1053376973334355,"circlet_count":0,"master_deck":["AscendersBane","Strike_B","Strike_B","Strike_B","Strike_B","Defend_B+1","Defend_B","Defend_B+1","Defend_B","Zap","Dualcast","Melter+1","Capacitor","Cold Snap","Compile Driver","White Noise","Loop","White Noise","Buffer","Loop","Heatsinks","Hello World","Writhe","Ball Lightning+1","Ball Lightning+1","Auto Shields"],"special_seed":0,"relics":["Cracked Core","War Paint","Letter Opener","Mummified Hand","Tiny Chest","Molten Egg 2","Lizard Tail","Mercury Hourglass","Regal Pillow","Orichalcum"],"potions_floor_usage":[18,30,31],"damage_taken":[{"damage":0.0,"enemies":"2 Louse","floor":1.0,"turns":3.0},{"damage":36.0,"enemies":"Gremlin Nob","floor":6.0,"turns":4.0},{"damage":0.0,"enemies":"Jaw Worm","floor":8.0,"turns":2.0},{"damage":0.0,"enemies":"Small Slimes","floor":11.0,"turns":2.0},{"damage":1,"enemies":"2 Fungi Beasts","floor":14,"turns":4},{"damage":46,"enemies":"Slime Boss","floor":16,"turns":11},{"damage":13,"enemies":"2 Thieves","floor":18,"turns":4},{"damage":26,"enemies":"Shell Parasite","floor":19,"turns":5},{"damage":0,"enemies":"Sentry and Sphere","floor":22,"turns":2},{"damage":21,"enemies":"Centurion and Healer","floor":29,"turns":7},{"damage":33,"enemies":"3 Cultists","floor":30,"turns":5},{"damage":27,"enemies":"Snake Plant","floor":31,"turns":3},{"damage":63,"enemies":"Collector","floor":33,"turns":6}],"seed_played":"3025689010279536679","potions_obtained":[{"floor":8.0,"key":"Fire Potion"},{"floor":16,"key":"EssenceOfSteel"},{"floor":30,"key":"Dexterity Potion"}],"is_trial":false,"path_per_floor":["M","?","?","?","?","E","R","M","T","?","M","$","T","M","R","B",null,"M","M","$","?","M","R","?","R","T","?","T","M","M","M","R","B"],"character_chosen":"DEFECT","items_purchased":["White Noise","Loop","Heatsinks","Fire Potion"],"campfire_rested":5,"item_purchase_floors":[12,12,20,20],"current_hp_per_floor":[64,71,53,53,53,17,38,38,38,38,38,38,38,37,58,12,56,43,17,17,17,17,38,38,59,59,59,59,38,5,16,52,0],"gold":224,"neow_bonus":"RANDOM_COMMON_RELIC","is_prod":false,"is_daily":false,"chose_seed":false,"campfire_upgraded":0,"win_rate":0,"timestamp":1553619634,"path_taken":["M","?","?","?","?","E","R","M","T","?","M","$","?","M","R","BOSS","M","M","$","?","M","R","?","R","T","?","?","M","M","?","R","BOSS"],"build_version":"2019-01-23","purchased_purges":0,"victory":false,"max_hp_per_floor":[71,71,71,71,71,71,71,71,71,71,71,71,71,71,71,71,71,71,71,71,71,71,71,71,71,71,71,71,71,71,71,71,71],"card_choices":[{"not_picked":["Compile Driver","Recycle"],"picked":"Melter","floor":1.0},{"not_picked":["Cold Snap","Conserve Battery"],"picked":"Capacitor","floor":6.0},{"not_picked":["Sweeping Beam","Barrage"],"picked":"Cold Snap","floor":8.0},{"not_picked":["Tempest","Reprogram"],"picked":"Compile Driver","floor":11.0},{"not_picked":["BootSequence","Leap"],"picked":"White Noise","floor":14},{"not_picked":["Fission","Seek"],"picked":"Buffer","floor":16},{"not_picked":["Steam","Redo"],"picked":"Loop","floor":18},{"not_picked":["Gash+1","Sweeping Beam+1","Double Energy"],"picked":"SKIP","floor":19},{"not_picked":["Streamline+1","Turbo"],"picked":"Hello World","floor":22},{"not_picked":["Sunder+1","Turbo"],"picked":"Ball Lightning+1","floor":29},{"not_picked":["Sweeping Beam+1","Reinforced Body"],"picked":"Ball Lightning+1","floor":30},{"not_picked":["Scrape+1","Stack"],"picked":"Auto Shields","floor":31}],"player_experience":1132303,"relics_obtained":[{"floor":6.0,"key":"Mummified Hand"},{"floor":9.0,"key":"Tiny Chest"},{"floor":13.0,"key":"Molten Egg 2"},{"floor":26,"key":"Mercury Hourglass"},{"floor":28,"key":"Orichalcum"}],"event_choices":[{"damage_healed":17.0,"max_hp_gain":0.0,"max_hp_loss":0.0,"gold_gain":0.0,"event_name":"The Cleric","player_choice":"Healed","floor":2.0,"gold_loss":35.0,"damage_taken":0.0},{"damage_healed":0.0,"max_hp_gain":0.0,"max_hp_loss":0.0,"gold_gain":0.0,"event_name":"Scrap Ooze","player_choice":"Success","floor":3.0,"gold_loss":0.0,"damage_taken":18.0,"relics_obtained":["Letter Opener"]},{"damage_healed":0.0,"max_hp_gain":0.0,"max_hp_loss":0.0,"gold_gain":0.0,"event_name":"Shining Light","player_choice":"Ignored","floor":4.0,"gold_loss":0.0,"damage_taken":0.0},{"damage_healed":0.0,"max_hp_gain":0.0,"max_hp_loss":0.0,"gold_gain":0.0,"event_name":"Living Wall","player_choice":"Grow","floor":5.0,"gold_loss":0.0,"damage_taken":0.0,"cards_upgraded":["Melter"]},{"damage_healed":0.0,"max_hp_gain":0.0,"max_hp_loss":0.0,"gold_gain":0.0,"event_name":"World of Goop","player_choice":"Left Gold","floor":10.0,"gold_loss":48.0,"damage_taken":0.0},{"damage_healed":0,"gold_gain":0,"player_choice":"Ignored","damage_taken":0,"max_hp_gain":0,"max_hp_loss":0,"event_name":"Ghosts","floor":21,"gold_loss":0},{"damage_healed":0,"gold_gain":50,"player_choice":"Stole From Cult","damage_taken":0,"max_hp_gain":0,"max_hp_loss":0,"event_name":"Nest","floor":24,"gold_loss":0},{"damage_healed":0,"gold_gain":0,"player_choice":"Opened","damage_taken":0,"relics_obtained":["Regal Pillow"],"max_hp_gain":0,"max_hp_loss":0,"event_name":"The Mausoleum","floor":27,"gold_loss":0,"cards_obtained":["Writhe"]}],"is_beta":false,"boss_relics":[{"not_picked":["Inserter","Pandora\u0027s Box"],"picked":"Lizard Tail"}],"items_purged_floors":[],"is_endless":false,"potions_floor_spawned":[8,16,30],"killed_by":"Collector","ascension_level":18}