{"gold_per_floor":[111,74,74,87,87,112,112,145,168,185,203,203,76,104,104,104],"floor_reached":16,"playtime":463,"items_purged":["Regret"],"score":286,"play_id":"fe896d37-bac7-4aae-8d69-d637271ffe2a","local_time":"20190310150018","is_ascension_mode":true,"campfire_choices":[{"data":"Sunder","floor":12,"key":"SMITH"},{"floor":15,"key":"REST"}],"neow_cost":"NONE","seed_source_timestamp":103504798890400,"circlet_count":0,"master_deck":["AscendersBane","Strike_B","Strike_B","Strike_B","Strike_B","Defend_B","Defend_B","Defend_B","Defend_B","Zap","Dualcast","Defragment","Turbo","Doom and Gloom","Gash","Conserve Battery","Sunder+1","Chill","Capacitor"],"relics":["Cracked Core","NeowsBlessing","WingedGreaves","Art of War","Bag of Marbles","Smiling Mask","Kunai","Bronze Scales","PreservedInsect"],"potions_floor_usage":[8,11,14],"damage_taken":[{"damage":0,"enemies":"Jaw Worm","floor":1,"turns":1},{"damage":0,"enemies":"Cultist","floor":4,"turns":1},{"damage":0,"enemies":"Gremlin Nob","floor":6,"turns":1},{"damage":27,"enemies":"Lagavulin","floor":8,"turns":5},{"damage":0,"enemies":"2 Louse","floor":10,"turns":1},{"damage":9,"enemies":"Exordium Wildlife","floor":11,"turns":2},{"damage":32,"enemies":"Gremlin Nob","floor":14,"turns":4},{"damage":26,"enemies":"The Guardian","floor":16,"turns":9}],"seed_played":"-1795063568899836236","potions_obtained":[{"floor":1,"key":"Regen Potion"},{"floor":8,"key":"Poison Potion"},{"floor":10,"key":"SkillPotion"}],"is_trial":false,"path_per_floor":["M","$","?","M","?","E","T","E","T","M","M","R","$","E","R","B"],"character_chosen":"DEFECT","items_purchased":["Defragment","Chill"],"campfire_rested":1,"item_purchase_floors":[2,13],"current_hp_per_floor":[64,64,64,64,64,64,64,49,49,49,40,40,40,8,29,3],"gold":104,"neow_bonus":"THREE_ENEMY_KILL","is_prod":false,"is_daily":false,"chose_seed":false,"campfire_upgraded":1,"win_rate":0,"timestamp":1552197618,"path_taken":["M","$","?","?","?","E","?","E","T","?","M","R","?","E","R","BOSS"],"build_version":"2019-01-23","purchased_purges":1,"victory":false,"max_hp_per_floor":[71,71,71,71,71,71,71,71,71,71,71,71,71,71,71,71],"card_choices":[{"not_picked":["FTL","Ball Lightning"],"picked":"Recycle","floor":1},{"not_picked":["Hello World","Conserve Battery"],"picked":"Turbo","floor":4},{"not_picked":["Redo","Meteor Strike"],"picked":"Doom and Gloom","floor":6},{"not_picked":["Auto Shields","Compile Driver"],"picked":"Gash","floor":8},{"not_picked":["Compile Driver","Conserve Battery","Go for the Eyes"],"picked":"SKIP","floor":10},{"not_picked":["Compile Driver","Go for the Eyes"],"picked":"Conserve Battery","floor":10},{"not_picked":["Fusion","Barrage"],"picked":"Sunder","floor":11},{"not_picked":["Coolheaded","Fission"],"picked":"Capacitor","floor":14}],"player_experience":2147237,"relics_obtained":[{"floor":6,"key":"Bag of Marbles"},{"floor":7,"key":"Smiling Mask"},{"floor":8,"key":"Kunai"},{"floor":9,"key":"Bronze Scales"},{"floor":14,"key":"PreservedInsect"}],"event_choices":[{"cards_removed":["Recycle"],"damage_healed":0,"gold_gain":0,"player_choice":"Gave Card","damage_taken":0,"relics_obtained":["WingedGreaves"],"max_hp_gain":0,"max_hp_loss":0,"event_name":"WeMeetAgain","floor":3,"gold_loss":0},{"damage_healed":0,"gold_gain":0,"player_choice":"Box","damage_taken":0,"relics_obtained":["Art of War"],"max_hp_gain":0,"max_hp_loss":0,"event_name":"Big Fish","floor":5,"gold_loss":0,"cards_obtained":["Regret"]}],"is_beta":false,"boss_relics":[],"items_purged_floors":[13],"is_endless":false,"potions_floor_spawned":[1,8,10],"killed_by":"The Guardian","ascension_level":20}