{"gold_per_floor":[119,119,131,28,42,42,60,60,60,73,73,105,15,43,43,43],"floor_reached":16,"playtime":434,"items_purged":[],"score":220,"play_id":"55e46e0d-fc22-49fa-8608-51a075760f40","local_time":"20190421194957","is_ascension_mode":true,"campfire_choices":[{"data":"Armaments","floor":6,"key":"SMITH"},{"data":"Uppercut","floor":8,"key":"SMITH"},{"data":"Bash","floor":11,"key":"SMITH"},{"data":"Inflame","floor":15,"key":"SMITH"}],"neow_cost":"NONE","seed_source_timestamp":489187075152300,"circlet_count":0,"master_deck":["AscendersBane","Strike_R","Strike_R","Strike_R","Strike_R","Strike_R","Defend_R","Defend_R","Defend_R","Defend_R","Bash+1","Shrug It Off","Uppercut+1","Inflame+1","Armaments+1","Second Wind","Pommel Strike","Blood for Blood"],"relics":["Black Star","Orichalcum","Potion Belt","Bottled Tornado","Anchor","Pear","Frozen Egg 2"],"potions_floor_usage":[12],"damage_taken":[{"damage":4,"enemies":"2 Louse","floor":1,"turns":4},{"damage":4,"enemies":"Cultist","floor":3,"turns":4},{"damage":4,"enemies":"Jaw Worm","floor":5,"turns":3},{"damage":2,"enemies":"2 Fungi Beasts","floor":7,"turns":5},{"damage":17,"enemies":"Exordium Wildlife","floor":10,"turns":4},{"damage":17,"enemies":"3 Sentries","floor":12,"turns":6},{"damage":17,"enemies":"Lagavulin","floor":14,"turns":8},{"damage":6,"enemies":"Hexaghost","floor":16,"turns":9}],"seed_played":"6857239541138158118","potions_obtained":[{"floor":10,"key":"Fire Potion"}],"is_trial":false,"path_per_floor":["M","?","M","$","M","R","M","R","T","M","R","E","?","E","R","B"],"character_chosen":"IRONCLAD","items_purchased":["Inflame","Armaments"],"campfire_rested":0,"item_purchase_floors":[4,4],"current_hp_per_floor":[64,64,60,60,56,56,54,54,54,37,37,20,20,13,13,7],"gold":43,"neow_bonus":"BOSS_RELIC","is_prod":false,"is_daily":false,"chose_seed":false,"campfire_upgraded":4,"win_rate":0,"timestamp":1555843797,"path_taken":["M","?","M","$","M","R","M","R","T","M","R","E","?","E","R","BOSS"],"build_version":"2019-01-23","purchased_purges":0,"victory":false,"max_hp_per_floor":[75,75,75,75,75,75,75,75,75,75,75,75,75,85,85,85],"card_choices":[{"not_picked":["Headbutt","Warcry"],"picked":"Shrug It Off","floor":1},{"not_picked":["Armaments","Cleave"],"picked":"Uppercut","floor":3},{"not_picked":["Metallicize","Intimidate","Clothesline"],"picked":"SKIP","floor":5},{"not_picked":["Blood for Blood","Flex"],"picked":"Second Wind","floor":7},{"not_picked":["Sever Soul","Iron Wave"],"picked":"Pommel Strike","floor":10},{"not_picked":["Warcry","Anger","Burning Pact"],"picked":"SKIP","floor":12},{"not_picked":["Carnage","Havoc"],"picked":"Blood for Blood","floor":14}],"player_experience":3283926,"relics_obtained":[{"floor":9,"key":"Orichalcum"},{"floor":12,"key":"Potion Belt"},{"floor":12,"key":"Bottled Tornado"},{"floor":14,"key":"Pear"},{"floor":14,"key":"Frozen Egg 2"}],"event_choices":[{"damage_healed":0,"gold_gain":0,"player_choice":"Leave","damage_taken":0,"max_hp_gain":0,"max_hp_loss":0,"event_name":"The Cleric","floor":2,"gold_loss":0},{"damage_healed":0,"gold_gain":0,"player_choice":"Paid Gold","damage_taken":0,"relics_obtained":["Anchor"],"max_hp_gain":0,"max_hp_loss":0,"event_name":"WeMeetAgain","floor":13,"gold_loss":90}],"is_beta":false,"boss_relics":[],"items_purged_floors":[],"is_endless":false,"potions_floor_spawned":[10],"killed_by":"Hexaghost","ascension_level":20}