{"gold_per_floor":[118,118,118,128,78,109,109,139,139,151,177,177,192,210,210,287,287,302,302,315,414,33,33,66,82,109,144,144,155,155,155,155,228,228,239,249,249,208,208,208,222,253,300,318,331,345,362,37,37,37],"floor_reached":50,"playtime":3843,"items_purged":[],"score":1093,"play_id":"f293783b-7012-4a43-a21a-0965a05c2f58","local_time":"20180915191526","is_ascension_mode":true,"campfire_choices":[{"data":"Core Surge","floor":7.0,"key":"SMITH"},{"data":"Static Discharge","floor":12.0,"key":"SMITH"},{"floor":15.0,"key":"REST"},{"data":"Storm","floor":23.0,"key":"SMITH"},{"floor":28.0,"key":"REST"},{"data":"Electrodynamics","floor":30.0,"key":"SMITH"},{"data":"Amplify","floor":32.0,"key":"SMITH"},{"data":"Madness","floor":40.0,"key":"SMITH"},{"floor":49,"key":"REST"}],"neow_cost":"NONE","seed_source_timestamp":85919662501046,"circlet_count":0,"master_deck":["Strike_B+1","Strike_B+1","Strike_B+1","Strike_B+1","Defend_B+1","Defend_B+1","Defend_B+1","Defend_B+1","Zap","Dualcast","AscendersBane","Sunder+1","Conserve Battery","Core Surge+1","Static Discharge+1","Glacier","Electrodynamics+1","Self Repair","Hello World","Amplify+1","Storm+1","BootSequence","Self Repair","Ball Lightning","Redo","Force Field","Conserve Battery","Echo Form","Barrage","Steam+1","Static Discharge+1","Hello World","Madness","Madness+1","Conserve Battery","BootSequence+1","White Noise","Chaos","Ball Lightning","Hello World","Static Discharge"],"special_seed":0,"relics":["Cracked Core","NeowsBlessing","Pear","DataDisk","Letter Opener","Matryoshka","Mercury Hourglass","Inserter","Bottled Tornado","Potion Belt","Ancient Tea Set","Bag of Preparation","Blue Candle","Eternal Feather","Torii","Gremlin Horn","Pen Nib","Strawberry","Dream Catcher"],"potions_floor_usage":[41,42,50,50,50,50,50,50,50,50],"damage_taken":[{"damage":0.0,"enemies":"Small Slimes","floor":1.0,"turns":1.0},{"damage":0.0,"enemies":"Jaw Worm","floor":4.0,"turns":1.0},{"damage":0.0,"enemies":"3 Sentries","floor":6.0,"turns":1.0},{"damage":18.0,"enemies":"Gremlin Nob","floor":8.0,"turns":4.0},{"damage":0.0,"enemies":"2 Louse","floor":10.0,"turns":2.0},{"damage":0.0,"enemies":"3 Sentries","floor":11.0,"turns":7.0},{"damage":0.0,"enemies":"Looter","floor":13.0,"turns":2.0},{"damage":10.0,"enemies":"Large Slime","floor":14.0,"turns":4.0},{"damage":0.0,"enemies":"The Guardian","floor":16.0,"turns":9.0},{"damage":4.0,"enemies":"3 Byrds","floor":18.0,"turns":3.0},{"damage":13.0,"enemies":"2 Thieves","floor":20.0,"turns":3.0},{"damage":25.0,"enemies":"Gremlin Leader","floor":24.0,"turns":5.0},{"damage":2.0,"enemies":"Chosen and Byrds","floor":25.0,"turns":3.0},{"damage":19.0,"enemies":"Slavers","floor":27.0,"turns":3.0},{"damage":0.0,"enemies":"Snecko","floor":29.0,"turns":4.0},{"damage":28.0,"enemies":"Champ","floor":33.0,"turns":9.0},{"damage":3.0,"enemies":"Orb Walker","floor":35.0,"turns":4.0},{"damage":0.0,"enemies":"3 Shapes","floor":36.0,"turns":2.0},{"damage":2.0,"enemies":"Mind Bloom Boss Battle","floor":37.0,"turns":7.0},{"damage":13,"enemies":"Maw","floor":41,"turns":6},{"damage":64,"enemies":"Giant Head","floor":42,"turns":8},{"damage":0,"enemies":"3 Darklings","floor":44,"turns":2},{"damage":1,"enemies":"Reptomancer","floor":45,"turns":3},{"damage":1,"enemies":"Sphere and 2 Shapes","floor":46,"turns":3},{"damage":42,"enemies":"Spire Growth","floor":47,"turns":4},{"damage":73,"enemies":"Time Eater","floor":50,"turns":6}],"seed_played":"2918333690900044013","potions_obtained":[{"floor":1.0,"key":"SpeedPotion"},{"floor":6.0,"key":"FocusPotion"},{"floor":8.0,"key":"Fire Potion"},{"floor":16.0,"key":"Ancient Potion"},{"floor":18.0,"key":"AttackPotion"},{"floor":27.0,"key":"AttackPotion"},{"floor":33.0,"key":"Fire Potion"},{"floor":35.0,"key":"FearPotion"},{"floor":37.0,"key":"SkillPotion"},{"floor":41,"key":"Weak Potion"},{"floor":47,"key":"AttackPotion"}],"is_trial":false,"path_per_floor":["M","?","?","M","?","E","R","E","T","M","E","R","M","M","R","B",null,"M","?","M","?","$","R","E","M","T","E","R","M","R","?","R","B",null,"M","M","?","$","?","R","M","E","T","M","M","M","M","$","R"],"character_chosen":"DEFECT","items_purchased":["Self Repair","Ball Lightning","Bottled Tornado","Hello World","Dream Catcher","Hello World","EntropicBrew"],"campfire_rested":3,"item_purchase_floors":[22,22,22,38,48,48,48],"current_hp_per_floor":[68,68,78,78,78,78,78,60,60,60,60,60,60,57,82,85,85,81,81,75,75,75,75,71,76,76,57,82,85,85,85,85,71,82,85,85,85,85,74,85,85,35,42,42,55,54,19,19,70,0],"gold":37,"neow_bonus":"THREE_ENEMY_KILL","is_prod":false,"is_daily":false,"chose_seed":false,"campfire_upgraded":6,"win_rate":0,"timestamp":1537028126,"path_taken":["M","?","?","M","?","E","R","E","T","M","E","R","M","M","R","BOSS","M","?","M","?","$","R","E","M","T","E","R","?","R","?","R","BOSS","M","M","?","$","?","R","M","E","T","?","M","?","?","?","R","BOSS"],"build_version":"2018-09-06","purchased_purges":0,"victory":false,"max_hp_per_floor":[75,75,85,85,85,85,85,85,85,85,85,85,85,85,85,85,85,85,85,85,85,85,85,85,85,85,85,85,85,85,85,85,85,85,85,85,85,85,85,85,85,85,92,92,92,92,92,92,92,92],"card_choices":[{"not_picked":["Redo","Beam Cell"],"picked":"Sunder","floor":1.0},{"not_picked":["Leap","Beam Cell"],"picked":"Conserve Battery","floor":4.0},{"not_picked":["Gash","Stack"],"picked":"Core Surge","floor":6.0},{"not_picked":["Genetic Algorithm","Steam"],"picked":"Static Discharge","floor":8.0},{"not_picked":["Coolheaded","Streamline"],"picked":"Glacier","floor":10.0},{"not_picked":["Ball Lightning","Lockon"],"picked":"Electrodynamics","floor":11.0},{"not_picked":["Melter","Blizzard"],"picked":"Self Repair","floor":13.0},{"not_picked":["Fusion","Stack"],"picked":"Hello World","floor":14.0},{"not_picked":["Rainbow","Machine Learning"],"picked":"Amplify","floor":16.0},{"not_picked":["Leap","Skim"],"picked":"Storm","floor":18.0},{"not_picked":["Darkness","Stack"],"picked":"BootSequence","floor":20.0},{"not_picked":["Hologram","Stack"],"picked":"Redo","floor":24.0},{"not_picked":["Self Repair","Hologram"],"picked":"Force Field","floor":25.0},{"not_picked":["Steam Power","Beam Cell","Reinforced Body"],"picked":"SKIP","floor":27.0},{"not_picked":["Compile Driver","Hologram"],"picked":"Conserve Battery","floor":29.0},{"not_picked":["Machine Learning","Meteor Strike"],"picked":"Echo Form","floor":33.0},{"not_picked":["Hologram","Streamline"],"picked":"Barrage","floor":35.0},{"not_picked":["Hologram","Recycle+1"],"picked":"Steam+1","floor":36.0},{"not_picked":["Ball Lightning+1","Conserve Battery"],"picked":"Static Discharge+1","floor":37.0},{"not_picked":["Coolheaded","Hologram"],"picked":"Conserve Battery","floor":41},{"not_picked":["Hologram","FTL"],"picked":"BootSequence+1","floor":42},{"not_picked":["Loop","Ball Lightning"],"picked":"White Noise","floor":44},{"not_picked":["Turbo+1","Beam Cell","Consume"],"picked":"SKIP","floor":45},{"not_picked":["Go for the Eyes","Turbo"],"picked":"Chaos","floor":46},{"not_picked":["Leap","Beam Cell"],"picked":"Ball Lightning","floor":47},{"not_picked":["Turbo","Steam Power"],"picked":"Static Discharge","floor":49}],"player_experience":704752,"relics_obtained":[{"floor":6.0,"key":"DataDisk"},{"floor":8.0,"key":"Letter Opener"},{"floor":9.0,"key":"Matryoshka"},{"floor":11.0,"key":"Mercury Hourglass"},{"floor":24.0,"key":"Potion Belt"},{"floor":26.0,"key":"Ancient Tea Set"},{"floor":26.0,"key":"Bag of Preparation"},{"floor":27.0,"key":"Blue Candle"},{"floor":37.0,"key":"Torii"},{"floor":42,"key":"Gremlin Horn"},{"floor":43,"key":"Pen Nib"},{"floor":43,"key":"Strawberry"}],"event_choices":[{"event_name":"Living Wall","player_choice":"Grow","floor":2.0,"damage_taken":0.0},{"event_name":"Big Fish","player_choice":"Box","floor":3.0,"damage_taken":0.0},{"event_name":"The Cleric","player_choice":"Card Removal","floor":5.0,"damage_taken":0.0},{"event_name":"Beggar","player_choice":"Ignored","floor":19.0,"damage_taken":0.0},{"event_name":"Nest","player_choice":"Stole From Cult","floor":21.0,"damage_taken":0.0},{"event_name":"Back to Basics","player_choice":"Simplicity","floor":31.0,"damage_taken":0.0},{"event_name":"MindBloom","player_choice":"Fight","floor":37.0,"damage_taken":0.0},{"event_name":"Winding Halls","player_choice":"Embrace Madness","floor":39.0,"damage_taken":0.0}],"is_beta":false,"boss_relics":[{"not_picked":["Nuclear Battery","Sozu"],"picked":"Inserter"},{"not_picked":["Runic Dome","Pandora\u0027s Box"],"picked":"Eternal Feather"}],"items_purged_floors":[],"is_endless":false,"potions_floor_spawned":[1,6,8,11,16,18,27,33,35,37,41,47],"killed_by":"Time Eater","ascension_level":13}