{"gold_per_floor":[116,391,406,406,406,423,423,423,499,499,1,1,1,20,20,92,92,110,130,147,147,47,47,66,85,85,85,104,136,150,150],"floor_reached":31,"playtime":548,"items_purged":["Regret","Strike_R"],"score":494,"play_id":"51212108-0a37-4d3f-ae40-55c7f24b6fd5","local_time":"20190420144147","is_ascension_mode":true,"campfire_choices":[{"data":"Whirlwind","floor":7,"key":"SMITH"},{"data":"Inflame","floor":10,"key":"SMITH"},{"data":"Bash","floor":12,"key":"SMITH"},{"data":"Entrench","floor":15,"key":"SMITH"},{"data":"Disarm","floor":23,"key":"SMITH"},{"floor":27,"key":"REST"}],"neow_cost":"CURSE","seed_source_timestamp":384180783337500,"circlet_count":0,"master_deck":["AscendersBane","Strike_R","Strike_R","Strike_R","Strike_R","Defend_R","Defend_R","Defend_R","Defend_R","Bash+1","Entrench+1","Whirlwind+1","Inflame+1","Disarm+1","Impervious","Dual Wield","Shockwave","Shrug It Off","True Grit","Armaments"],"relics":["Burning Blood","Bird Faced Urn","Mercury Hourglass","Chemical X","Ancient Tea Set","Black Star","Sundial","Juzu Bracelet","Prayer Wheel"],"potions_floor_usage":[18,28,29],"damage_taken":[{"damage":7,"enemies":"Cultist","floor":1,"turns":4},{"damage":11,"enemies":"2 Louse","floor":3,"turns":3},{"damage":14,"enemies":"Small Slimes","floor":6,"turns":3},{"damage":0,"enemies":"Looter","floor":14,"turns":1},{"damage":2,"enemies":"Slime Boss","floor":16,"turns":6},{"damage":0,"enemies":"3 Byrds","floor":18,"turns":3},{"damage":17,"enemies":"2 Thieves","floor":19,"turns":3},{"damage":42,"enemies":"Snecko","floor":20,"turns":5},{"damage":0,"enemies":"3 Cultists","floor":24,"turns":2},{"damage":33,"enemies":"Snake Plant","floor":25,"turns":4},{"damage":28,"enemies":"Sentry and Sphere","floor":28,"turns":5},{"damage":27,"enemies":"Book of Stabbing","floor":29,"turns":5},{"damage":1,"enemies":"3 Cultists","floor":30,"turns":3},{"damage":20,"enemies":"Slavers","floor":31,"turns":2}],"seed_played":"-8423654700518253443","potions_obtained":[{"floor":6,"key":"LiquidBronze"},{"floor":16,"key":"GamblersBrew"},{"floor":19,"key":"Poison Potion"},{"floor":25,"key":"Regen Potion"},{"floor":29,"key":"SteroidPotion"}],"is_trial":false,"path_per_floor":["M","?","M","?","?","M","R","?","T","R","$","R","$","M","R","B",null,"M","M","M","?","$","R","M","M","T","R","M","E","M","E"],"character_chosen":"IRONCLAD","items_purchased":["Chemical X","Ancient Tea Set","Disarm"],"campfire_rested":1,"item_purchase_floors":[11,11,11],"current_hp_per_floor":[67,67,62,62,67,59,59,59,59,59,59,59,59,65,65,71,78,80,71,37,37,37,37,43,18,18,42,31,12,19,1],"gold":150,"neow_bonus":"ONE_RARE_RELIC","is_prod":false,"is_daily":false,"chose_seed":false,"campfire_upgraded":5,"win_rate":0,"timestamp":1555738907,"path_taken":["M","?","?","?","?","M","R","?","T","R","$","R","?","M","R","BOSS","M","?","M","?","$","R","M","?","T","R","M","E","M","E"],"build_version":"2019-01-23","purchased_purges":2,"victory":false,"max_hp_per_floor":[75,75,75,75,80,80,80,80,80,80,80,80,80,80,80,80,80,80,80,80,80,80,80,80,80,80,80,80,80,80,80],"card_choices":[{"not_picked":["Perfected Strike","Twin Strike"],"picked":"Entrench","floor":1},{"not_picked":["Clothesline","Evolve"],"picked":"Whirlwind","floor":3},{"not_picked":["Warcry","Infernal Blade"],"picked":"Inflame","floor":6},{"not_picked":["Perfected Strike","Clash","Iron Wave"],"picked":"SKIP","floor":14},{"not_picked":["Immolate","Dark Embrace"],"picked":"Impervious","floor":16},{"not_picked":["Wild Strike","Clash"],"picked":"Dual Wield","floor":18},{"not_picked":["Rupture","Twin Strike","Clash"],"picked":"SKIP","floor":19},{"not_picked":["Pummel","Armaments","Warcry"],"picked":"SKIP","floor":20},{"not_picked":["Twin Strike","Armaments"],"picked":"Shockwave","floor":24},{"not_picked":["Hemokinesis","Headbutt","Dual Wield"],"picked":"SKIP","floor":25},{"not_picked":["Intimidate","Second Wind"],"picked":"Shrug It Off","floor":28},{"not_picked":["Flex","Iron Wave","Reckless Charge"],"picked":"SKIP","floor":29},{"not_picked":["Havoc","Immolate"],"picked":"True Grit","floor":30},{"not_picked":["Iron Wave","Corruption"],"picked":"Armaments","floor":30}],"player_experience":3249737,"relics_obtained":[{"floor":9,"key":"Mercury Hourglass"},{"floor":26,"key":"Sundial"},{"floor":29,"key":"Juzu Bracelet"},{"floor":29,"key":"Prayer Wheel"}],"event_choices":[{"damage_healed":0,"gold_gain":275,"player_choice":"Desecrate","damage_taken":0,"max_hp_gain":0,"max_hp_loss":0,"event_name":"Golden Shrine","floor":2,"gold_loss":0,"cards_obtained":["Regret"]},{"damage_healed":0,"gold_gain":0,"player_choice":"Ignored","damage_taken":0,"max_hp_gain":0,"max_hp_loss":0,"event_name":"Liars Game","floor":4,"gold_loss":0},{"damage_healed":0,"gold_gain":0,"player_choice":"Donut","damage_taken":0,"max_hp_gain":5,"max_hp_loss":0,"event_name":"Big Fish","floor":5,"gold_loss":0},{"cards_removed":["Doubt"],"damage_healed":0,"gold_gain":0,"player_choice":"Forget","damage_taken":0,"max_hp_gain":0,"max_hp_loss":0,"event_name":"Living Wall","floor":8,"gold_loss":0},{"damage_healed":0,"gold_gain":0,"player_choice":"Ignored","damage_taken":0,"max_hp_gain":0,"max_hp_loss":0,"event_name":"N\u0027loth","floor":21,"gold_loss":0}],"is_beta":false,"boss_relics":[{"not_picked":["Sozu","Tiny House"],"picked":"Black Star"}],"items_purged_floors":[11,22],"is_endless":false,"potions_floor_spawned":[6,16,19,25,29],"killed_by":"Slavers","ascension_level":20}