{"path_per_floor":["M","?","$","M","M","R","M","R","T","R","?","M","E","?","R","B",null,"M","M","T","?"],"character_chosen":"IRONCLAD","items_purchased":["Apotheosis","Lantern"],"gold_per_floor":[363,363,22,36,55,55,71,71,97,97,97,114,147,147,147,246,246,258,242,242,242],"floor_reached":22,"campfire_rested":2,"playtime":1324,"current_hp_per_floor":[34,34,34,40,46,70,73,73,73,73,70,75,80,64,80,27,67,15,26,26,26],"items_purged":[],"gold":242,"score":230,"play_id":"029243f2-fb0b-4fa3-acf2-dff8d31a2466","local_time":"20180305194625","is_prod":false,"is_daily":false,"is_ascension_mode":true,"campfire_upgraded":2,"timestamp":1520271985,"path_taken":["M","?","$","M","M","R","M","R","T","R","?","M","E","?","R","BOSS","M","?","?","?","?"],"build_version":"2018-03-01-PROD1","purchased_purges":0,"victory":false,"master_deck":["Strike_R+1","Strike_R+1","Strike_R+1","Strike_R","Strike_R","Defend_R","Defend_R+1","Defend_R","Defend_R","Bash+1","Blood for Blood+1","Apotheosis+1","Shrug It Off","Corruption","Berserk","Thunderclap","Infernal Blade","Ghostly Armor","Limit Break","Perfected Strike","Intimidate+1","Writhe"],"max_hp_per_floor":[80,80,80,80,80,80,80,80,80,80,80,80,80,80,80,80,80,80,80,80,80],"relics":["Burning Blood","Lantern","Whetstone","Ice Cream","Dream Catcher","Eternal Feather","Peace Pipe","Mercury Hourglass"],"card_choices":[{"not_picked":["Power Through","Iron Wave"],"picked":"Blood for Blood"},{"not_picked":["Havoc","Sword Boomerang"],"picked":"Shrug It Off"},{"not_picked":["Reckless Charge","Clash"],"picked":"Corruption"},{"not_picked":["Hemokinesis","Rage"],"picked":"Berserk"},{"not_picked":["Sword Boomerang","Entrench"],"picked":"Thunderclap"},{"not_picked":["Iron Wave","Clothesline"],"picked":"Infernal Blade"},{"not_picked":["Warcry","True Grit"],"picked":"Ghostly Armor"},{"not_picked":["Immolate","Offering"],"picked":"Limit Break"},{"not_picked":["Shrug It Off","Wild Strike"],"picked":"Perfected Strike"},{"not_picked":["Havoc","Flex"],"picked":"Intimidate"}],"player_experience":243573,"potions_floor_usage":[7,13,13,19,19],"damage_taken":[{"damage":12,"enemies":"Jaw Worm","floor":1,"turns":2},{"damage":0,"enemies":"2 Louse","floor":4,"turns":2},{"damage":0,"enemies":"Cultist","floor":5,"turns":3},{"damage":3,"enemies":"Looter","floor":7,"turns":3},{"damage":1,"enemies":"Red Slaver","floor":12,"turns":2},{"damage":1,"enemies":"3 Sentries","floor":13,"turns":4},{"damage":59,"enemies":"Hexaghost","floor":16,"turns":9},{"damage":58,"enemies":"Spheric Guardian","floor":18,"turns":8},{"damage":15,"enemies":"2 Thieves","floor":19,"turns":4},{"damage":36,"enemies":"Sentry and Sphere","floor":22,"turns":5}],"event_choices":[{"event_name":"Living Wall","player_choice":"Grow","floor":2,"damage_taken":0},{"event_name":"Scrap Ooze","player_choice":"success","floor":11,"damage_taken":3},{"event_name":"Shining Light","player_choice":"Entered Light","floor":14,"damage_taken":0},{"event_name":"The Mausoleum","player_choice":"Yes","floor":21,"damage_taken":0}],"boss_relics":[{"not_picked":["Black Star","Velvet Choker"],"picked":"Eternal Feather"}],"potions_floor_spawned":[1,5,12,16,18],"seed_played":"-4024604738865896536","killed_by":"Sentry and Sphere","ascension_level":5,"is_trial":false}