{"path_per_floor":["M","M","$","M","?","R","E","?","T","E","M","E","R","M","R","B",null,"M","$","?","M","?","E","T"],"character_chosen":"IRONCLAD","items_purchased":["Apotheosis","Immolate"],"gold_per_floor":[364,377,123,140,140,140,175,125,148,176,188,221,221,238,238,336,336,356,99,99,115,115,145,145,145],"floor_reached":25,"campfire_rested":0,"playtime":1306,"current_hp_per_floor":[72,75,75,76,76,76,73,73,73,53,52,55,55,55,55,52,75,70,70,54,51,34,21,21,0],"items_purged":["Injury","Strike_R"],"gold":145,"score":347,"play_id":"32a30c86-c600-4713-b994-05da8ca0c0d5","local_time":"20180410224257","is_prod":false,"is_daily":false,"chose_seed":false,"is_ascension_mode":true,"campfire_upgraded":3,"timestamp":1523371377,"path_taken":["M","M","$","?","?","R","E","?","T","E","M","E","R","M","R","BOSS","M","$","?","?","?","E","?","E"],"build_version":"2018-04-10","seed_source_timestamp":1327132822292402,"purchased_purges":2,"victory":false,"master_deck":["Strike_R","Strike_R","Strike_R","Strike_R","Defend_R","Defend_R","Defend_R","Bash","Shockwave","Bloodletting","Apotheosis+1","Metallicize+1","Headbutt","Brutality","Thunderclap","Limit Break","Inflame+1","Immolate","Necronomicurse","Double Tap"],"max_hp_per_floor":[80,80,80,80,80,80,80,80,80,80,80,80,80,80,80,82,82,84,84,84,86,91,91,91,91],"relics":["Burning Blood","Happy Flower","Singing Bowl","Meat on the Bone","Bag of Preparation","Mark of Pain","Necronomicon","Ginger","Dodecahedron"],"card_choices":[{"not_picked":["Anger","Disarm"],"picked":"Shockwave","floor":1},{"not_picked":["Ghostly Armor","Combust"],"picked":"Bloodletting","floor":2},{"not_picked":["Thunderclap","Reckless Charge"],"picked":"Metallicize","floor":4},{"not_picked":["Warcry","Armaments"],"picked":"Headbutt","floor":7},{"not_picked":["Uppercut","True Grit"],"picked":"Brutality","floor":10},{"not_picked":["Sever Soul","Body Slam"],"picked":"Thunderclap","floor":11},{"not_picked":["Searing Blow","Havoc"],"picked":"Limit Break","floor":12},{"not_picked":["Intimidate","Headbutt"],"picked":"Inflame","floor":14},{"not_picked":["Iron Wave","Flame Barrier"],"picked":"Double Tap","floor":23}],"player_experience":247380,"potions_floor_usage":[7,11,12,12,18,25],"damage_taken":[{"damage":6,"enemies":"Cultist","floor":1,"turns":4},{"damage":3,"enemies":"2 Louse","floor":2,"turns":3},{"damage":5,"enemies":"Jaw Worm","floor":4,"turns":4},{"damage":9,"enemies":"Lagavulin","floor":7,"turns":6},{"damage":26,"enemies":"3 Sentries","floor":10,"turns":8},{"damage":7,"enemies":"Exordium Wildlife","floor":11,"turns":3},{"damage":15,"enemies":"Lagavulin","floor":12,"turns":6},{"damage":6,"enemies":"3 Louse","floor":14,"turns":3},{"damage":23,"enemies":"Hexaghost","floor":16,"turns":6},{"damage":13,"enemies":"Chosen","floor":18,"turns":4},{"damage":11,"enemies":"Spheric Guardian","floor":21,"turns":4},{"damage":31,"enemies":"Gremlin Leader","floor":23,"turns":5},{"damage":23,"enemies":"Slavers","floor":25,"turns":2}],"event_choices":[{"event_name":"Living Wall","player_choice":"Change","floor":5,"damage_taken":0},{"event_name":"The Cleric","player_choice":"Card Removal","floor":8,"damage_taken":0},{"event_name":"Cursed Tome","player_choice":"Obtained Book","floor":20,"damage_taken":0},{"event_name":"Forgotten Altar","player_choice":"Shed Blood","floor":22,"damage_taken":0}],"boss_relics":[{"not_picked":["Calling Bell","Snecko Eye"],"picked":"Mark of Pain"}],"potions_floor_spawned":[2,7,10,11,16,21],"seed_played":"-7578761990974072120","killed_by":"Slavers","ascension_level":9,"is_trial":false}