{"gold_per_floor":[116,391,47,122,133,165,165,177,202,236,236,255,269,299,299,376,376,392,133,153,167,167,167,201,34,34,50,50],"floor_reached":28,"playtime":1025,"items_purged":["Regret"],"score":566,"play_id":"a675f9c0-235b-4d62-9684-04f0ce9075d0","local_time":"20190403125615","is_ascension_mode":true,"campfire_choices":[{"data":"Zap","floor":7,"key":"SMITH"},{"data":"Capacitor","floor":15,"key":"SMITH"},{"data":"Hologram","floor":23,"key":"SMITH"}],"neow_cost":"NONE","seed_source_timestamp":438024970039300,"circlet_count":0,"master_deck":["AscendersBane","Zap+1","Dualcast+1","Chill","Self Repair","Gash","Streamline","Glacier","Capacitor+1","Hologram+1","Turbo","Barrage","Reboot","Static Discharge+1","Machine Learning+1","Steam","Sweeping Beam","Chill","Fusion+1","Echo Form+1","Recycle","Gash","Loop+1"],"relics":["Cracked Core","NeowsBlessing","OrangePellets","DataDisk","Happy Flower","Ancient Tea Set","Frozen Egg 2","Pandora\u0027s Box","Juzu Bracelet","Question Card","PreservedInsect","War Paint"],"potions_floor_usage":[13,16,20,20],"damage_taken":[{"damage":0,"enemies":"Small Slimes","floor":1,"turns":1},{"damage":0,"enemies":"Cultist","floor":5,"turns":1},{"damage":0,"enemies":"Gremlin Nob","floor":6,"turns":1},{"damage":16,"enemies":"Jaw Worm","floor":8,"turns":4},{"damage":2,"enemies":"3 Sentries","floor":10,"turns":9},{"damage":6,"enemies":"Looter","floor":12,"turns":4},{"damage":8,"enemies":"Exordium Wildlife","floor":13,"turns":5},{"damage":9,"enemies":"Lagavulin","floor":14,"turns":7},{"damage":36,"enemies":"Slime Boss","floor":16,"turns":13},{"damage":14,"enemies":"2 Thieves","floor":18,"turns":5},{"damage":21,"enemies":"Chosen","floor":20,"turns":7},{"damage":9,"enemies":"3 Cultists","floor":21,"turns":5},{"damage":21,"enemies":"Gremlin Leader","floor":24,"turns":7},{"damage":27,"enemies":"Snake Plant","floor":27,"turns":5},{"damage":8,"enemies":"Centurion and Healer","floor":28,"turns":4}],"seed_played":"-4774230448901846210","potions_obtained":[{"floor":8,"key":"GamblersBrew"},{"floor":10,"key":"Block Potion"},{"floor":13,"key":"Weak Potion"},{"floor":16,"key":"Regen Potion"},{"floor":18,"key":"Regen Potion"},{"floor":27,"key":"EssenceOfSteel"}],"is_trial":false,"path_per_floor":["M","?","$","?","M","E","R","M","T","E","?","M","M","E","R","B",null,"M","$","M","M","?","R","E","$","T","M","M"],"character_chosen":"DEFECT","items_purchased":["OrangePellets","Chill","Recycle","Juzu Bracelet","PreservedInsect"],"campfire_rested":0,"item_purchase_floors":[3,3,19,19,25],"current_hp_per_floor":[64,64,64,53,53,53,53,44,44,49,49,50,49,47,47,18,58,58,58,71,69,49,49,35,35,35,15,7],"gold":50,"neow_bonus":"THREE_ENEMY_KILL","is_prod":false,"is_daily":false,"chose_seed":false,"campfire_upgraded":3,"win_rate":0,"timestamp":1554263775,"path_taken":["M","?","?","?","M","E","R","M","T","E","?","?","M","E","R","BOSS","M","$","M","M","?","R","E","$","T","M","M"],"build_version":"2019-01-23","purchased_purges":1,"victory":false,"max_hp_per_floor":[71,71,71,71,71,71,71,71,71,71,71,71,71,71,71,71,71,71,71,71,71,76,76,76,76,76,76,76],"card_choices":[{"not_picked":["Redo","Gash","Blizzard"],"picked":"SKIP","floor":1},{"not_picked":["White Noise","Sweeping Beam"],"picked":"Self Repair","floor":5},{"not_picked":["Hologram","Meteor Strike"],"picked":"Gash","floor":6},{"not_picked":["Leap","Hologram"],"picked":"Streamline","floor":8},{"not_picked":["Coolheaded","Gash"],"picked":"Glacier","floor":10},{"not_picked":["Meteor Strike","Go for the Eyes"],"picked":"Hologram","floor":12},{"not_picked":["Sweeping Beam","Go for the Eyes"],"picked":"Turbo","floor":13},{"not_picked":["Turbo","Hologram"],"picked":"Barrage","floor":14},{"not_picked":["Rainbow","Fission"],"picked":"Reboot","floor":16},{"not_picked":["Leap","Go for the Eyes+1","Compile Driver"],"picked":"SKIP","floor":18},{"not_picked":["Sweeping Beam","Streamline","Conserve Battery"],"picked":"SKIP","floor":20},{"not_picked":["Static Discharge+1","Stack"],"picked":"Gash","floor":21},{"not_picked":["FTL","Redo"],"picked":"Loop+1","floor":24},{"not_picked":["Streamline","Rebound","Stack","Go for the Eyes"],"picked":"SKIP","floor":27}],"player_experience":2826145,"relics_obtained":[{"floor":6,"key":"DataDisk"},{"floor":9,"key":"Happy Flower"},{"floor":10,"key":"Ancient Tea Set"},{"floor":14,"key":"Frozen Egg 2"},{"floor":24,"key":"Question Card"},{"floor":26,"key":"War Paint"}],"event_choices":[{"damage_healed":0,"gold_gain":275,"player_choice":"Desecrate","damage_taken":0,"max_hp_gain":0,"max_hp_loss":0,"event_name":"Golden Shrine","floor":2,"gold_loss":0,"cards_obtained":["Regret"]},{"damage_healed":0,"gold_gain":75,"player_choice":"Gather Gold","damage_taken":11,"max_hp_gain":0,"max_hp_loss":0,"event_name":"World of Goop","floor":4,"gold_loss":0},{"damage_healed":0,"gold_gain":0,"cards_transformed":["Defend_B"],"player_choice":"Transformed","damage_taken":0,"max_hp_gain":0,"max_hp_loss":0,"event_name":"Transmorgrifier","floor":11,"gold_loss":0,"cards_obtained":["Capacitor"]},{"damage_healed":0,"gold_gain":0,"player_choice":"Shed Blood","damage_taken":25,"max_hp_gain":5,"max_hp_loss":0,"event_name":"Forgotten Altar","floor":22,"gold_loss":0}],"is_beta":false,"boss_relics":[{"not_picked":["Empty Cage","Eternal Feather"],"picked":"Pandora\u0027s Box"}],"items_purged_floors":[3],"is_endless":false,"potions_floor_spawned":[8,10,13,16,18,27],"killed_by":"Centurion and Healer","ascension_level":20}