{"gold_per_floor":[114,114,132,132,150,150,175,44,44,70,70,96,96,126,126,201,201,221,221,221,4,23,23,49,49,74,74,109,128,128,144,144,215,215,225,225,25,45,98,98,116,116,116,139,139,164,164,175,175,175,175,175,175,17,51,51],"floor_reached":57,"playtime":2377,"items_purged":["Strike_B"],"score":2859,"play_id":"80005947-0b49-4587-ac32-7a00f54314a8","local_time":"20190302235252","is_ascension_mode":true,"campfire_choices":[{"data":"Sunder","floor":6.0,"key":"SMITH"},{"data":"Loop","floor":11.0,"key":"SMITH"},{"data":"Biased Cognition","floor":13.0,"key":"SMITH"},{"floor":15.0,"key":"REST"},{"data":"Buffer","floor":23.0,"key":"SMITH"},{"data":"Beam Cell","floor":25.0,"key":"SMITH"},{"data":"Dualcast","floor":30.0,"key":"SMITH"},{"data":"Conserve Battery","floor":32.0,"key":"SMITH"},{"data":"Writhe","floor":40.0,"key":"PURGE"},{"data":"Doubt","floor":45,"key":"PURGE"},{"floor":47,"key":"RECALL"},{"data":"Defragment","floor":49,"key":"SMITH"},{"data":"Capacitor","floor":53,"key":"SMITH"}],"neow_cost":"NONE","seed_source_timestamp":83535476273600,"circlet_count":0,"master_deck":["AscendersBane","Zap+1","Dualcast+1","Beam Cell+1","Self Repair","Sunder+1","Cold Snap","Loop+1","Biased Cognition+1","Conserve Battery+1","Buffer+1","Loop+1","Cold Snap","Reinforced Body+1","Cold Snap","Echo Form","Capacitor+1","Reinforced Body","Chill","Hyperbeam","Stack","Steam Power","Cold Snap","Defragment+1","Blizzard","Darkness+1","Heatsinks"],"special_seed":0,"relics":["Cracked Core","NeowsBlessing","Mummified Hand","Gremlin Horn","Bag of Marbles","Regal Pillow","Orichalcum","Sozu","Bronze Scales","ClockworkSouvenir","Anchor","PreservedInsect","Potion Belt","Pandora\u0027s Box","DataDisk","Peace Pipe","Blood Vial","Pen Nib","Bag of Preparation","Pantograph"],"potions_floor_usage":[56,56],"damage_taken":[{"damage":0.0,"enemies":"2 Louse","floor":1.0,"turns":1.0},{"damage":0.0,"enemies":"Cultist","floor":3.0,"turns":1.0},{"damage":0.0,"enemies":"Small Slimes","floor":5.0,"turns":1.0},{"damage":21.0,"enemies":"Lagavulin","floor":7.0,"turns":5.0},{"damage":10.0,"enemies":"3 Sentries","floor":10.0,"turns":7.0},{"damage":26.0,"enemies":"Gremlin Nob","floor":12.0,"turns":4.0},{"damage":25.0,"enemies":"3 Sentries","floor":14.0,"turns":5.0},{"damage":9.0,"enemies":"The Guardian","floor":16.0,"turns":6.0},{"damage":0.0,"enemies":"Chosen","floor":18.0,"turns":3.0},{"damage":26.0,"enemies":"Shell Parasite","floor":22.0,"turns":4.0},{"damage":11.0,"enemies":"Slavers","floor":24.0,"turns":6.0},{"damage":0.0,"enemies":"Gremlin Leader","floor":28.0,"turns":6.0},{"damage":8.0,"enemies":"Snecko","floor":29.0,"turns":4.0},{"damage":6.0,"enemies":"Centurion and Healer","floor":31.0,"turns":6.0},{"damage":14.0,"enemies":"Collector","floor":33.0,"turns":14.0},{"damage":0.0,"enemies":"3 Darklings","floor":35.0,"turns":3.0},{"damage":10.0,"enemies":"3 Shapes","floor":38.0,"turns":4.0},{"damage":25.0,"enemies":"2 Orb Walkers","floor":39.0,"turns":8.0},{"damage":33.0,"enemies":"3 Darklings","floor":41.0,"turns":4.0},{"damage":0,"enemies":"Giant Head","floor":46,"turns":8},{"damage":0,"enemies":"Sphere and 2 Shapes","floor":48,"turns":3},{"damage":25,"enemies":"Time Eater","floor":50,"turns":12},{"damage":22,"enemies":"Donu and Deca","floor":51,"turns":12},{"damage":0,"enemies":"Shield and Spear","floor":55,"turns":6},{"damage":41,"enemies":"The Heart","floor":56,"turns":13}],"seed_played":"6133880713561271439","potions_obtained":[{"floor":3.0,"key":"FocusPotion"},{"floor":5.0,"key":"SkillPotion"},{"floor":10.0,"key":"Weak Potion"},{"floor":14.0,"key":"SkillPotion"},{"floor":16.0,"key":"GamblersBrew"}],"is_trial":false,"path_per_floor":["M","?","M","?","M","R","E","$","T","E","R","E","R","E","R","B",null,"M","?","?","$","M","R","E","R","T","$","E","M","R","M","R","B",null,"M","?","$","M","?","R","M","?","T","T","R","E","R","M","R","B","B",null,"R","$","E","B",null],"character_chosen":"DEFECT","items_purchased":["Fire Potion","ClockworkSouvenir","DataDisk","Defragment","Bag of Preparation"],"campfire_rested":1,"item_purchase_floors":[8,21,37,37,54],"current_hp_per_floor":[64,64,64,64,64,64,50,50,50,47,47,28,28,10,46,44,64,71,71,71,71,52,52,48,48,48,48,55,54,54,55,55,48,65,71,67,67,64,46,46,20,67,67,67,67,67,67,67,67,42,29,58,58,58,67,33],"gold":51,"neow_bonus":"THREE_ENEMY_KILL","is_prod":false,"is_daily":false,"chose_seed":false,"campfire_upgraded":9,"win_rate":0,"timestamp":1551538372,"path_taken":["M","?","?","?","M","R","E","$","T","E","R","E","R","E","R","BOSS","M","?","?","$","?","R","E","R","T","$","E","M","R","M","R","BOSS","M","?","$","M","?","R","M","?","T","?","R","E","R","M","R","BOSS","BOSS","R","$","E","BOSS"],"build_version":"2019-01-23","purchased_purges":1,"victory":true,"max_hp_per_floor":[71,71,71,71,71,71,71,71,71,71,71,71,71,71,71,71,71,71,71,71,71,71,71,71,71,71,71,71,71,71,71,71,71,71,71,67,67,67,67,67,67,67,67,67,67,67,67,67,67,67,67,67,67,67,67,67],"card_choices":[{"not_picked":["Rebound","Redo"],"picked":"Beam Cell","floor":1.0},{"not_picked":["Darkness","Steam"],"picked":"Self Repair","floor":3.0},{"not_picked":["Recycle","Hologram"],"picked":"Cold Snap","floor":5.0},{"not_picked":["Meteor Strike","Rip and Tear"],"picked":"Loop","floor":7.0},{"not_picked":["Go for the Eyes","Redo","Tempest"],"picked":"SKIP","floor":10.0},{"not_picked":["Undo","Stack"],"picked":"Biased Cognition","floor":12.0},{"not_picked":["Aggregate","All For One"],"picked":"Conserve Battery","floor":14.0},{"not_picked":["Seek","All For One"],"picked":"Buffer","floor":16.0},{"not_picked":["Sunder","Double Energy","Conserve Battery"],"picked":"SKIP","floor":18.0},{"not_picked":["Steam Power","Scrape"],"picked":"Cold Snap","floor":22.0},{"not_picked":["Redo","Static Discharge"],"picked":"Reinforced Body+1","floor":24.0},{"not_picked":["Beam Cell","Ball Lightning","Conserve Battery"],"picked":"SKIP","floor":28.0},{"not_picked":["Beam Cell","Aggregate"],"picked":"Cold Snap","floor":29.0},{"not_picked":["Beam Cell","Sunder","Stack"],"picked":"SKIP","floor":31.0},{"not_picked":["Biased Cognition","Thunder Strike"],"picked":"Echo Form","floor":33.0},{"not_picked":["Hologram","Steam+1"],"picked":"Cold Snap","floor":35.0},{"not_picked":["Scrape+1","Redo","Rebound"],"picked":"SKIP","floor":38.0},{"not_picked":["Darkness","Leap"],"picked":"Blizzard","floor":39.0},{"not_picked":["Steam","Gash","Storm"],"picked":"SKIP","floor":41.0},{"not_picked":["Sunder","Barrage","Steam+1"],"picked":"SKIP","floor":46},{"not_picked":["Conserve Battery","Recycle+1"],"picked":"Darkness+1","floor":48},{"not_picked":["Compile Driver","Rainbow"],"picked":"Heatsinks","floor":55}],"player_experience":1947808,"relics_obtained":[{"floor":7.0,"key":"Mummified Hand"},{"floor":9.0,"key":"Gremlin Horn"},{"floor":10.0,"key":"Bag of Marbles"},{"floor":12.0,"key":"Regal Pillow"},{"floor":14.0,"key":"Orichalcum"},{"floor":24.0,"key":"Anchor"},{"floor":26.0,"key":"PreservedInsect"},{"floor":28.0,"key":"Potion Belt"},{"floor":39.0,"key":"Peace Pipe"},{"floor":44,"key":"Blood Vial"},{"floor":46,"key":"Pen Nib"},{"floor":55,"key":"Pantograph"}],"event_choices":[{"damage_healed":0.0,"max_hp_gain":0.0,"max_hp_loss":0.0,"gold_gain":0.0,"event_name":"Upgrade Shrine","player_choice":"Upgraded","floor":2.0,"gold_loss":0.0,"damage_taken":0.0,"cards_upgraded":["Zap"]},{"damage_healed":0.0,"max_hp_gain":0.0,"max_hp_loss":0.0,"gold_gain":0.0,"cards_transformed":["Defend_B"],"event_name":"Living Wall","player_choice":"Change","floor":4.0,"gold_loss":0.0,"damage_taken":0.0,"cards_obtained":["Sunder"]},{"damage_healed":0.0,"max_hp_gain":0.0,"max_hp_loss":0.0,"gold_gain":0.0,"event_name":"The Mausoleum","player_choice":"Opened","floor":19.0,"gold_loss":0.0,"damage_taken":0.0,"relics_obtained":["Bronze Scales"],"cards_obtained":["Writhe"]},{"damage_healed":0.0,"max_hp_gain":0.0,"max_hp_loss":0.0,"gold_gain":0.0,"event_name":"Duplicator","player_choice":"Copied","floor":20.0,"gold_loss":0.0,"damage_taken":0.0,"cards_obtained":["Loop"]},{"damage_healed":0.0,"max_hp_gain":0.0,"max_hp_loss":4.0,"gold_gain":0.0,"event_name":"Winding Halls","player_choice":"Max HP","floor":36.0,"gold_loss":0.0,"damage_taken":0.0},{"damage_healed":0.0,"max_hp_gain":0.0,"max_hp_loss":0.0,"gold_gain":0.0,"event_name":"Mysterious Sphere","player_choice":"Fight","floor":39.0,"gold_loss":0.0,"damage_taken":0.0},{"damage_healed":47.0,"max_hp_gain":0.0,"max_hp_loss":0.0,"gold_gain":0.0,"event_name":"MindBloom","player_choice":"Heal","floor":42.0,"gold_loss":0.0,"damage_taken":0.0,"cards_obtained":["Doubt"]}],"is_beta":false,"boss_relics":[{"not_picked":["Eternal Feather","Runic Pyramid"],"picked":"Sozu"},{"not_picked":["Velvet Choker","Cursed Key"],"picked":"Pandora\u0027s Box"}],"items_purged_floors":[8],"is_endless":false,"potions_floor_spawned":[3,5,10,14,16,24,28,33,39,46],"ascension_level":20}