{"gold_per_floor":[111,111,111,127,127,158,158,190,215,231,231,257,257,271,271,350,350,362,381,25,39,39,39,39,39,39,58,83,32,60,71,71,144,144,154,171,92,1091,1091,1120,1120,1120,1120,1151,1163,1163,1163,1190,1190,1190,1190,1190,1190,24,58,58],"floor_reached":56,"playtime":3027,"items_purged":["Strike_B","Ball Lightning"],"score":2103,"play_id":"e130c284-5779-42af-a1c8-345e12c24538","local_time":"20190321195447","is_ascension_mode":true,"campfire_choices":[{"floor":7.0,"key":"REST"},{"floor":11.0,"key":"REST"},{"data":"Consume","floor":15.0,"key":"SMITH"},{"floor":23.0,"key":"REST"},{"floor":25.0,"key":"REST"},{"floor":32.0,"key":"REST"},{"floor":42.0,"key":"RECALL"},{"data":"1","floor":46.0,"key":"LIFT"},{"data":"2","floor":49.0,"key":"LIFT"},{"data":"3","floor":53.0,"key":"LIFT"}],"neow_cost":"NONE","seed_source_timestamp":174509345243600,"circlet_count":0,"master_deck":["AscendersBane","Defend_B","Defend_B+1","Defend_B","Defend_B","Zap","Dualcast","Seek+1","Ball Lightning+1","Creative AI","Consume+1","Meteor Strike+1","Turbo","Chill","Recycle","Darkness","Conserve Battery","Cold Snap+1","Coolheaded","Cold Snap+1","Seek","Force Field+1","White Noise","Capacitor","Blizzard+1"],"special_seed":0,"relics":["Cracked Core","WarpedTongs","Bronze Scales","Strawberry","Ancient Tea Set","Bottled Lightning","Fusion Hammer","Meat on the Bone","Omamori","Mummified Hand","Molten Egg 2","Coffee Dripper","Girya","The Courier","Bird Faced Urn","Thread and Needle","Pen Nib","Boot","Gremlin Horn","Blood Vial","Whetstone","DataDisk"],"potions_floor_usage":[56],"damage_taken":[{"damage":1.0,"enemies":"Cultist","floor":1.0,"turns":3.0},{"damage":13.0,"enemies":"Jaw Worm","floor":4.0,"turns":2.0},{"damage":8.0,"enemies":"3 Sentries","floor":6.0,"turns":6.0},{"damage":27.0,"enemies":"Lagavulin","floor":8.0,"turns":5.0},{"damage":0.0,"enemies":"2 Louse","floor":10.0,"turns":2.0},{"damage":32.0,"enemies":"Gremlin Nob","floor":12.0,"turns":4.0},{"damage":18.0,"enemies":"Lots of Slimes","floor":14.0,"turns":3.0},{"damage":30.0,"enemies":"Hexaghost","floor":16.0,"turns":4.0},{"damage":37.0,"enemies":"Shell Parasite","floor":18.0,"turns":4.0},{"damage":0.0,"enemies":"Chosen","floor":19.0,"turns":3.0},{"damage":24.0,"enemies":"Sentry and Sphere","floor":21.0,"turns":4.0},{"damage":0.0,"enemies":"Centurion and Healer","floor":27.0,"turns":5.0},{"damage":29.0,"enemies":"Gremlin Leader","floor":28.0,"turns":7.0},{"damage":27.0,"enemies":"Book of Stabbing","floor":30.0,"turns":5.0},{"damage":15.0,"enemies":"Cultist and Chosen","floor":31.0,"turns":6.0},{"damage":0.0,"enemies":"Champ","floor":33.0,"turns":9.0},{"damage":0.0,"enemies":"Orb Walker","floor":35.0,"turns":5.0},{"damage":1.0,"enemies":"3 Shapes","floor":36.0,"turns":3.0},{"damage":22.0,"enemies":"Giant Head","floor":40.0,"turns":8.0},{"damage":28.0,"enemies":"Reptomancer","floor":44.0,"turns":5.0},{"damage":22.0,"enemies":"Spire Growth","floor":45.0,"turns":5.0},{"damage":0.0,"enemies":"Giant Head","floor":48.0,"turns":8.0},{"damage":6.0,"enemies":"Donu and Deca","floor":50.0,"turns":9.0},{"damage":63.0,"enemies":"Time Eater","floor":51.0,"turns":19.0},{"damage":67.0,"enemies":"Shield and Spear","floor":55.0,"turns":14.0},{"damage":33,"enemies":"The Heart","floor":56,"turns":3}],"seed_played":"4238901878270534770","potions_obtained":[{"floor":8.0,"key":"SpeedPotion"},{"floor":14.0,"key":"SneckoOil"},{"floor":18.0,"key":"Swift Potion"},{"floor":21.0,"key":"Weak Potion"},{"floor":31.0,"key":"Dexterity Potion"},{"floor":36.0,"key":"FearPotion"}],"is_trial":false,"path_per_floor":["M","?","?","M","?","E","R","E","T","M","R","E","?","M","R","B",null,"M","M","$","M","?","R","?","R","T","M","E","$","E","M","R","B",null,"M","M","$","?","?","E","?","R","T","E","M","R","?","E","R","B","B",null,"R","$","E","B"],"character_chosen":"DEFECT","items_purchased":["Meat on the Bone","Coolheaded","Capacitor","Thread and Needle","Pen Nib","FocusPotion","Ancient Potion","Boot","Gremlin Horn","Blood Vial","Whetstone"],"campfire_rested":5,"item_purchase_floors":[20,29,37,54,54,54,54,54,54,54,54],"current_hp_per_floor":[63,42,42,29,22,14,35,15,15,15,38,6,78,60,60,30,66,29,29,29,17,17,40,40,63,63,63,46,46,31,28,51,51,71,71,70,70,70,70,48,48,48,48,32,22,22,64,64,64,64,64,64,64,64,35,14],"gold":58,"neow_bonus":"ONE_RANDOM_RARE_CARD","is_prod":false,"is_daily":false,"chose_seed":false,"campfire_upgraded":1,"win_rate":0,"timestamp":1553165687,"path_taken":["M","?","?","?","?","E","R","E","T","M","R","E","?","M","R","BOSS","M","M","$","?","?","R","?","R","T","M","E","$","E","M","R","BOSS","M","M","$","?","?","E","?","R","T","E","M","R","?","E","R","BOSS","BOSS","R","$","E","BOSS"],"build_version":"2019-01-23","purchased_purges":2,"victory":false,"max_hp_per_floor":[71,71,71,71,71,71,71,78,78,78,78,78,78,78,78,78,78,78,78,78,78,78,78,78,78,78,78,78,78,78,78,78,78,78,78,78,78,78,78,78,78,78,78,78,78,78,64,64,64,64,64,64,64,64,64,64],"card_choices":[{"not_picked":["Stack","Melter"],"picked":"Streamline","floor":1.0},{"not_picked":["Ball Lightning","Compile Driver","Undo"],"picked":"SKIP","floor":4.0},{"not_picked":["Compile Driver","Undo"],"picked":"Ball Lightning","floor":4.0},{"not_picked":["Blizzard","Redo"],"picked":"Ball Lightning","floor":6.0},{"not_picked":["Darkness","Coolheaded"],"picked":"Creative AI","floor":8.0},{"not_picked":["Blizzard","Go for the Eyes"],"picked":"Recycle","floor":10.0},{"not_picked":["Beam Cell","Sweeping Beam","Gash"],"picked":"SKIP","floor":12.0},{"not_picked":["Sunder","Go for the Eyes"],"picked":"Consume","floor":14.0},{"not_picked":["Fission","Multi-Cast"],"picked":"Meteor Strike","floor":16.0},{"not_picked":["Ball Lightning","Hologram"],"picked":"Turbo","floor":18.0},{"not_picked":["Barrage","Conserve Battery","Steam"],"picked":"SKIP","floor":19.0},{"not_picked":["Gash+1","Sweeping Beam"],"picked":"Chill","floor":21.0},{"not_picked":["Hologram","Storm"],"picked":"Conserve Battery","floor":27.0},{"not_picked":["Beam Cell","Biased Cognition"],"picked":"Cold Snap+1","floor":28.0},{"not_picked":["Compile Driver","Doom and Gloom"],"picked":"Cold Snap+1","floor":30.0},{"not_picked":["Gash+1","Ball Lightning+1","Storm"],"picked":"SKIP","floor":31.0},{"not_picked":["Buffer","Multi-Cast"],"picked":"Seek","floor":33.0},{"not_picked":["Gash+1","Ball Lightning+1"],"picked":"Force Field+1","floor":35.0},{"not_picked":["Redo","Rebound+1"],"picked":"White Noise","floor":36.0},{"not_picked":["Defragment","Compile Driver+1"],"picked":"Blizzard+1","floor":40.0},{"not_picked":["Compile Driver+1","Sweeping Beam+1","BootSequence"],"picked":"SKIP","floor":44.0},{"not_picked":["Doom and Gloom+1","Reprogram","Ball Lightning+1"],"picked":"SKIP","floor":45.0},{"not_picked":["Leap","Aggregate","Sweeping Beam+1"],"picked":"SKIP","floor":48.0},{"not_picked":["Recycle","Darkness+1","Reprogram"],"picked":"SKIP","floor":55.0}],"player_experience":2446784,"relics_obtained":[{"floor":6.0,"key":"Bronze Scales"},{"floor":8.0,"key":"Strawberry"},{"floor":9.0,"key":"Ancient Tea Set"},{"floor":12.0,"key":"Bottled Lightning"},{"floor":26.0,"key":"Omamori"},{"floor":28.0,"key":"Mummified Hand"},{"floor":30.0,"key":"Molten Egg 2"},{"floor":40.0,"key":"Girya"},{"floor":44.0,"key":"The Courier"},{"floor":48.0,"key":"Bird Faced Urn"},{"floor":55.0,"key":"DataDisk"}],"event_choices":[{"damage_healed":0.0,"max_hp_gain":0.0,"max_hp_loss":0.0,"gold_gain":0.0,"event_name":"Shining Light","player_choice":"Entered Light","floor":2.0,"gold_loss":0.0,"damage_taken":21.0,"cards_upgraded":["Defend_B","Seek"]},{"damage_healed":0.0,"max_hp_gain":0.0,"max_hp_loss":0.0,"gold_gain":0.0,"event_name":"Accursed Blacksmith","player_choice":"Rummage","floor":3.0,"gold_loss":0.0,"damage_taken":0.0,"relics_obtained":["WarpedTongs"],"cards_obtained":["Pain"]},{"cards_removed":["Pain"],"damage_healed":0.0,"max_hp_gain":0.0,"max_hp_loss":0.0,"gold_gain":0.0,"event_name":"Golden Wing","player_choice":"Card Removal","floor":5.0,"gold_loss":0.0,"damage_taken":7.0},{"cards_removed":["Recycle"],"damage_healed":72.0,"max_hp_gain":0.0,"max_hp_loss":0.0,"gold_gain":0.0,"event_name":"Bonfire Elementals","player_choice":"Offered Uncommon","floor":13.0,"gold_loss":0.0,"damage_taken":0.0},{"damage_healed":0.0,"max_hp_gain":0.0,"max_hp_loss":0.0,"gold_gain":0.0,"cards_transformed":["Streamline","Strike_B"],"event_name":"Drug Dealer","player_choice":"Became Test Subject","floor":22.0,"gold_loss":0.0,"damage_taken":0.0,"cards_obtained":["Recycle","Darkness"]},{"cards_removed":["Strike_B"],"damage_healed":0.0,"max_hp_gain":0.0,"max_hp_loss":0.0,"gold_gain":0.0,"event_name":"Back to Basics","player_choice":"Elegance","floor":24.0,"gold_loss":0.0,"damage_taken":0.0},{"damage_healed":0.0,"max_hp_gain":0.0,"max_hp_loss":0.0,"gold_gain":999.0,"event_name":"MindBloom","player_choice":"Gold","floor":38.0,"gold_loss":0.0,"damage_taken":0.0,"cards_obtained":["Normality","Normality"]},{"cards_removed":["Strike_B"],"damage_healed":0.0,"max_hp_gain":0.0,"max_hp_loss":0.0,"gold_gain":0.0,"event_name":"Falling","player_choice":"Removed Attack","floor":39.0,"gold_loss":0.0,"damage_taken":0.0},{"damage_healed":0.0,"max_hp_gain":0.0,"max_hp_loss":0.0,"gold_gain":0.0,"event_name":"Tomb of Lord Red Mask","player_choice":"Ignored","floor":41.0,"gold_loss":0.0,"damage_taken":0.0},{"damage_healed":64.0,"max_hp_gain":0.0,"max_hp_loss":14.0,"gold_gain":0.0,"event_name":"The Moai Head","player_choice":"Heal","floor":47.0,"gold_loss":0.0,"damage_taken":0.0}],"is_beta":false,"boss_relics":[{"not_picked":["Pandora\u0027s Box","Empty Cage"],"picked":"Fusion Hammer"},{"not_picked":["White Beast Statue","Runic Pyramid"],"picked":"Coffee Dripper"}],"items_purged_floors":[20,54],"is_endless":false,"potions_floor_spawned":[8,14,18,21,31,36,40,44,55],"killed_by":"The Heart","ascension_level":20}