{"gold_per_floor":[15,15,33,46,46,77,89,89,89,89,89,115,126,103,123,123,226,226,238,238,263,39,52,80,80,80,80,80,91,91,109,109,109,109,208,208,225,237,237,297,311,311,217,367,367,367,392,402,94,0,14,14,14],"floor_reached":53,"playtime":4172,"items_purged":["Thunder Strike","Hello World"],"score":594,"play_id":"8d27713a-cc8d-4d9b-ab93-a58c7e532a89","local_time":"20190324201558","is_ascension_mode":true,"campfire_choices":[{"data":"Fission","floor":8,"key":"SMITH"},{"data":"Creative AI","floor":11,"key":"SMITH"},{"data":"Barrage","floor":16,"key":"SMITH"},{"data":"Reboot","floor":26,"key":"SMITH"},{"data":"Blizzard","floor":30,"key":"SMITH"},{"data":"Capacitor","floor":32,"key":"SMITH"},{"data":"Coolheaded","floor":34,"key":"SMITH"},{"data":"Coolheaded","floor":42,"key":"SMITH"},{"floor":52,"key":"REST"}],"neow_cost":"NO_GOLD","seed_source_timestamp":971991198200,"circlet_count":0,"master_deck":["Capacitor","Cold Snap","Blizzard+1","Coolheaded+1","Cold Snap","Creative AI+1","Chill","Fission+1","Capacitor","Chill","Steam","Barrage+1","Steam","Capacitor+1","Rebound","Coolheaded+1","Reboot+1","Self Repair","Fusion","Panacea","Sweeping Beam","Streamline","Multi-Cast","Heatsinks+1","Steam Power","Capacitor+1","Self Repair","Scrape","Gash","Steam+1"],"relics":["Cracked Core","Regal Pillow","Happy Flower","Singing Bowl","White Beast Statue","Anchor","Gambling Chip","Blue Candle","Velvet Choker","SsserpentHead","Bag of Preparation","Unceasing Top","Pantograph","Centennial Puzzle","OrangePellets","Red Mask"],"potions_floor_usage":[7,41,53,53,53,53],"damage_taken":[{"damage":0,"enemies":"2 Louse","floor":1,"turns":2},{"damage":0,"enemies":"Cultist","floor":3,"turns":3},{"damage":0,"enemies":"Small Slimes","floor":4,"turns":2},{"damage":4,"enemies":"Gremlin Nob","floor":6,"turns":4},{"damage":0,"enemies":"Red Slaver","floor":7,"turns":3},{"damage":8,"enemies":"3 Sentries","floor":12,"turns":6},{"damage":0,"enemies":"Blue Slaver","floor":13,"turns":4},{"damage":0,"enemies":"Exordium Thugs","floor":15,"turns":3},{"damage":8,"enemies":"Slime Boss","floor":17,"turns":8},{"damage":1,"enemies":"Shell Parasite","floor":19,"turns":4},{"damage":0,"enemies":"Spheric Guardian","floor":23,"turns":5},{"damage":0,"enemies":"Gremlin Leader","floor":24,"turns":7},{"damage":0,"enemies":"Chosen and Byrds","floor":29,"turns":5},{"damage":7,"enemies":"Snake Plant","floor":31,"turns":3},{"damage":5,"enemies":"Champ","floor":35,"turns":12},{"damage":1,"enemies":"3 Shapes","floor":37,"turns":8},{"damage":10,"enemies":"Orb Walker","floor":38,"turns":5},{"damage":8,"enemies":"4 Shapes","floor":40,"turns":6},{"damage":23,"enemies":"3 Darklings","floor":41,"turns":7},{"damage":0,"enemies":"Mind Bloom Boss Battle","floor":44,"turns":6},{"damage":4,"enemies":"Giant Head","floor":47,"turns":10},{"damage":43,"enemies":"Writhing Mass","floor":48,"turns":8},{"damage":38,"enemies":"Transient","floor":51,"turns":5},{"damage":55,"enemies":"Awakened One","floor":53,"turns":8}],"seed_played":"4638950092426497357","potions_obtained":[{"floor":2,"key":"AttackPotion"},{"floor":2,"key":"GamblersBrew"},{"floor":2,"key":"Poison Potion"},{"floor":4,"key":"EntropicBrew"},{"floor":13,"key":"FearPotion"},{"floor":19,"key":"Swift Potion"},{"floor":37,"key":"FairyPotion"},{"floor":41,"key":"SkillPotion"},{"floor":48,"key":"Ancient Potion"}],"is_trial":false,"path_per_floor":["M","?","M","M","?","E","M","R","T","T","R","E","M","$","M","R","B",null,"M","?","T","$","M","E","?","R","T","T","M","R","M","R","$","R","B",null,"M","M","?","M","M","R","$","?","T","T","E","M","$","?","M","R","B"],"character_chosen":"DEFECT","items_purchased":["Coolheaded","Reboot","Self Repair","Bag of Preparation","OrangePellets"],"campfire_rested":1,"item_purchase_floors":[14,22,22,43,49],"current_hp_per_floor":[75,75,75,75,75,71,71,71,71,71,71,63,63,63,63,63,55,75,74,74,74,74,75,75,75,75,75,75,75,75,68,68,68,68,70,75,75,72,72,71,55,55,55,62,62,62,72,43,43,43,19,56,20],"gold":14,"neow_bonus":"THREE_RARE_CARDS","is_prod":false,"is_daily":false,"chose_seed":false,"campfire_upgraded":8,"win_rate":0,"timestamp":1553426158,"path_taken":["M","?","M","?","?","E","?","R","T","R","E","M","$","M","R","BOSS","M","?","?","$","M","E","?","R","T","M","R","?","R","$","R","BOSS","M","M","?","?","M","R","?","?","T","E","M","$","?","M","R","BOSS"],"build_version":"2019-01-23","purchased_purges":2,"victory":false,"max_hp_per_floor":[75,75,75,75,75,75,75,75,75,75,75,75,75,75,75,75,75,75,75,75,75,75,75,75,75,75,75,75,75,75,75,75,75,75,75,75,75,75,75,75,75,75,75,75,75,75,75,75,75,75,75,75,75],"card_choices":[{"not_picked":["Core Surge","Creative AI"],"picked":"Fission","floor":0},{"not_picked":["Conserve Battery","Undo"],"picked":"Steam","floor":1},{"not_picked":["Chaos","Defragment"],"picked":"Static Discharge","floor":4},{"not_picked":["Streamline","Coolheaded"],"picked":"Steam","floor":6},{"not_picked":["Undo","Sweeping Beam"],"picked":"Capacitor","floor":12},{"not_picked":["Loop","Cold Snap"],"picked":"Rebound","floor":13},{"not_picked":["All For One","Core Surge"],"picked":"Thunder Strike","floor":17},{"not_picked":["Compile Driver","Reinforced Body"],"picked":"Fusion","floor":23},{"not_picked":["Barrage+1","Ball Lightning"],"picked":"Hello World","floor":24},{"not_picked":["Conserve Battery+1","Gash"],"picked":"Sweeping Beam","floor":29},{"not_picked":["Gash","Beam Cell+1"],"picked":"Streamline","floor":31},{"not_picked":["Reboot","Electrodynamics"],"picked":"Multi-Cast","floor":35},{"not_picked":["Redo+1","Compile Driver"],"picked":"Heatsinks+1","floor":37},{"not_picked":["Reprogram+1","Genetic Algorithm"],"picked":"Steam Power","floor":38},{"not_picked":["Loop","Darkness+1"],"picked":"Capacitor+1","floor":40},{"not_picked":["Go for the Eyes+1","Fusion"],"picked":"Self Repair","floor":44},{"not_picked":["Rebound+1","Loop"],"picked":"Scrape","floor":47},{"not_picked":["Melter+1","Streamline"],"picked":"Gash","floor":48},{"not_picked":["Sweeping Beam+1","Gash"],"picked":"Steam+1","floor":51}],"player_experience":2542173,"relics_obtained":[{"floor":6,"key":"Regal Pillow"},{"floor":9,"key":"Happy Flower"},{"floor":12,"key":"Singing Bowl"},{"floor":21,"key":"Anchor"},{"floor":24,"key":"Gambling Chip"},{"floor":27,"key":"Blue Candle"},{"floor":44,"key":"Unceasing Top"},{"floor":45,"key":"Pantograph"},{"floor":47,"key":"Centennial Puzzle"}],"event_choices":[{"damage_healed":0,"gold_gain":0,"player_choice":"Got Potions","damage_taken":0,"max_hp_gain":0,"max_hp_loss":0,"event_name":"Lab","floor":2,"gold_loss":0},{"damage_healed":0,"gold_gain":0,"cards_transformed":["Static Discharge"],"player_choice":"Transformed","damage_taken":0,"max_hp_gain":0,"max_hp_loss":0,"event_name":"Transmorgrifier","floor":5,"gold_loss":0,"cards_obtained":["Barrage"]},{"damage_healed":0,"gold_gain":0,"player_choice":"Ignored","damage_taken":0,"max_hp_gain":0,"max_hp_loss":0,"event_name":"Ghosts","floor":20,"gold_loss":0},{"damage_healed":0,"gold_gain":0,"player_choice":"1 cards matched","damage_taken":0,"max_hp_gain":0,"max_hp_loss":0,"event_name":"Match and Keep!","floor":25,"gold_loss":0,"cards_obtained":["Panacea"]},{"damage_healed":0,"gold_gain":0,"player_choice":"Trade","damage_taken":0,"relics_obtained":["SsserpentHead"],"max_hp_gain":0,"max_hp_loss":0,"event_name":"FaceTrader","floor":39,"gold_loss":0},{"damage_healed":0,"gold_gain":0,"player_choice":"Fight","damage_taken":0,"max_hp_gain":0,"max_hp_loss":0,"event_name":"MindBloom","floor":44,"gold_loss":0},{"damage_healed":0,"gold_gain":0,"player_choice":"Paid","damage_taken":0,"relics_obtained":["Red Mask"],"max_hp_gain":0,"max_hp_loss":0,"event_name":"Tomb of Lord Red Mask","floor":50,"gold_loss":144}],"is_beta":false,"boss_relics":[{"not_picked":["Empty Cage","Runic Dome"],"picked":"White Beast Statue"},{"not_picked":["Black Star","Fusion Hammer"],"picked":"Velvet Choker"}],"items_purged_floors":[22,49],"is_endless":false,"potions_floor_spawned":[3,4,6,13,19,23,24,29,31,35,37,38,40,41,44,47,48,51],"killed_by":"Awakened One","ascension_level":1}