{"gold_per_floor":[117,267,267,55,68,39,54,54,54,54,89,89,101,120,120,194,194,206,221,271,271,288,288,288],"floor_reached":24,"playtime":2637,"items_purged":["Doubt"],"score":353,"play_id":"c34d2460-1580-44c7-8948-97c2e797b858","local_time":"20190304102631","is_ascension_mode":true,"campfire_choices":[{"data":"Creative AI","floor":8,"key":"SMITH"},{"data":"Defragment","floor":10,"key":"SMITH"},{"floor":12,"key":"REST"},{"floor":15,"key":"REST"},{"floor":23,"key":"REST"}],"neow_cost":"NONE","seed_source_timestamp":1108436685514057,"circlet_count":0,"master_deck":["AscendersBane","Strike_B","Strike_B","Strike_B","Strike_B","Defend_B","Defend_B","Defend_B","Defend_B","Zap","Dualcast","Ball Lightning","Creative AI+1","Defragment+1","Ball Lightning","White Noise","Conserve Battery","Machine Learning","Reboot","Storm","Loop","Writhe","Streamline"],"relics":["Cracked Core","Dodecahedron","The Courier","Lizard Tail","Meat on the Bone"],"potions_floor_usage":[1,11,16],"damage_taken":[{"damage":0,"enemies":"Jaw Worm","floor":1,"turns":3},{"damage":0,"enemies":"Cultist","floor":5,"turns":3},{"damage":0,"enemies":"Small Slimes","floor":7,"turns":2},{"damage":23,"enemies":"3 Sentries","floor":11,"turns":6},{"damage":16,"enemies":"Blue Slaver","floor":13,"turns":2},{"damage":19,"enemies":"2 Fungi Beasts","floor":14,"turns":4},{"damage":41,"enemies":"The Guardian","floor":16,"turns":9},{"damage":30,"enemies":"Chosen","floor":18,"turns":6},{"damage":13,"enemies":"3 Byrds","floor":19,"turns":3},{"damage":52,"enemies":"Centurion and Healer","floor":22,"turns":7},{"damage":41,"enemies":"Slavers","floor":24,"turns":2}],"seed_played":"2975125538719187114","potions_obtained":[{"floor":0,"key":"SkillPotion"},{"floor":0,"key":"FearPotion"},{"floor":14,"key":"Regen Potion"}],"is_trial":false,"path_per_floor":["M","?","?","$","M","$","M","R","T","R","E","R","M","M","R","B",null,"M","M","?","?","M","R","E"],"character_chosen":"DEFECT","items_purchased":["Creative AI","Block Potion","Ball Lightning"],"campfire_rested":3,"item_purchase_floors":[4,4,6],"current_hp_per_floor":[64,64,64,64,64,64,64,64,64,64,41,62,46,27,48,22,59,29,16,16,16,13,34,0],"gold":288,"neow_bonus":"THREE_SMALL_POTIONS","is_prod":false,"is_daily":false,"chose_seed":false,"campfire_upgraded":2,"win_rate":0,"timestamp":1551687991,"path_taken":["M","?","?","$","M","?","M","R","T","R","E","R","M","?","R","BOSS","M","M","?","?","M","R","E"],"build_version":"2019-01-23","purchased_purges":1,"victory":false,"max_hp_per_floor":[71,71,71,71,71,71,71,71,71,71,71,71,71,71,71,71,71,71,71,71,71,71,71,71],"card_choices":[{"not_picked":["Tempest","Go for the Eyes"],"picked":"Ball Lightning","floor":1},{"not_picked":["Redo","Beam Cell"],"picked":"Defragment","floor":5},{"not_picked":["Streamline","Go for the Eyes","Reinforced Body"],"picked":"SKIP","floor":7},{"not_picked":["Steam","BootSequence"],"picked":"White Noise","floor":11},{"not_picked":["Go for the Eyes","Turbo"],"picked":"Conserve Battery","floor":13},{"not_picked":["Go for the Eyes","Stack"],"picked":"Machine Learning","floor":14},{"not_picked":["Hyperbeam","Multi-Cast"],"picked":"Reboot","floor":16},{"not_picked":["Compile Driver+1","Auto Shields"],"picked":"Storm","floor":18},{"not_picked":["Chaos","Turbo+1"],"picked":"Loop","floor":19},{"not_picked":["Turbo","Stack"],"picked":"Streamline","floor":22}],"player_experience":1026393,"relics_obtained":[{"floor":9,"key":"Dodecahedron"},{"floor":11,"key":"The Courier"}],"event_choices":[{"damage_healed":0,"gold_gain":150,"player_choice":"AGREE","damage_taken":0,"max_hp_gain":0,"max_hp_loss":0,"event_name":"Liars Game","floor":2,"gold_loss":0,"cards_obtained":["Doubt"]},{"damage_healed":0,"gold_gain":0,"player_choice":"Ignored","damage_taken":0,"max_hp_gain":0,"max_hp_loss":0,"event_name":"Shining Light","floor":3,"gold_loss":0},{"damage_healed":0,"gold_gain":50,"player_choice":"Stole From Cult","damage_taken":0,"max_hp_gain":0,"max_hp_loss":0,"event_name":"Nest","floor":20,"gold_loss":0},{"damage_healed":0,"gold_gain":0,"player_choice":"Opened","damage_taken":0,"relics_obtained":["Meat on the Bone"],"max_hp_gain":0,"max_hp_loss":0,"event_name":"The Mausoleum","floor":21,"gold_loss":0,"cards_obtained":["Writhe"]}],"is_beta":false,"boss_relics":[{"not_picked":["Velvet Choker","Empty Cage"],"picked":"Lizard Tail"}],"items_purged_floors":[4],"is_endless":false,"potions_floor_spawned":[5,14],"killed_by":"Slavers","ascension_level":16}