{"gold_per_floor":[119,44,44,61,71,71,71,71,71,81,98,14,14,14,14,111,111,124,143,43,56,56,7,7,20,20,20,20,34,68,82,82,82],"floor_reached":33,"playtime":3256,"items_purged":["Strike_G","Strike_G"],"score":270,"play_id":"03649481-464d-4cb3-b1f8-3e9b1e796a9b","local_time":"20190311204833","is_ascension_mode":true,"campfire_choices":[{"data":"Dagger Spray","floor":6.0,"key":"SMITH"},{"data":"Neutralize","floor":8.0,"key":"SMITH"},{"data":"Skewer","floor":13.0,"key":"SMITH"},{"data":"Blade Dance","floor":15.0,"key":"SMITH"},{"data":"Accuracy","floor":24.0,"key":"SMITH"},{"data":"Blade Dance","floor":28.0,"key":"SMITH"},{"floor":32,"key":"REST"}],"neow_cost":"NONE","seed_source_timestamp":0,"circlet_count":0,"master_deck":["Defend_G","Defend_G","Defend_G","Defend_G","Defend_G","Strike_G","Survivor","Neutralize+1","Flechettes","Acrobatics","PiercingWail","Dagger Spray+1","Accuracy+1","Blade Dance+1","Skewer+1","Backflip","Burst","Noxious Fumes+1","Crippling Poison+1","Dagger Throw+1","Blade Dance+1","Deflect","Dagger Throw"],"special_seed":0,"relics":["Ring of the Snake","Ornamental Fan","Lizard Tail","Pear","Snake Skull"],"potions_floor_usage":[33,33,33],"damage_taken":[{"damage":1.0,"enemies":"2 Louse","floor":1.0,"turns":3.0},{"damage":0.0,"enemies":"Small Slimes","floor":4.0,"turns":4.0},{"damage":5.0,"enemies":"Jaw Worm","floor":5.0,"turns":4.0},{"damage":0.0,"enemies":"Blue Slaver","floor":10.0,"turns":4.0},{"damage":8.0,"enemies":"Exordium Thugs","floor":11.0,"turns":4.0},{"damage":10.0,"enemies":"Hexaghost","floor":16.0,"turns":11.0},{"damage":5.0,"enemies":"Shell Parasite","floor":18.0,"turns":8.0},{"damage":11.0,"enemies":"Chosen","floor":19.0,"turns":5.0},{"damage":15.0,"enemies":"Centurion and Healer","floor":21.0,"turns":6.0},{"damage":10.0,"enemies":"Snecko","floor":25.0,"turns":4.0},{"damage":17.0,"enemies":"Chosen and Byrds","floor":29.0,"turns":6.0},{"damage":3,"enemies":"Gremlin Leader","floor":30,"turns":6},{"damage":14,"enemies":"Centurion and Healer","floor":31,"turns":6},{"damage":86,"enemies":"Collector","floor":33,"turns":6}],"seed_played":"3689409699195847592","potions_obtained":[{"floor":1.0,"key":"Regen Potion"},{"floor":11.0,"key":"EssenceOfSteel"},{"floor":18.0,"key":"EssenceOfSteel"},{"floor":25.0,"key":"Fire Potion"},{"floor":30,"key":"FearPotion"}],"is_trial":false,"path_per_floor":["M","$","?","M","M","R","?","R","T","M","M","$","R","$","R","B",null,"M","M","$","M","?","$","R","M","T","?","R","M","E","M","R","B"],"character_chosen":"THE_SILENT","items_purchased":["Skewer","Backflip","Blade Dance"],"campfire_rested":1,"item_purchase_floors":[12,12,23],"current_hp_per_floor":[69,69,69,69,64,64,57,57,57,57,49,49,49,49,49,39,70,65,54,54,39,39,39,39,29,39,39,39,22,19,5,29,0],"gold":82,"neow_bonus":"THREE_CARDS","is_prod":false,"is_daily":false,"chose_seed":false,"campfire_upgraded":6,"win_rate":0,"timestamp":1552304913,"path_taken":["M","$","?","M","M","R","?","R","T","M","M","$","R","?","R","BOSS","M","M","$","M","?","?","R","M","T","?","R","M","E","M","R","BOSS"],"build_version":"2019-01-23","purchased_purges":2,"victory":false,"max_hp_per_floor":[70,70,70,70,70,70,70,70,70,70,70,70,70,70,70,70,70,70,70,70,70,70,70,70,70,80,80,80,80,80,80,80,80],"card_choices":[{"not_picked":["Flying Knee","Heel Hook"],"picked":"Flechettes","floor":0.0},{"not_picked":["Flechettes","Deflect"],"picked":"Acrobatics","floor":1.0},{"not_picked":["Prepared","Skewer"],"picked":"PiercingWail","floor":4.0},{"not_picked":["Cloak And Dagger","Quick Slash"],"picked":"Dagger Spray","floor":5.0},{"not_picked":["Deadly Poison","Underhanded Strike"],"picked":"Accuracy","floor":10.0},{"not_picked":["Underhanded Strike","Dodge and Roll"],"picked":"Blade Dance","floor":11.0},{"not_picked":["A Thousand Cuts","Adrenaline"],"picked":"Burst","floor":16.0},{"not_picked":["PiercingWail","Flying Knee+1"],"picked":"Noxious Fumes+1","floor":18.0},{"not_picked":["PiercingWail","Leg Sweep+1"],"picked":"Crippling Poison+1","floor":19.0},{"not_picked":["Slice+1","Dagger Spray+1"],"picked":"Dagger Throw+1","floor":21.0},{"not_picked":["Quick Slash","Expertise"],"picked":"Deflect","floor":25.0},{"not_picked":["PiercingWail","Flechettes"],"picked":"Dagger Throw","floor":29.0},{"not_picked":["Riddle With Holes","Underhanded Strike+1","Dodge and Roll"],"picked":"SKIP","floor":30},{"not_picked":["Bane","Predator+1","Glass Knife"],"picked":"SKIP","floor":31}],"player_experience":129492,"relics_obtained":[{"floor":9.0,"key":"Ornamental Fan"},{"floor":26.0,"key":"Pear"},{"floor":30,"key":"Snake Skull"}],"event_choices":[{"damage_healed":0.0,"max_hp_gain":0.0,"max_hp_loss":0.0,"gold_gain":0.0,"event_name":"The Cleric","player_choice":"Leave","floor":3.0,"gold_loss":0.0,"damage_taken":0.0},{"cards_removed":["Strike_G"],"damage_healed":0.0,"max_hp_gain":0.0,"max_hp_loss":0.0,"gold_gain":0.0,"event_name":"Golden Wing","player_choice":"Card Removal","floor":7.0,"gold_loss":0.0,"damage_taken":7.0},{"cards_removed":["Strike_G"],"damage_healed":0.0,"max_hp_gain":0.0,"max_hp_loss":0.0,"gold_gain":0.0,"event_name":"Purifier","player_choice":"Purged","floor":22.0,"gold_loss":0.0,"damage_taken":0.0},{"damage_healed":0.0,"max_hp_gain":0.0,"max_hp_loss":0.0,"gold_gain":0.0,"event_name":"Beggar","player_choice":"Ignored","floor":27.0,"gold_loss":0.0,"damage_taken":0.0}],"is_beta":false,"boss_relics":[{"not_picked":["Philosopher\u0027s Stone","Velvet Choker"],"picked":"Lizard Tail"}],"items_purged_floors":[2,20],"is_endless":false,"potions_floor_spawned":[1,11,18,25,30,31],"killed_by":"Collector","ascension_level":1}