{"gold_per_floor":[115,129,139,139,89,89,41,41,41,41,41,41,41,70,70,70,168,168,179,179,179,191,191,191,225,225,271,271,271,284,300,300],"floor_reached":32,"playtime":2213,"items_purged":[],"score":317,"play_id":"ae73a743-b350-4c8f-9d67-65712fa749c9","local_time":"20190323213405","is_ascension_mode":true,"campfire_choices":[{"data":"Feed","floor":6,"key":"SMITH"},{"data":"True Grit","floor":8,"key":"SMITH"},{"data":"Carnage","floor":11,"key":"SMITH"},{"data":"Rampage","floor":13,"key":"SMITH"},{"data":"Flame Barrier","floor":16,"key":"SMITH"},{"data":"Searing Blow+1","floor":24,"key":"SMITH"},{"data":"Barricade","floor":26,"key":"SMITH"},{"floor":29,"key":"DIG"}],"neow_cost":"NONE","seed_source_timestamp":9080777064200,"circlet_count":0,"master_deck":["Rampage+1","Flame Barrier","Flame Barrier+1","Shrug It Off","Exhume","Feed+1","True Grit+1","Barricade+1","Searing Blow+2","Sever Soul","Fiend Fire","Perfected Strike+1","Sever Soul","Hemokinesis+1"],"relics":["Empty Cage","Oddly Smooth Stone","Question Card","Astrolabe","Meat on the Bone","Shovel","Orichalcum","Dream Catcher"],"potions_floor_usage":[25,32],"damage_taken":[{"damage":0,"enemies":"Cultist","floor":1,"turns":3},{"damage":3,"enemies":"Jaw Worm","floor":2,"turns":2},{"damage":5,"enemies":"2 Louse","floor":3,"turns":4},{"damage":30,"enemies":"Gremlin Nob","floor":14,"turns":4},{"damage":22,"enemies":"Hexaghost","floor":17,"turns":10},{"damage":1,"enemies":"3 Byrds","floor":19,"turns":4},{"damage":6,"enemies":"Spheric Guardian","floor":22,"turns":8},{"damage":53,"enemies":"Gremlin Leader","floor":25,"turns":15},{"damage":14,"enemies":"Shelled Parasite and Fungi","floor":30,"turns":10},{"damage":38,"enemies":"Sentry and Sphere","floor":31,"turns":10},{"damage":53,"enemies":"Book of Stabbing","floor":32,"turns":4}],"seed_played":"-638222735897634929","potions_obtained":[{"floor":2,"key":"PowerPotion"},{"floor":19,"key":"AttackPotion"}],"is_trial":false,"path_per_floor":["M","M","M","?","?","R","$","R","T","T","R","$","R","E","$","R","B",null,"M","?","?","M","?","R","E","R","T","T","R","M","M","E"],"character_chosen":"IRONCLAD","items_purchased":["True Grit"],"campfire_rested":0,"item_purchase_floors":[7],"current_hp_per_floor":[83,83,84,84,84,84,84,84,84,84,84,84,84,58,58,58,40,100,103,103,103,101,101,101,60,60,60,60,60,66,48,0],"gold":300,"neow_bonus":"BOSS_RELIC","is_prod":false,"is_daily":false,"chose_seed":false,"campfire_upgraded":7,"win_rate":0,"timestamp":1553344445,"path_taken":["M","?","M","?","?","R","?","R","T","R","$","R","E","$","R","BOSS","M","?","?","M","?","R","E","R","T","R","M","?","E"],"build_version":"2019-01-23","purchased_purges":0,"victory":false,"max_hp_per_floor":[83,86,92,92,92,92,92,92,92,92,92,92,92,96,96,96,100,100,104,104,104,108,108,108,108,108,108,108,108,116,124,124],"card_choices":[{"not_picked":["Warcry","Clothesline"],"picked":"Perfected Strike","floor":1},{"not_picked":["Armaments","Havoc"],"picked":"Evolve","floor":2},{"not_picked":["Anger","Thunderclap"],"picked":"Heavy Blade","floor":3},{"not_picked":["Impervious","Offering","Demon Form"],"picked":"Barricade","floor":17},{"not_picked":["Sentinel+1","Dropkick","Body Slam"],"picked":"Carnage+1","floor":19},{"not_picked":["Armaments","Hemokinesis","Flex"],"picked":"Perfected Strike+1","floor":22},{"not_picked":["Cleave","Sword Boomerang","Headbutt"],"picked":"Sever Soul","floor":25},{"not_picked":["Warcry+1","Pummel","Twin Strike"],"picked":"Hemokinesis+1","floor":31}],"player_experience":2513758,"relics_obtained":[{"floor":9,"key":"Oddly Smooth Stone"},{"floor":14,"key":"Question Card"},{"floor":25,"key":"Shovel"},{"floor":27,"key":"Orichalcum"},{"floor":29,"key":"Dream Catcher"}],"event_choices":[{"cards_removed":["Perfected Strike"],"damage_healed":0,"gold_gain":0,"player_choice":"Forget","damage_taken":0,"max_hp_gain":0,"max_hp_loss":0,"event_name":"Living Wall","floor":4,"gold_loss":0},{"cards_removed":["Heavy Blade"],"damage_healed":0,"gold_gain":0,"player_choice":"Card Removal","damage_taken":0,"max_hp_gain":0,"max_hp_loss":0,"event_name":"The Cleric","floor":5,"gold_loss":50},{"cards_removed":["Sever Soul"],"damage_healed":0,"gold_gain":0,"player_choice":"Elegance","damage_taken":0,"max_hp_gain":0,"max_hp_loss":0,"event_name":"Back to Basics","floor":20,"gold_loss":0},{"damage_healed":0,"gold_gain":0,"cards_transformed":["Brutality","Carnage"],"player_choice":"Became Test Subject","damage_taken":0,"max_hp_gain":0,"max_hp_loss":0,"event_name":"Drug Dealer","floor":21,"gold_loss":0,"cards_obtained":["Sever Soul","Fiend Fire"]},{"damage_healed":0,"gold_gain":0,"player_choice":"Opened","damage_taken":0,"relics_obtained":["Meat on the Bone"],"max_hp_gain":0,"max_hp_loss":0,"event_name":"The Mausoleum","floor":23,"gold_loss":0}],"is_beta":false,"boss_relics":[{"not_picked":["Fusion Hammer","Sozu"],"picked":"Astrolabe"}],"items_purged_floors":[],"is_endless":false,"potions_floor_spawned":[2,19],"killed_by":"Book of Stabbing","ascension_level":1}