{"gold_per_floor":[113,123,123,48,61,61,87,87,141,174,174,186,199,230,230,301,301,321,321,296,221,221],"floor_reached":22,"playtime":802,"items_purged":[],"score":408,"play_id":"6568d863-3dc9-4062-bb1c-ce62ce9107c4","local_time":"20190306140108","is_ascension_mode":true,"campfire_choices":[{"data":"Coolheaded","floor":6,"key":"SMITH"},{"data":"Zap","floor":8,"key":"SMITH"},{"data":"Blizzard","floor":15,"key":"SMITH"}],"neow_cost":"NONE","seed_source_timestamp":130808793666700,"circlet_count":0,"master_deck":["AscendersBane","Strike_B","Strike_B","Strike_B","Strike_B","Defend_B","Defend_B+1","Defend_B+1","Zap+1","Dualcast","Gash","Coolheaded+1","Cold Snap","FTL","Coolheaded","Blizzard+1","Glacier","Doom and Gloom","Echo Form+1","White Noise+1","Double Energy"],"relics":["FrozenCore","NeowsBlessing","War Paint","Gambling Chip","Regal Pillow","Frozen Egg 2","Bag of Preparation"],"potions_floor_usage":[16],"damage_taken":[{"damage":0,"enemies":"2 Louse","floor":1,"turns":1},{"damage":0,"enemies":"Jaw Worm","floor":2,"turns":1},{"damage":0,"enemies":"Small Slimes","floor":5,"turns":1},{"damage":28,"enemies":"Lagavulin","floor":7,"turns":9},{"damage":11,"enemies":"3 Sentries","floor":10,"turns":10},{"damage":6,"enemies":"Red Slaver","floor":12,"turns":3},{"damage":0,"enemies":"Blue Slaver","floor":13,"turns":3},{"damage":3,"enemies":"Lagavulin","floor":14,"turns":10},{"damage":36,"enemies":"Slime Boss","floor":16,"turns":8},{"damage":0,"enemies":"Spheric Guardian","floor":18,"turns":5},{"damage":21,"enemies":"2 Thieves","floor":20,"turns":5},{"damage":26,"enemies":"Masked Bandits","floor":22,"turns":3}],"seed_played":"8578648557567873325","potions_obtained":[{"floor":5,"key":"SpeedPotion"},{"floor":7,"key":"Energy Potion"},{"floor":12,"key":"Explosive Potion"},{"floor":13,"key":"FairyPotion"}],"is_trial":false,"path_per_floor":["M","M","?","?","M","R","E","R","T","E","?","M","M","E","R","B",null,"M","?","M","?","?"],"character_chosen":"DEFECT","items_purchased":[],"campfire_rested":0,"item_purchase_floors":[],"current_hp_per_floor":[64,64,64,64,64,64,36,36,36,25,25,19,19,16,16,7,55,55,55,34,34,8],"gold":221,"neow_bonus":"THREE_ENEMY_KILL","is_prod":false,"is_daily":false,"chose_seed":false,"campfire_upgraded":3,"win_rate":0,"timestamp":1551848468,"path_taken":["M","M","?","?","M","R","E","R","T","E","?","M","M","E","R","BOSS","M","?","?","?","?"],"build_version":"2019-01-23","purchased_purges":0,"victory":false,"max_hp_per_floor":[71,71,71,71,71,71,71,71,71,71,71,71,71,71,71,71,71,71,71,71,71,71],"card_choices":[{"not_picked":["Stack","Static Discharge"],"picked":"Gash","floor":1},{"not_picked":["Capacitor","Reinforced Body"],"picked":"Coolheaded","floor":2},{"not_picked":["Steam","Go for the Eyes"],"picked":"Cold Snap","floor":5},{"not_picked":["Hologram","Redo"],"picked":"FTL","floor":7},{"not_picked":["Storm","Ball Lightning"],"picked":"Coolheaded","floor":10},{"not_picked":["Steam","Ball Lightning"],"picked":"Blizzard","floor":12},{"not_picked":["Cold Snap","Turbo"],"picked":"Glacier","floor":13},{"not_picked":["Rebound","Conserve Battery"],"picked":"Doom and Gloom","floor":14},{"not_picked":["Buffer+1","Reboot"],"picked":"Echo Form+1","floor":16},{"not_picked":["Cold Snap","Go for the Eyes"],"picked":"White Noise+1","floor":18},{"not_picked":["BootSequence+1","Streamline"],"picked":"Double Energy","floor":20}],"player_experience":2031522,"relics_obtained":[{"floor":7,"key":"Gambling Chip"},{"floor":9,"key":"Regal Pillow"},{"floor":10,"key":"Frozen Egg 2"},{"floor":14,"key":"Bag of Preparation"}],"event_choices":[{"damage_healed":0,"gold_gain":0,"player_choice":"Box","damage_taken":0,"relics_obtained":["War Paint"],"max_hp_gain":0,"max_hp_loss":0,"event_name":"Big Fish","floor":3,"gold_loss":0,"cards_obtained":["Regret"]},{"cards_removed":["Regret"],"damage_healed":0,"gold_gain":0,"player_choice":"Card Removal","damage_taken":0,"max_hp_gain":0,"max_hp_loss":0,"event_name":"The Cleric","floor":4,"gold_loss":75},{"damage_healed":0,"gold_gain":0,"player_choice":"Ignored","damage_taken":0,"max_hp_gain":0,"max_hp_loss":0,"event_name":"Liars Game","floor":11,"gold_loss":0},{"damage_healed":0,"gold_gain":0,"player_choice":"0 cards matched","damage_taken":0,"max_hp_gain":0,"max_hp_loss":0,"event_name":"Match and Keep!","floor":19,"gold_loss":0,"cards_obtained":[]},{"cards_removed":["Defend_B"],"damage_healed":0,"gold_gain":0,"player_choice":"Gave Gold","damage_taken":0,"max_hp_gain":0,"max_hp_loss":0,"event_name":"Beggar","floor":21,"gold_loss":75},{"damage_healed":0,"gold_gain":0,"player_choice":"Fought Bandits","damage_taken":0,"max_hp_gain":0,"max_hp_loss":0,"event_name":"Masked Bandits","floor":22,"gold_loss":0}],"is_beta":false,"boss_relics":[{"not_picked":["Velvet Choker","Nuclear Battery"],"picked":"FrozenCore"}],"items_purged_floors":[],"is_endless":false,"potions_floor_spawned":[5,7,12,13],"killed_by":"Masked Bandits","ascension_level":20}