{"gold_per_floor":[113,3,3,3,18,18,79,93,144,144,160,160,225,239,239,317,317,332,332,332],"floor_reached":20,"playtime":1102,"items_purged":[],"score":374,"play_id":"dbd64f3a-07aa-41e9-bd0b-e9798d17a0f0","local_time":"20190312194358","is_ascension_mode":true,"campfire_choices":[{"data":"Genetic Algorithm","floor":6,"key":"SMITH"},{"data":"Darkness","floor":12,"key":"SMITH"},{"floor":15,"key":"REST"}],"neow_cost":"NONE","seed_source_timestamp":613726178759824,"circlet_count":0,"master_deck":["AscendersBane","Zap","Dualcast","Darkness+1","Conserve Battery","Genetic Algorithm+1","Leap","Ball Lightning","Leap","Cold Snap","Hello World","Self Repair","Echo Form","Core Surge","Stack","Compile Driver","Auto Shields","FTL","Consume","Machine Learning","Auto Shields","Redo"],"relics":["Cracked Core","NeowsBlessing","Tiny Chest","Dream Catcher","Regal Pillow","Pandora\u0027s Box"],"potions_floor_usage":[8,13,16,20],"damage_taken":[{"damage":0,"enemies":"Small Slimes","floor":1,"turns":1},{"damage":0,"enemies":"Jaw Worm","floor":5,"turns":1},{"damage":0,"enemies":"3 Sentries","floor":7,"turns":1},{"damage":3,"enemies":"2 Louse","floor":8,"turns":4},{"damage":3,"enemies":"Looter","floor":11,"turns":4},{"damage":52,"enemies":"Lagavulin Event","floor":13,"turns":7},{"damage":2,"enemies":"Exordium Wildlife","floor":14,"turns":4},{"damage":2,"enemies":"Slime Boss","floor":16,"turns":7},{"damage":24,"enemies":"Shell Parasite","floor":18,"turns":8},{"damage":80,"enemies":"Masked Bandits","floor":20,"turns":5}],"seed_played":"9172949810591907493","potions_obtained":[{"floor":5,"key":"Energy Potion"},{"floor":7,"key":"SkillPotion"},{"floor":8,"key":"Fruit Juice"},{"floor":13,"key":"FearPotion"},{"floor":14,"key":"PowerPotion"}],"is_trial":false,"path_per_floor":["M","$","?","$","M","R","E","M","T","?","M","R","?","M","R","B",null,"M","?","?"],"character_chosen":"DEFECT","items_purchased":["PowerPotion","Conserve Battery"],"campfire_rested":1,"item_purchase_floors":[2,2],"current_hp_per_floor":[64,64,64,64,64,64,64,66,66,66,63,63,11,9,46,51,70,53,68,0],"gold":332,"neow_bonus":"THREE_ENEMY_KILL","is_prod":false,"is_daily":false,"chose_seed":false,"campfire_upgraded":2,"win_rate":0,"timestamp":1552412638,"path_taken":["M","$","?","$","M","R","E","M","T","?","M","R","?","M","R","BOSS","M","?","?"],"build_version":"2019-01-23","purchased_purges":0,"victory":false,"max_hp_per_floor":[71,71,71,71,71,71,71,76,76,76,76,76,76,76,76,76,76,76,76,76],"card_choices":[{"not_picked":["Beam Cell","Streamline"],"picked":"Darkness","floor":1},{"not_picked":["Coolheaded","Stack"],"picked":"Genetic Algorithm","floor":5},{"not_picked":["All For One","Go for the Eyes"],"picked":"Leap","floor":7},{"not_picked":["Beam Cell","Coolheaded"],"picked":"Ball Lightning","floor":8},{"not_picked":["Gash","Hologram"],"picked":"Leap","floor":11},{"not_picked":["Steam Power","Leap"],"picked":"Cold Snap","floor":13},{"not_picked":["Reprogram","Stack"],"picked":"Hello World","floor":14},{"not_picked":["Multi-Cast","Genetic Algorithm"],"picked":"Self Repair","floor":15},{"not_picked":["Thunder Strike","Meteor Strike"],"picked":"Echo Form","floor":16},{"not_picked":["Streamline","Barrage"],"picked":"Redo","floor":18}],"player_experience":1088439,"relics_obtained":[{"floor":7,"key":"Tiny Chest"},{"floor":9,"key":"Dream Catcher"},{"floor":13,"key":"Regal Pillow"}],"event_choices":[{"damage_healed":0,"gold_gain":0,"player_choice":"Leave","damage_taken":0,"max_hp_gain":0,"max_hp_loss":0,"event_name":"The Cleric","floor":3,"gold_loss":0},{"damage_healed":0,"gold_gain":0,"player_choice":"Ignored","damage_taken":0,"max_hp_gain":0,"max_hp_loss":0,"event_name":"Golden Wing","floor":10,"gold_loss":0},{"damage_healed":0,"gold_gain":0,"player_choice":"Searched \u00272\u0027 times","damage_taken":0,"max_hp_gain":0,"max_hp_loss":0,"event_name":"Dead Adventurer","floor":13,"gold_loss":0},{"damage_healed":15,"gold_gain":0,"player_choice":"Heal","damage_taken":0,"max_hp_gain":0,"max_hp_loss":0,"event_name":"The Library","floor":19,"gold_loss":0},{"damage_healed":0,"gold_gain":0,"player_choice":"Fought Bandits","damage_taken":0,"max_hp_gain":0,"max_hp_loss":0,"event_name":"Masked Bandits","floor":20,"gold_loss":0}],"is_beta":false,"boss_relics":[{"not_picked":["Empty Cage","Calling Bell"],"picked":"Pandora\u0027s Box"}],"items_purged_floors":[],"is_endless":false,"potions_floor_spawned":[5,7,8,13,14],"killed_by":"Masked Bandits","ascension_level":18}