{"gold_per_floor":[111,76,94,94,41,41,2,15,15,43,43,71,71,105,105,182,182,194,194,207,217,54,54,54,54,107,107,107,138,63,83,83,156,156,176,187,197,197,215,250,250,263,263,263,275,275,286,316,316,316,316,316,316,81,115,115],"floor_reached":57,"playtime":2674,"items_purged":["Strike_B"],"score":2836,"play_id":"98ff4b10-e89b-448f-b822-d8d535b46cd0","local_time":"20190410214956","is_ascension_mode":true,"campfire_choices":[{"data":"Loop","floor":6.0,"key":"SMITH"},{"floor":11.0,"key":"REST"},{"data":"Zap","floor":13.0,"key":"SMITH"},{"data":"Dualcast","floor":15.0,"key":"SMITH"},{"data":"Blizzard","floor":23.0,"key":"SMITH"},{"data":"Defragment","floor":25.0,"key":"SMITH"},{"floor":27.0,"key":"REST"},{"floor":32.0,"key":"REST"},{"data":"Biased Cognition","floor":41.0,"key":"SMITH"},{"floor":44.0,"key":"REST"},{"floor":49.0,"key":"RECALL"},{"data":"Coolheaded","floor":53,"key":"SMITH"}],"neow_cost":"TEN_PERCENT_HP_LOSS","seed_source_timestamp":328213053110300,"circlet_count":0,"master_deck":["AscendersBane","Strike_B+1","Defend_B","Defend_B","Zap+1","Dualcast+1","Ball Lightning+1","Loop+1","Cold Snap","Chill","Cold Snap","Glacier","Biased Cognition+1","Coolheaded+1","Blizzard+1","Defragment+1","Coolheaded+1","Hologram+1","Core Surge","Seek","Recycle","Capacitor"],"special_seed":0,"relics":["Cracked Core","Pocketwatch","Sundial","Strawberry","Turnip","Empty Cage","Pantograph","Bag of Preparation","Ice Cream","Busted Crown","Symbiotic Virus","Bottled Tornado","Centennial Puzzle"],"potions_floor_usage":[56,56],"damage_taken":[{"damage":7.0,"enemies":"Jaw Worm","floor":1.0,"turns":3.0},{"damage":6.0,"enemies":"2 Louse","floor":3.0,"turns":2.0},{"damage":0.0,"enemies":"Cultist","floor":8.0,"turns":3.0},{"damage":10.0,"enemies":"3 Sentries","floor":10.0,"turns":5.0},{"damage":2.0,"enemies":"Lagavulin","floor":12.0,"turns":5.0},{"damage":11.0,"enemies":"3 Sentries","floor":14.0,"turns":5.0},{"damage":2.0,"enemies":"The Guardian","floor":16.0,"turns":9.0},{"damage":11.0,"enemies":"2 Thieves","floor":18.0,"turns":4.0},{"damage":0.0,"enemies":"Spheric Guardian","floor":20.0,"turns":5.0},{"damage":17.0,"enemies":"3 Cultists","floor":21.0,"turns":6.0},{"damage":0.0,"enemies":"Slavers","floor":24.0,"turns":1.0},{"damage":0.0,"enemies":"Gremlin Leader","floor":29.0,"turns":6.0},{"damage":0.0,"enemies":"Snake Plant","floor":31.0,"turns":5.0},{"damage":47.0,"enemies":"Collector","floor":33.0,"turns":10.0},{"damage":3.0,"enemies":"3 Shapes","floor":35.0,"turns":4.0},{"damage":4.0,"enemies":"Orb Walker","floor":36.0,"turns":4.0},{"damage":17.0,"enemies":"Spire Growth","floor":37.0,"turns":6.0},{"damage":1.0,"enemies":"Jaw Worm Horde","floor":39.0,"turns":4.0},{"damage":14.0,"enemies":"Giant Head","floor":40.0,"turns":9.0},{"damage":1.0,"enemies":"Writhing Mass","floor":42.0,"turns":8.0},{"damage":5.0,"enemies":"Sphere and 2 Shapes","floor":45.0,"turns":4.0},{"damage":0.0,"enemies":"3 Darklings","floor":47.0,"turns":4.0},{"damage":9.0,"enemies":"Nemesis","floor":48.0,"turns":7.0},{"damage":18,"enemies":"Time Eater","floor":50,"turns":16},{"damage":11,"enemies":"Donu and Deca","floor":51,"turns":10},{"damage":40,"enemies":"Shield and Spear","floor":55,"turns":8},{"damage":58,"enemies":"The Heart","floor":56,"turns":11}],"seed_played":"3547084483099782438","potions_obtained":[{"floor":3.0,"key":"Fire Potion"},{"floor":12.0,"key":"Strength Potion"},{"floor":16.0,"key":"SteroidPotion"},{"floor":20.0,"key":"SmokeBomb"},{"floor":21.0,"key":"SpeedPotion"},{"floor":36.0,"key":"PowerPotion"},{"floor":37.0,"key":"PowerPotion"},{"floor":42.0,"key":"Fruit Juice"},{"floor":48.0,"key":"SkillPotion"}],"is_trial":false,"path_per_floor":["M","?","M","?","$","R","$","M","T","E","R","E","R","E","R","B",null,"M","?","M","M","$","R","E","R","T","R","?","E","?","M","R","B",null,"M","M","M","?","M","E","R","M","T","R","M","?","M","E","R","B","B",null,"R","$","E","B",null],"character_chosen":"DEFECT","items_purchased":["Cold Snap","Chill","Blizzard","Defragment","Recycle","Capacitor"],"campfire_rested":4,"item_purchase_floors":[5,7,22,22,54,54],"current_hp_per_floor":[57,64,58,39,39,39,39,39,39,29,48,53,53,42,42,40,63,52,52,52,35,35,35,35,35,35,56,36,36,36,36,58,29,64,61,57,40,40,39,25,25,29,29,53,48,48,48,39,39,46,60,76,76,76,36,3],"gold":115,"neow_bonus":"ONE_RARE_RELIC","is_prod":false,"is_daily":false,"chose_seed":false,"campfire_upgraded":7,"win_rate":0,"timestamp":1554900596,"path_taken":["M","?","M","?","?","R","?","?","T","E","R","E","R","E","R","BOSS","M","?","?","M","$","R","E","R","T","R","?","E","?","?","R","BOSS","M","M","M","?","M","E","R","M","T","R","M","?","?","E","R","BOSS","BOSS","R","$","E","BOSS"],"build_version":"2019-01-23","purchased_purges":1,"victory":true,"max_hp_per_floor":[64,64,64,64,64,64,64,64,64,64,64,71,71,71,71,71,71,71,71,71,71,71,71,71,71,71,71,76,76,76,76,76,76,76,76,76,76,76,76,76,76,81,81,81,81,81,81,81,81,81,81,81,81,81,81,81],"card_choices":[{"not_picked":["Rebound","Conserve Battery"],"picked":"Ball Lightning","floor":1.0},{"not_picked":["Beam Cell","Conserve Battery"],"picked":"Loop","floor":3.0},{"not_picked":["Steam","Fusion"],"picked":"Cold Snap","floor":8.0},{"not_picked":["Beam Cell","Gash","Compile Driver"],"picked":"SKIP","floor":10.0},{"not_picked":["Compile Driver","Steam Power","Fusion"],"picked":"SKIP","floor":12.0},{"not_picked":["Ball Lightning","Sweeping Beam"],"picked":"Glacier","floor":14.0},{"not_picked":["Hyperbeam","Creative AI"],"picked":"Biased Cognition","floor":16.0},{"not_picked":["Rebound","Turbo","Compile Driver"],"picked":"SKIP","floor":18.0},{"not_picked":["Fusion","Barrage","Reprogram"],"picked":"SKIP","floor":20.0},{"not_picked":["Barrage","Sweeping Beam"],"picked":"Coolheaded","floor":21.0},{"not_picked":["Go for the Eyes+1","Auto Shields"],"picked":"Coolheaded+1","floor":29.0},{"not_picked":["Chaos","Genetic Algorithm"],"picked":"Hologram+1","floor":31.0},{"not_picked":["Creative AI","Machine Learning"],"picked":"Core Surge","floor":33.0},{"not_picked":["Cold Snap"],"picked":"SKIP","floor":35.0},{"not_picked":["Go for the Eyes"],"picked":"SKIP","floor":36.0},{"not_picked":["Barrage"],"picked":"SKIP","floor":37.0},{"not_picked":["Go for the Eyes+1"],"picked":"SKIP","floor":39.0},{"not_picked":["Reinforced Body"],"picked":"SKIP","floor":40.0},{"not_picked":["Coolheaded"],"picked":"SKIP","floor":42.0},{"not_picked":["Go for the Eyes"],"picked":"SKIP","floor":45.0},{"not_picked":["Beam Cell"],"picked":"SKIP","floor":47.0},{"not_picked":["Conserve Battery"],"picked":"SKIP","floor":48.0},{"not_picked":["Melter+1"],"picked":"SKIP","floor":55}],"player_experience":3043777,"relics_obtained":[{"floor":9.0,"key":"Sundial"},{"floor":12.0,"key":"Strawberry"},{"floor":14.0,"key":"Turnip"},{"floor":26.0,"key":"Bag of Preparation"},{"floor":29.0,"key":"Ice Cream"},{"floor":40.0,"key":"Symbiotic Virus"},{"floor":48.0,"key":"Bottled Tornado"},{"floor":55,"key":"Centennial Puzzle"}],"event_choices":[{"damage_healed":16.0,"max_hp_gain":0.0,"max_hp_loss":0.0,"gold_gain":0.0,"event_name":"The Cleric","player_choice":"Healed","floor":2.0,"gold_loss":35.0,"damage_taken":0.0},{"damage_healed":0.0,"max_hp_gain":0.0,"max_hp_loss":0.0,"gold_gain":0.0,"event_name":"Shining Light","player_choice":"Entered Light","floor":4.0,"gold_loss":0.0,"damage_taken":19.0,"cards_upgraded":["Ball Lightning","Strike_B"]},{"damage_healed":0.0,"max_hp_gain":0.0,"max_hp_loss":0.0,"gold_gain":0.0,"event_name":"WeMeetAgain","player_choice":"Gave Potion","floor":19.0,"gold_loss":0.0,"damage_taken":0.0,"relics_obtained":["Pantograph"]},{"damage_healed":0.0,"max_hp_gain":5.0,"max_hp_loss":0.0,"gold_gain":0.0,"event_name":"Forgotten Altar","player_choice":"Shed Blood","floor":28.0,"gold_loss":0.0,"damage_taken":25.0},{"cards_removed":["Strike_B"],"damage_healed":0.0,"max_hp_gain":0.0,"max_hp_loss":0.0,"gold_gain":0.0,"event_name":"Designer","player_choice":"Single Remove","floor":30.0,"gold_loss":75.0,"damage_taken":0.0},{"cards_removed":["Defend_B"],"damage_healed":0.0,"max_hp_gain":0.0,"max_hp_loss":0.0,"gold_gain":0.0,"event_name":"Falling","player_choice":"Removed Skill","floor":38.0,"gold_loss":0.0,"damage_taken":0.0},{"damage_healed":0.0,"max_hp_gain":0.0,"max_hp_loss":0.0,"gold_gain":0.0,"event_name":"Match and Keep!","player_choice":"1 cards matched","floor":46.0,"gold_loss":0.0,"damage_taken":0.0,"cards_obtained":["Seek"]}],"is_beta":false,"boss_relics":[{"not_picked":["Fusion Hammer","Cursed Key"],"picked":"Empty Cage"},{"not_picked":["Calling Bell","Sozu"],"picked":"Busted Crown"}],"items_purged_floors":[54],"is_endless":false,"potions_floor_spawned":[3,12,16,20,21,36,37,42,48],"ascension_level":20}