{"gold_per_floor":[109,109,184,196,207,233,233,233],"floor_reached":8,"playtime":282,"items_purged":[],"score":112,"play_id":"cfeb7904-4f26-42b1-823b-6f22901d966a","local_time":"20190326133126","is_ascension_mode":true,"campfire_choices":[{"data":"Fiend Fire","floor":7,"key":"SMITH"}],"neow_cost":"NONE","seed_source_timestamp":153396481392900,"circlet_count":0,"master_deck":["AscendersBane","Strike_R","Strike_R","Strike_R","Strike_R","Strike_R","Defend_R","Defend_R+1","Defend_R","Defend_R+1","Bash","Flame Barrier","Regret","Second Wind","Battle Trance","Fiend Fire+1"],"relics":["Burning Blood","NeowsBlessing","Blood Vial","War Paint"],"potions_floor_usage":[6,8],"damage_taken":[{"damage":0,"enemies":"Cultist","floor":1,"turns":1},{"damage":2,"enemies":"Small Slimes","floor":4,"turns":2},{"damage":0,"enemies":"Jaw Worm","floor":5,"turns":1},{"damage":54,"enemies":"3 Sentries","floor":6,"turns":20},{"damage":25,"enemies":"Lagavulin","floor":8,"turns":7}],"seed_played":"-6561261035020495120","potions_obtained":[{"floor":1,"key":"PowerPotion"},{"floor":5,"key":"Strength Potion"}],"is_trial":false,"path_per_floor":["M","?","?","M","M","E","R","E"],"character_chosen":"IRONCLAD","items_purchased":[],"campfire_rested":0,"item_purchase_floors":[],"current_hp_per_floor":[74,74,63,69,75,27,27,4],"gold":233,"neow_bonus":"THREE_ENEMY_KILL","is_prod":false,"is_daily":false,"chose_seed":false,"campfire_upgraded":1,"win_rate":0,"timestamp":1553574686,"path_taken":["M","?","?","?","M","E","R","E"],"build_version":"2019-01-23","purchased_purges":0,"victory":false,"max_hp_per_floor":[75,75,75,75,75,75,75,75],"card_choices":[{"not_picked":["Headbutt","Metallicize"],"picked":"Flame Barrier","floor":1},{"not_picked":["Pommel Strike","Corruption"],"picked":"Second Wind","floor":4},{"not_picked":["Pommel Strike","Thunderclap"],"picked":"Battle Trance","floor":5},{"not_picked":["Rage","Pummel"],"picked":"Fiend Fire","floor":6}],"player_experience":2599059,"relics_obtained":[{"floor":6,"key":"War Paint"}],"event_choices":[{"damage_healed":0,"gold_gain":0,"player_choice":"Box","damage_taken":0,"relics_obtained":["Blood Vial"],"max_hp_gain":0,"max_hp_loss":0,"event_name":"Big Fish","floor":2,"gold_loss":0,"cards_obtained":["Regret"]},{"damage_healed":0,"gold_gain":75,"player_choice":"Gather Gold","damage_taken":11,"max_hp_gain":0,"max_hp_loss":0,"event_name":"World of Goop","floor":3,"gold_loss":0}],"is_beta":false,"boss_relics":[],"items_purged_floors":[],"is_endless":false,"potions_floor_spawned":[1,5],"killed_by":"Lagavulin","ascension_level":20}