{"gold_per_floor":[119,41,61,4,4,33,48,64,64,8,8,28,28,83,83,162,162,181,71,89,100,114,114,130,130,155,171,186,216,251,176,176,176],"floor_reached":33,"playtime":1029,"items_purged":[],"score":573,"play_id":"64c3812f-4aa2-4ef6-b3ec-15e1b76fb143","local_time":"20190405204834","is_ascension_mode":true,"campfire_choices":[{"data":"True Grit","floor":11.0,"key":"SMITH"},{"floor":13.0,"key":"REST"},{"data":"Barricade","floor":15.0,"key":"SMITH"},{"floor":23.0,"key":"REST"},{"floor":25.0,"key":"REST"},{"floor":32,"key":"REST"}],"neow_cost":"NONE","seed_source_timestamp":639109654759600,"circlet_count":0,"master_deck":["AscendersBane","Strike_R","Strike_R","Strike_R","Strike_R","Defend_R","Defend_R","Defend_R","Defend_R","Bash","Feel No Pain","True Grit+1","Shockwave","Barricade+1","True Grit","Body Slam","Offering","Shrug It Off","Armaments","Flame Barrier+1","Ghostly Armor","Corruption","Seeing Red","Disarm","True Grit","Battle Trance","Reckless Charge+1","True Grit"],"special_seed":0,"relics":["Runic Dome","Anchor","WarpedTongs","Champion Belt","Red Skull","Orrery","Vajra","Tiny Chest","Red Mask"],"potions_floor_usage":[30,30],"damage_taken":[{"damage":7.0,"enemies":"Jaw Worm","floor":1.0,"turns":3.0},{"damage":0.0,"enemies":"Cultist","floor":3.0,"turns":3.0},{"damage":14.0,"enemies":"3 Sentries","floor":6.0,"turns":15.0},{"damage":4.0,"enemies":"Small Slimes","floor":7.0,"turns":4.0},{"damage":24.0,"enemies":"Exordium Thugs","floor":8.0,"turns":7.0},{"damage":18.0,"enemies":"Large Slime","floor":12.0,"turns":18.0},{"damage":16.0,"enemies":"Slime Boss","floor":16.0,"turns":10.0},{"damage":25.0,"enemies":"Spheric Guardian","floor":18.0,"turns":6.0},{"damage":6.0,"enemies":"3 Byrds","floor":20.0,"turns":6.0},{"damage":10.0,"enemies":"Centurion and Healer","floor":21.0,"turns":5.0},{"damage":12.0,"enemies":"Sentry and Sphere","floor":22.0,"turns":6.0},{"damage":1.0,"enemies":"Snecko","floor":24.0,"turns":6.0},{"damage":12.0,"enemies":"Snake Plant","floor":27.0,"turns":4.0},{"damage":11.0,"enemies":"Centurion and Healer","floor":28.0,"turns":6.0},{"damage":23,"enemies":"Masked Bandits","floor":30,"turns":5},{"damage":27,"enemies":"Automaton","floor":33,"turns":2}],"seed_played":"4137444772823686878","potions_obtained":[{"floor":7.0,"key":"FearPotion"},{"floor":12.0,"key":"EntropicBrew"},{"floor":30,"key":"SteroidPotion"}],"is_trial":false,"path_per_floor":["M","?","M","$","?","E","M","M","T","$","R","M","R","T","R","B",null,"M","?","M","M","M","R","M","R","T","M","M","T","?","?","R","B"],"character_chosen":"IRONCLAD","items_purchased":["True Grit","True Grit"],"campfire_rested":4,"item_purchase_floors":[4,10],"current_hp_per_floor":[61,61,61,61,61,47,43,19,19,19,19,1,23,23,23,7,58,33,33,27,17,5,27,26,48,48,36,25,25,2,2,24,0],"gold":176,"neow_bonus":"BOSS_RELIC","is_prod":false,"is_daily":false,"chose_seed":false,"campfire_upgraded":2,"win_rate":0,"timestamp":1554464914,"path_taken":["M","?","?","$","?","E","?","M","T","?","R","M","R","?","R","BOSS","M","?","M","?","M","R","M","R","T","M","?","?","?","?","R","BOSS"],"build_version":"2019-01-23","purchased_purges":0,"victory":false,"max_hp_per_floor":[75,75,75,75,75,75,75,75,75,75,75,75,75,75,75,75,75,75,75,75,75,75,75,75,75,75,75,75,75,75,75,75,75],"card_choices":[{"not_picked":["Headbutt","Anger","Disarm"],"picked":"SKIP","floor":1.0},{"not_picked":["Burning Pact","Armaments"],"picked":"Feel No Pain","floor":3.0},{"not_picked":["Headbutt","Armaments"],"picked":"Shockwave","floor":6.0},{"not_picked":["Thunderclap","Clothesline"],"picked":"Barricade","floor":7.0},{"not_picked":["Twin Strike","Intimidate","Cleave"],"picked":"SKIP","floor":8.0},{"not_picked":["Clash","Armaments"],"picked":"Body Slam","floor":12.0},{"not_picked":["Barricade","Immolate"],"picked":"Offering","floor":16.0},{"not_picked":["Combust","Cleave"],"picked":"Shrug It Off","floor":17.0},{"not_picked":["Iron Wave","Shrug It Off"],"picked":"Armaments","floor":17.0},{"not_picked":["Sword Boomerang","Metallicize"],"picked":"Flame Barrier","floor":17.0},{"not_picked":["Pommel Strike","Iron Wave"],"picked":"Ghostly Armor","floor":17.0},{"not_picked":["Bludgeon","Headbutt","Perfected Strike"],"picked":"SKIP","floor":18.0},{"not_picked":["Twin Strike","Pommel Strike"],"picked":"Corruption","floor":20.0},{"not_picked":["True Grit","Pommel Strike"],"picked":"Seeing Red","floor":21.0},{"not_picked":["Cleave","Dropkick"],"picked":"Disarm","floor":22.0},{"not_picked":["Clothesline","Clash"],"picked":"True Grit","floor":24.0},{"not_picked":["Clothesline","Iron Wave"],"picked":"Battle Trance","floor":27.0},{"not_picked":["Warcry","Thunderclap+1"],"picked":"Reckless Charge+1","floor":28.0},{"not_picked":["Cleave","Perfected Strike"],"picked":"True Grit","floor":30}],"player_experience":2898003,"relics_obtained":[{"floor":6.0,"key":"Champion Belt"},{"floor":14.0,"key":"Red Skull"},{"floor":26.0,"key":"Vajra"},{"floor":29.0,"key":"Tiny Chest"},{"floor":30,"key":"Red Mask"}],"event_choices":[{"damage_healed":0.0,"max_hp_gain":0.0,"max_hp_loss":0.0,"gold_gain":0.0,"event_name":"WeMeetAgain","player_choice":"Paid Gold","floor":2.0,"gold_loss":78.0,"damage_taken":0.0,"relics_obtained":["Anchor"]},{"damage_healed":0.0,"max_hp_gain":0.0,"max_hp_loss":0.0,"gold_gain":0.0,"event_name":"Accursed Blacksmith","player_choice":"Rummage","floor":5.0,"gold_loss":0.0,"damage_taken":0.0,"relics_obtained":["WarpedTongs"],"cards_obtained":["Pain"]},{"cards_removed":["Pain"],"damage_healed":0.0,"max_hp_gain":0.0,"max_hp_loss":0.0,"gold_gain":0.0,"event_name":"Designer","player_choice":"Upgrade and Remove","floor":19.0,"gold_loss":110.0,"damage_taken":0.0,"cards_upgraded":["Flame Barrier"]},{"damage_healed":0,"gold_gain":0,"player_choice":"Fought Bandits","damage_taken":0,"max_hp_gain":0,"max_hp_loss":0,"event_name":"Masked Bandits","floor":30,"gold_loss":0},{"cards_removed":["Strike_R"],"damage_healed":0,"gold_gain":0,"player_choice":"Gave Gold","damage_taken":0,"max_hp_gain":0,"max_hp_loss":0,"event_name":"Beggar","floor":31,"gold_loss":75}],"is_beta":false,"boss_relics":[{"not_picked":["Cursed Key","Mark of Pain"],"picked":"Orrery"}],"items_purged_floors":[],"is_endless":false,"potions_floor_spawned":[7,12,16,18,21,27,30],"killed_by":"Automaton","ascension_level":20}