{"gold_per_floor":[112,112,37,57,57,57,57,57,57,91,109,149,162,182,182,271,271,286,316,40,40,40,40,74,74,74,74,74,74,74,94,94,94],"floor_reached":33,"playtime":1056,"items_purged":["Pain"],"score":688,"play_id":"f1c03a9b-93eb-4d0b-b1fa-bf61bbe27fdb","local_time":"20190409192456","is_ascension_mode":true,"campfire_choices":[{"data":"Consume","floor":6.0,"key":"SMITH"},{"floor":15.0,"key":"REST"},{"data":"Ghostly","floor":23.0,"key":"SMITH"},{"data":"Chill","floor":25.0,"key":"SMITH"},{"data":"Ghostly","floor":28.0,"key":"SMITH"},{"data":"Ghostly","floor":30.0,"key":"SMITH"},{"data":"Hologram","floor":32.0,"key":"SMITH"}],"neow_cost":"NONE","seed_source_timestamp":234705679146700,"circlet_count":0,"master_deck":["AscendersBane","Strike_B","Strike_B","Strike_B","Defend_B","Defend_B","Defend_B","Defend_B","Zap","Dualcast","Consume+1","Chill","Glacier","Echo Form","Chill+1","Writhe","Ghostly+1","Ghostly+1","Ghostly+1","Hologram+1"],"special_seed":0,"relics":["Cracked Core","NeowsBlessing","WarpedTongs","Golden Idol","Juzu Bracelet","Pocketwatch","Coffee Dripper","Tiny Chest","Pantograph","Frozen Egg 2","Mummified Hand"],"potions_floor_usage":[],"damage_taken":[{"damage":0.0,"enemies":"Jaw Worm","floor":1.0,"turns":1.0},{"damage":0.0,"enemies":"Cultist","floor":4.0,"turns":1.0},{"damage":0.0,"enemies":"3 Sentries","floor":10.0,"turns":2.0},{"damage":5.0,"enemies":"2 Louse","floor":11.0,"turns":2.0},{"damage":37.0,"enemies":"Gremlin Nob","floor":12.0,"turns":4.0},{"damage":1.0,"enemies":"Looter","floor":13.0,"turns":3.0},{"damage":1.0,"enemies":"2 Fungi Beasts","floor":14.0,"turns":3.0},{"damage":0.0,"enemies":"The Guardian","floor":16.0,"turns":13.0},{"damage":16.0,"enemies":"Shell Parasite","floor":18.0,"turns":7.0},{"damage":19.0,"enemies":"Book of Stabbing","floor":24.0,"turns":10.0},{"damage":0.0,"enemies":"3 Byrds","floor":31.0,"turns":7.0},{"damage":4,"enemies":"Automaton","floor":33,"turns":12}],"seed_played":"-4495030313648977276","potions_obtained":[{"floor":1.0,"key":"Ancient Potion"},{"floor":12.0,"key":"Ancient Potion"},{"floor":13.0,"key":"GamblersBrew"},{"floor":14.0,"key":"Fire Potion"},{"floor":16.0,"key":"Ancient Potion"}],"is_trial":false,"path_per_floor":["M","?","$","M","$","R","?","?","T","E","M","E","M","M","R","B",null,"M","?","$","?","?","R","E","R","T","$","R","?","R","M","R","B"],"character_chosen":"DEFECT","items_purchased":["Pantograph"],"campfire_rested":1,"item_purchase_floors":[20],"current_hp_per_floor":[64,64,64,64,64,64,57,57,57,57,52,15,14,13,32,32,56,40,40,40,40,32,32,13,13,13,13,13,13,13,13,13,28],"gold":94,"neow_bonus":"THREE_ENEMY_KILL","is_prod":false,"is_daily":false,"chose_seed":false,"campfire_upgraded":6,"win_rate":0,"timestamp":1554805496,"path_taken":["M","?","$","?","?","R","?","?","T","E","M","E","M","M","R","BOSS","M","?","$","?","?","R","E","R","T","$","R","?","R","M","R","BOSS"],"build_version":"2019-01-23","purchased_purges":1,"victory":false,"max_hp_per_floor":[71,71,71,71,71,71,71,64,64,64,64,64,64,64,64,64,64,64,64,64,64,32,32,32,32,32,32,32,32,32,32,32,32],"card_choices":[{"not_picked":["Hello World","Redo"],"picked":"Consume","floor":1.0},{"not_picked":["Leap","Barrage","Go for the Eyes"],"picked":"SKIP","floor":4.0},{"not_picked":["Steam","Static Discharge","Reprogram"],"picked":"SKIP","floor":10.0},{"not_picked":["Skim","Force Field","Barrage"],"picked":"SKIP","floor":11.0},{"not_picked":["Melter","Gash"],"picked":"Chill","floor":12.0},{"not_picked":["Barrage","Steam","Compile Driver"],"picked":"SKIP","floor":13.0},{"not_picked":["Compile Driver","Coolheaded"],"picked":"Glacier","floor":14.0},{"not_picked":["Fission","Meteor Strike"],"picked":"Echo Form","floor":16.0},{"not_picked":["Conserve Battery","Tempest+1"],"picked":"Chill","floor":18.0},{"not_picked":["Darkness","Gash","Reprogram"],"picked":"SKIP","floor":24.0},{"not_picked":["Ball Lightning","Steam+1"],"picked":"Hologram","floor":31.0}],"player_experience":3012288,"relics_obtained":[{"floor":10.0,"key":"Juzu Bracelet"},{"floor":12.0,"key":"Pocketwatch"},{"floor":24.0,"key":"Frozen Egg 2"},{"floor":26.0,"key":"Mummified Hand"}],"event_choices":[{"damage_healed":0.0,"max_hp_gain":0.0,"max_hp_loss":0.0,"gold_gain":0.0,"event_name":"Accursed Blacksmith","player_choice":"Rummage","floor":2.0,"gold_loss":0.0,"damage_taken":0.0,"relics_obtained":["WarpedTongs"],"cards_obtained":["Pain"]},{"cards_removed":["Strike_B"],"damage_healed":0.0,"max_hp_gain":0.0,"max_hp_loss":0.0,"gold_gain":0.0,"event_name":"Golden Wing","player_choice":"Card Removal","floor":7.0,"gold_loss":0.0,"damage_taken":7.0},{"damage_healed":0.0,"max_hp_gain":0.0,"max_hp_loss":7.0,"gold_gain":0.0,"event_name":"Golden Idol","player_choice":"Lose Max HP","floor":8.0,"gold_loss":0.0,"damage_taken":0.0,"relics_obtained":["Golden Idol"]},{"damage_healed":0.0,"max_hp_gain":0.0,"max_hp_loss":0.0,"gold_gain":0.0,"event_name":"The Mausoleum","player_choice":"Opened","floor":19.0,"gold_loss":0.0,"damage_taken":0.0,"relics_obtained":["Tiny Chest"],"cards_obtained":["Writhe"]},{"damage_healed":0.0,"max_hp_gain":0.0,"max_hp_loss":0.0,"gold_gain":0.0,"event_name":"N\u0027loth","player_choice":"Ignored","floor":21.0,"gold_loss":0.0,"damage_taken":0.0},{"damage_healed":0.0,"max_hp_gain":0.0,"max_hp_loss":32.0,"gold_gain":0.0,"event_name":"Ghosts","player_choice":"Became a Ghost","floor":22.0,"gold_loss":0.0,"damage_taken":0.0,"cards_obtained":["Ghostly","Ghostly","Ghostly"]},{"damage_healed":0.0,"max_hp_gain":0.0,"max_hp_loss":0.0,"gold_gain":0.0,"event_name":"Beggar","player_choice":"Ignored","floor":29.0,"gold_loss":0.0,"damage_taken":0.0}],"is_beta":false,"boss_relics":[{"not_picked":["Tiny House","Ectoplasm"],"picked":"Coffee Dripper"}],"items_purged_floors":[3],"is_endless":false,"potions_floor_spawned":[1,12,13,14,16,31],"killed_by":"Automaton","ascension_level":20}