{"gold_per_floor":[110,110,110,110,121,150,150,205,205,217,217,12,12,29,29,101,101,120,120,45,45],"floor_reached":21,"playtime":810,"items_purged":["Pain"],"score":370,"play_id":"f27c6e28-4c5d-434e-8338-7c8454d52898","local_time":"20190418161804","is_ascension_mode":true,"campfire_choices":[{"floor":7,"key":"REST"},{"data":"Juggernaut","floor":11,"key":"SMITH"},{"data":"Immolate","floor":15,"key":"SMITH"}],"neow_cost":"TEN_PERCENT_HP_LOSS","seed_source_timestamp":216900329194200,"circlet_count":0,"master_deck":["AscendersBane","Strike_R","Defend_R+1","Defend_R+1","Defend_R","Defend_R","Bash","Juggernaut+1","Bloodletting","Shrug It Off","Sever Soul","Clothesline","Second Wind","Immolate+1","True Grit","Battle Trance","Feed"],"relics":["Burning Blood","War Paint","Pantograph","WarpedTongs","Happy Flower","Tiny Chest","Black Star"],"potions_floor_usage":[8,8,14,21,21],"damage_taken":[{"damage":4,"enemies":"Cultist","floor":1,"turns":4},{"damage":4,"enemies":"Jaw Worm","floor":5,"turns":5},{"damage":54,"enemies":"3 Sentries","floor":6,"turns":12},{"damage":19,"enemies":"Lagavulin","floor":8,"turns":7},{"damage":3,"enemies":"2 Louse","floor":10,"turns":2},{"damage":1,"enemies":"Exordium Thugs","floor":14,"turns":3},{"damage":20,"enemies":"Slime Boss","floor":16,"turns":9},{"damage":28,"enemies":"Shell Parasite","floor":18,"turns":4},{"damage":20,"enemies":"3 Byrds","floor":21,"turns":3}],"seed_played":"8384559061066621597","potions_obtained":[{"floor":5,"key":"SteroidPotion"},{"floor":6,"key":"Energy Potion"},{"floor":8,"key":"Poison Potion"},{"floor":16,"key":"AttackPotion"},{"floor":18,"key":"SkillPotion"}],"is_trial":false,"path_per_floor":["M","T","T","?","M","E","R","E","T","M","R","$","?","M","R","B",null,"M","?","?","M"],"character_chosen":"IRONCLAD","items_purchased":["Immolate","True Grit"],"campfire_rested":1,"item_purchase_floors":[12,12],"current_hp_per_floor":[68,68,68,68,68,20,40,27,27,30,30,30,23,28,28,39,61,39,39,39,19],"gold":45,"neow_bonus":"TRANSFORM_TWO_CARDS","is_prod":false,"is_daily":false,"chose_seed":false,"campfire_upgraded":2,"win_rate":0,"timestamp":1555571884,"path_taken":["M","?","?","?","?","E","R","E","T","M","R","$","?","M","R","BOSS","M","?","?","M"],"build_version":"2019-01-23","purchased_purges":1,"victory":false,"max_hp_per_floor":[68,68,68,68,68,68,68,68,68,68,68,68,68,68,68,68,68,68,68,68,68],"card_choices":[{"not_picked":["Cleave","Pommel Strike"],"picked":"Shrug It Off","floor":1},{"not_picked":["Perfected Strike","Flex"],"picked":"Sever Soul","floor":5},{"not_picked":["Headbutt","Spot Weakness"],"picked":"Clothesline","floor":6},{"not_picked":["Pommel Strike","Blood for Blood","Thunderclap"],"picked":"SKIP","floor":8},{"not_picked":["Warcry","Pommel Strike"],"picked":"Second Wind","floor":10},{"not_picked":["Reaper","Feel No Pain"],"picked":"Battle Trance","floor":14},{"not_picked":["Brutality","Juggernaut"],"picked":"Feed","floor":16},{"not_picked":["Clash","Havoc","Cleave"],"picked":"SKIP","floor":18}],"player_experience":3209387,"relics_obtained":[{"floor":2,"key":"War Paint"},{"floor":3,"key":"Pantograph"},{"floor":6,"key":"Happy Flower"},{"floor":8,"key":"Tiny Chest"}],"event_choices":[{"damage_healed":0,"gold_gain":0,"player_choice":"Rummage","damage_taken":0,"relics_obtained":["WarpedTongs"],"max_hp_gain":0,"max_hp_loss":0,"event_name":"Accursed Blacksmith","floor":4,"gold_loss":0,"cards_obtained":["Pain"]},{"cards_removed":["Strike_R"],"damage_healed":0,"gold_gain":0,"player_choice":"Card Removal","damage_taken":7,"max_hp_gain":0,"max_hp_loss":0,"event_name":"Golden Wing","floor":13,"gold_loss":0},{"cards_removed":["Strike_R"],"damage_healed":0,"gold_gain":0,"player_choice":"Gave Gold","damage_taken":0,"max_hp_gain":0,"max_hp_loss":0,"event_name":"Beggar","floor":20,"gold_loss":75}],"is_beta":false,"boss_relics":[{"not_picked":["Cursed Key","Lizard Tail"],"picked":"Black Star"}],"items_purged_floors":[12],"is_endless":false,"potions_floor_spawned":[5,6,8,16,18],"killed_by":"3 Byrds","ascension_level":20}