{"gold_per_floor":[111,74,87,87,107,107,137,137,137,150,169,169,499,518,518,518],"floor_reached":16,"playtime":553,"items_purged":[],"score":224,"play_id":"c7f26f12-997d-43ca-8dcb-6f11df1084de","local_time":"20190304174505","is_ascension_mode":true,"campfire_choices":[{"data":"Beam Cell","floor":6,"key":"SMITH"},{"data":"Barrage","floor":8,"key":"SMITH"},{"data":"Beam Cell","floor":15,"key":"SMITH"}],"neow_cost":"NONE","seed_source_timestamp":236221828288700,"circlet_count":0,"master_deck":["AscendersBane","Strike_B","Strike_B","Strike_B","Strike_B","Defend_B","Defend_B","Defend_B","Defend_B","Zap","Dualcast","Beam Cell+1","Reinforced Body","Coolheaded","Barrage+1","Streamline","Reprogram+1","Beam Cell+1","Multi-Cast+1"],"relics":["Cracked Core","Lantern","CultistMask","Cables","Toxic Egg 2","Old Coin"],"potions_floor_usage":[7,14],"damage_taken":[{"damage":1,"enemies":"Cultist","floor":1,"turns":4},{"damage":0,"enemies":"Small Slimes","floor":3,"turns":2},{"damage":0,"enemies":"2 Louse","floor":5,"turns":2},{"damage":15,"enemies":"3 Sentries","floor":7,"turns":8},{"damage":0,"enemies":"Blue Slaver","floor":10,"turns":1},{"damage":9,"enemies":"Red Slaver","floor":11,"turns":3},{"damage":29,"enemies":"Lagavulin","floor":13,"turns":7},{"damage":13,"enemies":"Large Slime","floor":14,"turns":4},{"damage":5,"enemies":"Hexaghost","floor":16,"turns":9}],"seed_played":"5918777213442463224","potions_obtained":[{"floor":5,"key":"PowerPotion"},{"floor":11,"key":"Regen Potion"}],"is_trial":false,"path_per_floor":["M","$","M","?","M","R","E","R","T","M","M","?","E","M","R","B"],"character_chosen":"DEFECT","items_purchased":["Reinforced Body"],"campfire_rested":0,"item_purchase_floors":[2],"current_hp_per_floor":[63,63,63,63,63,63,48,48,48,48,39,39,10,9,9,4],"gold":518,"neow_bonus":"RANDOM_COMMON_RELIC","is_prod":false,"is_daily":false,"chose_seed":false,"campfire_upgraded":3,"win_rate":0,"timestamp":1551689105,"path_taken":["M","?","M","?","M","R","E","R","T","M","?","?","E","M","R","BOSS"],"build_version":"2019-01-23","purchased_purges":0,"victory":false,"max_hp_per_floor":[71,71,71,71,71,71,71,71,71,71,71,71,71,71,71,71],"card_choices":[{"not_picked":["Compile Driver","Sweeping Beam"],"picked":"Beam Cell","floor":1},{"not_picked":["Redo","Rebound"],"picked":"Coolheaded","floor":3},{"not_picked":["Tempest","Lockon","Rebound"],"picked":"SKIP","floor":5},{"not_picked":["FTL","Rebound"],"picked":"Barrage","floor":7},{"not_picked":["Fusion+1","Hello World"],"picked":"Streamline","floor":10},{"not_picked":["Redo+1","Lockon"],"picked":"Reprogram+1","floor":11},{"not_picked":["FTL","Skim+1"],"picked":"Beam Cell","floor":13},{"not_picked":["Heatsinks","Tempest+1"],"picked":"Multi-Cast+1","floor":14}],"player_experience":2006965,"relics_obtained":[{"floor":7,"key":"Cables"},{"floor":9,"key":"Toxic Egg 2"},{"floor":13,"key":"Old Coin"}],"event_choices":[{"damage_healed":0,"gold_gain":0,"player_choice":"Trade","damage_taken":0,"relics_obtained":["CultistMask"],"max_hp_gain":0,"max_hp_loss":0,"event_name":"FaceTrader","floor":4,"gold_loss":0},{"damage_healed":0,"gold_gain":0,"player_choice":"Ignored","damage_taken":0,"max_hp_gain":0,"max_hp_loss":0,"event_name":"Liars Game","floor":12,"gold_loss":0}],"is_beta":false,"boss_relics":[],"items_purged_floors":[],"is_endless":false,"potions_floor_spawned":[5,11],"killed_by":"Hexaghost","ascension_level":20}