{"gold_per_floor":[111,111,183,202,172,201,201,232,313,345,345,356,370,385,385,463,463,481,481,500,500,500,525,545,576,651,651,671,704,704,719,719,798,798,809,1808,1808,1825,943,943,972,972,1026,1037,1037,626,656,667,667,667,667,667,667,87,112,112],"floor_reached":57,"playtime":3630,"items_purged":["Normality","Normality"],"score":3305,"play_id":"143f4cdc-88c2-4578-828f-6e0f1576cb8e","local_time":"20190305125943","is_ascension_mode":true,"campfire_choices":[{"data":"Consume","floor":7,"key":"SMITH"},{"data":"Defragment","floor":11,"key":"SMITH"},{"data":"Zap","floor":15,"key":"SMITH"},{"floor":27,"key":"REST"},{"floor":30,"key":"REST"},{"floor":32,"key":"REST"},{"floor":40,"key":"RECALL"},{"floor":45,"key":"REST"},{"floor":49,"key":"REST"},{"floor":53,"key":"REST"}],"neow_cost":"NONE","seed_source_timestamp":0,"circlet_count":0,"master_deck":["AscendersBane","Zap+1","Dualcast","Glacier","Chill","Consume+1","Gash","Defragment+1","Recycle+1","Sweeping Beam+1","Gash+1","Creative AI","Coolheaded+1","Gash+1","Genetic Algorithm+1","Conserve Battery+1","Beam Cell+1","Gash+1","Blizzard+1","Coolheaded+1","Hologram+1","Core Surge+1","Coolheaded+1","Meteor Strike+1","Creative AI","Blizzard+1","Glacier+1","Reinforced Body+1","Double Energy+1","Coolheaded+1","Master of Strategy+1","Gash+1","Coolheaded+1","Biased Cognition","Loop","Defragment","Loop","Amplify+1","Seek+1"],"relics":["Cracked Core","NeowsBlessing","Matryoshka","Incense Burner","Symbiotic Virus","Molten Egg 2","Toxic Egg 2","Ancient Tea Set","Fusion Hammer","Ornamental Fan","Bottled Lightning","Cables","Dream Catcher","Singing Bowl","Boot","Pandora\u0027s Box","TheAbacus","Anchor","Omamori","FossilizedHelix","Bag of Marbles","Calipers","DataDisk"],"potions_floor_usage":[8,10,13,23,42,56],"damage_taken":[{"damage":0,"enemies":"Cultist","floor":1,"turns":1},{"damage":0,"enemies":"Jaw Worm","floor":4,"turns":1},{"damage":0,"enemies":"Lagavulin","floor":6,"turns":1},{"damage":6,"enemies":"Gremlin Nob","floor":8,"turns":7},{"damage":15,"enemies":"Lagavulin","floor":10,"turns":5},{"damage":0,"enemies":"2 Louse","floor":12,"turns":2},{"damage":0,"enemies":"Red Slaver","floor":13,"turns":3},{"damage":2,"enemies":"2 Fungi Beasts","floor":14,"turns":4},{"damage":0,"enemies":"Slime Boss","floor":16,"turns":5},{"damage":6,"enemies":"Spheric Guardian","floor":18,"turns":3},{"damage":6,"enemies":"3 Byrds","floor":20,"turns":6},{"damage":20,"enemies":"Slavers","floor":23,"turns":4},{"damage":0,"enemies":"Cultist and Chosen","floor":24,"turns":7},{"damage":23,"enemies":"Gremlin Leader","floor":25,"turns":5},{"damage":7,"enemies":"Centurion and Healer","floor":28,"turns":5},{"damage":3,"enemies":"Book of Stabbing","floor":29,"turns":7},{"damage":1,"enemies":"Snecko","floor":31,"turns":7},{"damage":0,"enemies":"Collector","floor":33,"turns":14},{"damage":19,"enemies":"3 Shapes","floor":35,"turns":4},{"damage":0,"enemies":"3 Darklings","floor":38,"turns":7},{"damage":39,"enemies":"Giant Head","floor":41,"turns":9},{"damage":0,"enemies":"Writhing Mass","floor":42,"turns":1},{"damage":0,"enemies":"Jaw Worm Horde","floor":44,"turns":5},{"damage":0,"enemies":"Nemesis","floor":47,"turns":5},{"damage":0,"enemies":"Sphere and 2 Shapes","floor":48,"turns":3},{"damage":0,"enemies":"Awakened One","floor":50,"turns":13},{"damage":18,"enemies":"Time Eater","floor":51,"turns":18},{"damage":30,"enemies":"Shield and Spear","floor":55,"turns":8},{"damage":36,"enemies":"The Heart","floor":56,"turns":12}],"seed_played":"659780967000105600","potions_obtained":[{"floor":1,"key":"GamblersBrew"},{"floor":5,"key":"Block Potion"},{"floor":8,"key":"Fruit Juice"},{"floor":10,"key":"AttackPotion"},{"floor":13,"key":"Fruit Juice"},{"floor":23,"key":"Dexterity Potion"},{"floor":25,"key":"EssenceOfSteel"},{"floor":35,"key":"SmokeBomb"}],"is_trial":false,"path_per_floor":["M","?","T","M","?","E","R","E","T","E","R","M","M","M","R","B",null,"M","?","M","?","T","E","M","E","T","R","M","E","R","M","R","B",null,"M","?","?","M","$","R","E","M","T","M","R","$","E","M","R","B","B",null,"R","$","E","B",null],"character_chosen":"DEFECT","items_purchased":["Coolheaded+1","TheAbacus","Anchor","Omamori","Master of Strategy+1","Gash+1","Biased Cognition","Ancient Potion","SpeedPotion","Calipers","Loop","Amplify+1"],"campfire_rested":6,"item_purchase_floors":[39,39,39,39,39,39,46,46,46,54,54,54],"current_hp_per_floor":[64,64,64,64,64,64,64,58,58,48,48,48,53,51,51,51,74,68,68,62,62,62,42,42,19,19,43,36,33,57,58,84,84,85,66,66,66,68,68,68,31,31,31,33,59,59,61,61,89,89,71,86,91,91,61,25],"gold":112,"neow_bonus":"THREE_ENEMY_KILL","is_prod":false,"is_daily":false,"chose_seed":true,"campfire_upgraded":3,"win_rate":0,"timestamp":1551758383,"path_taken":["M","?","?","?","?","E","R","E","T","E","R","?","M","M","R","BOSS","M","?","?","?","?","E","M","E","T","R","M","E","R","M","R","BOSS","M","?","?","M","$","R","E","?","T","M","R","$","E","?","R","BOSS","BOSS","R","$","E","BOSS"],"build_version":"2019-01-23","purchased_purges":2,"victory":true,"max_hp_per_floor":[71,71,71,71,71,71,71,71,71,76,76,76,81,81,81,81,81,81,81,81,81,81,81,81,81,81,81,81,81,81,83,85,85,85,85,85,81,83,83,83,85,85,85,87,87,87,89,89,91,91,91,91,91,91,91,91],"card_choices":[{"not_picked":["FTL","Melter"],"picked":"Glacier","floor":1},{"not_picked":["Skim","Hologram"],"picked":"Chill","floor":4},{"not_picked":["Multi-Cast","Melter"],"picked":"Consume","floor":6},{"not_picked":["Beam Cell","Barrage"],"picked":"Gash","floor":8},{"not_picked":["Sunder+1","Redo+1"],"picked":"Defragment","floor":10},{"not_picked":["Storm","Ball Lightning+1"],"picked":"Recycle+1","floor":12},{"not_picked":["Steam Power+1","Stack+1"],"picked":"Sweeping Beam+1","floor":13},{"not_picked":["Genetic Algorithm+1","Tempest+1"],"picked":"Gash+1","floor":14},{"not_picked":["Meteor Strike+1","Echo Form"],"picked":"Creative AI","floor":16},{"not_picked":["Heatsinks","Leap+1"],"picked":"Coolheaded+1","floor":18},{"not_picked":["Steam+1","Coolheaded+1"],"picked":"Gash+1","floor":20},{"not_picked":["Streamline+1","Chaos+1"],"picked":"Genetic Algorithm+1","floor":23},{"not_picked":["Aggregate+1","Steam+1"],"picked":"Conserve Battery+1","floor":24},{"not_picked":["Rainbow+1","Fusion+1"],"picked":"Beam Cell+1","floor":25},{"not_picked":["Cold Snap+1","Steam+1"],"picked":"Gash+1","floor":27},{"not_picked":["Scrape+1","Compile Driver+1"],"picked":"Blizzard+1","floor":28},{"not_picked":["Stack+1","Blizzard+1"],"picked":"Coolheaded+1","floor":29},{"not_picked":["Ball Lightning+1","Hello World"],"picked":"Hologram+1","floor":30},{"not_picked":["Steam+1","Compile Driver+1","Go for the Eyes+1"],"picked":"Singing Bowl","floor":31},{"not_picked":["Streamline+1","Skim+1","Meteor Strike+1"],"picked":"Singing Bowl","floor":32},{"not_picked":["Fission+1","Biased Cognition"],"picked":"Core Surge+1","floor":33},{"not_picked":["Hello World+1","Redo+1"],"picked":"Double Energy+1","floor":35},{"not_picked":["Stack+1","Auto Shields+1","White Noise+1"],"picked":"Singing Bowl","floor":38},{"not_picked":["Stack+1","Compile Driver+1","Sweeping Beam+1"],"picked":"Singing Bowl","floor":41},{"not_picked":["Redo+1","Rip and Tear+1","Steam+1"],"picked":"Singing Bowl","floor":44},{"not_picked":["Go for the Eyes+1","Conserve Battery+1"],"picked":"Coolheaded+1","floor":45},{"not_picked":["Barrage+1","FTL+1","Beam Cell+1"],"picked":"Singing Bowl","floor":47},{"not_picked":["Stack+1","Beam Cell+1"],"picked":"Loop","floor":48},{"not_picked":["Steam+1","Beam Cell+1","Lockon+1"],"picked":"Singing Bowl","floor":49},{"not_picked":["Go for the Eyes+1","Gash+1"],"picked":"Defragment","floor":53},{"not_picked":["Amplify+1","Undo+1"],"picked":"Seek+1","floor":55}],"player_experience":2014798,"relics_obtained":[{"floor":3,"key":"Matryoshka"},{"floor":6,"key":"Incense Burner"},{"floor":8,"key":"Symbiotic Virus"},{"floor":9,"key":"Molten Egg 2"},{"floor":9,"key":"Toxic Egg 2"},{"floor":10,"key":"Ancient Tea Set"},{"floor":22,"key":"Ornamental Fan"},{"floor":22,"key":"Bottled Lightning"},{"floor":23,"key":"Cables"},{"floor":25,"key":"Dream Catcher"},{"floor":26,"key":"Singing Bowl"},{"floor":29,"key":"Boot"},{"floor":41,"key":"FossilizedHelix"},{"floor":47,"key":"Bag of Marbles"},{"floor":55,"key":"DataDisk"}],"event_choices":[{"cards_removed":["Defend_B"],"damage_healed":0,"gold_gain":0,"player_choice":"Forget","damage_taken":0,"max_hp_gain":0,"max_hp_loss":0,"event_name":"Living Wall","floor":2,"gold_loss":0},{"damage_healed":0,"gold_gain":0,"player_choice":"Bought 2 Potions","damage_taken":0,"max_hp_gain":0,"max_hp_loss":0,"event_name":"The Woman in Blue","floor":5,"gold_loss":0},{"cards_removed":["Defend_B"],"damage_healed":0,"gold_gain":0,"player_choice":"Purged","damage_taken":0,"max_hp_gain":0,"max_hp_loss":0,"event_name":"Purifier","floor":19,"gold_loss":0},{"damage_healed":0,"gold_gain":0,"player_choice":"Ignored","damage_taken":0,"max_hp_gain":0,"max_hp_loss":0,"event_name":"Vampires","floor":21,"gold_loss":0},{"damage_healed":0,"gold_gain":999,"player_choice":"Gold","damage_taken":0,"max_hp_gain":0,"max_hp_loss":0,"event_name":"MindBloom","floor":36,"gold_loss":0,"cards_obtained":["Normality","Normality"]},{"damage_healed":0,"gold_gain":0,"player_choice":"Max HP","damage_taken":0,"max_hp_gain":0,"max_hp_loss":4,"event_name":"Winding Halls","floor":37,"gold_loss":0}],"is_beta":false,"boss_relics":[{"not_picked":["Astrolabe","Nuclear Battery"],"picked":"Fusion Hammer"},{"not_picked":["Coffee Dripper","Cursed Key"],"picked":"Pandora\u0027s Box"}],"items_purged_floors":[39,46],"is_endless":false,"potions_floor_spawned":[1,6,8,10,13,23,25,29,31,33,35,41],"ascension_level":20}