{"gold_per_floor":[110,110,122,132,46,46,76,76,122,34,53,68,94,106,106,181,181,198,211,211,6,6,6,23,23,47,47,47,80,27,47,47,47],"floor_reached":33,"playtime":1433,"items_purged":[],"score":504,"play_id":"8e2a825d-6cda-49df-a352-052c3b4833bb","local_time":"20190312185851","is_ascension_mode":true,"campfire_choices":[{"data":"White Noise","floor":6.0,"key":"SMITH"},{"floor":15,"key":"REST"},{"floor":23,"key":"REST"},{"floor":28,"key":"REST"},{"floor":32,"key":"REST"}],"neow_cost":"NONE","seed_source_timestamp":0,"circlet_count":0,"master_deck":["AscendersBane","Strike_B","Strike_B","Strike_B","Strike_B","Defend_B","Defend_B","Defend_B","Defend_B","Zap","Dualcast","Redo","Heatsinks","Ball Lightning","White Noise+1","Capacitor","Loop","Storm","Redo","Loop","Biased Cognition","Doubt","Shame","Injury","Conserve Battery","Hello World","Capacitor","Chill","Hello World","Streamline"],"special_seed":0,"relics":["Cracked Core","NeowsBlessing","Bag of Marbles","Bronze Scales","Calling Bell","Art of War","Matryoshka","Dead Branch","Smiling Mask","Orichalcum","Mango"],"potions_floor_usage":[12,13,16,19,24,24,29,31,33],"damage_taken":[{"damage":0.0,"enemies":"Small Slimes","floor":1.0,"turns":1.0},{"damage":0.0,"enemies":"Cultist","floor":3.0,"turns":1.0},{"damage":0.0,"enemies":"2 Louse","floor":4.0,"turns":1.0},{"damage":0.0,"enemies":"Exordium Wildlife","floor":11.0,"turns":2.0},{"damage":6,"enemies":"Lots of Slimes","floor":12,"turns":4},{"damage":30,"enemies":"Lagavulin","floor":13,"turns":5},{"damage":11,"enemies":"Blue Slaver","floor":14,"turns":3},{"damage":30,"enemies":"Hexaghost","floor":16,"turns":7},{"damage":44,"enemies":"Shell Parasite","floor":18,"turns":4},{"damage":0,"enemies":"3 Byrds","floor":19,"turns":1},{"damage":53,"enemies":"Sentry and Sphere","floor":24,"turns":6},{"damage":19,"enemies":"Gremlin Leader","floor":29,"turns":6},{"damage":30,"enemies":"3 Cultists","floor":31,"turns":6},{"damage":39,"enemies":"Automaton","floor":33,"turns":4}],"seed_played":"9006787408621922437","potions_obtained":[{"floor":1.0,"key":"SkillPotion"},{"floor":4.0,"key":"Block Potion"},{"floor":12,"key":"GamblersBrew"},{"floor":13,"key":"Poison Potion"},{"floor":18,"key":"Energy Potion"},{"floor":24,"key":"Fire Potion"},{"floor":31,"key":"Dexterity Potion"}],"is_trial":false,"path_per_floor":["M","?","M","M","$","R","?","$","T","$","M","M","E","M","R","B",null,"M","M","?","$","?","R","M","$","T","$","R","E","$","M","R","B"],"character_chosen":"DEFECT","items_purchased":["White Noise","Capacitor","Capacitor","Regen Potion","Regen Potion","PowerPotion"],"campfire_rested":4,"item_purchase_floors":[5,10,21,21,21,30],"current_hp_per_floor":[64,64,64,64,64,64,64,64,64,64,64,58,28,17,38,8,55,11,11,11,11,11,32,19,19,19,19,40,35,35,5,30,0],"gold":47,"neow_bonus":"THREE_ENEMY_KILL","is_prod":false,"is_daily":false,"chose_seed":false,"campfire_upgraded":1,"win_rate":0,"timestamp":1552409931,"path_taken":["M","?","M","?","$","R","?","?","T","$","?","?","E","M","R","BOSS","M","M","?","?","?","R","M","$","T","$","R","E","?","M","R","BOSS"],"build_version":"2019-01-23","purchased_purges":0,"victory":false,"max_hp_per_floor":[71,71,71,71,71,71,71,71,71,71,71,71,71,71,71,71,71,71,71,71,71,71,71,71,71,71,71,71,85,85,85,85,85],"card_choices":[{"not_picked":["Double Energy","BootSequence"],"picked":"Redo","floor":1.0},{"not_picked":["Melter","Glacier"],"picked":"Heatsinks","floor":3.0},{"not_picked":["Barrage","Redo"],"picked":"Ball Lightning","floor":4.0},{"not_picked":["Stack","Conserve Battery"],"picked":"Loop","floor":11.0},{"not_picked":["Glacier","Steam"],"picked":"Storm","floor":12},{"not_picked":["Recycle","Coolheaded"],"picked":"Redo","floor":13},{"not_picked":["Doom and Gloom","Barrage"],"picked":"Loop","floor":14},{"not_picked":["Meteor Strike","Hyperbeam"],"picked":"Biased Cognition","floor":16},{"not_picked":["Turbo","Steam"],"picked":"Conserve Battery","floor":18},{"not_picked":["Cold Snap","Streamline"],"picked":"Hello World","floor":19},{"not_picked":["Sunder","Force Field"],"picked":"Chill","floor":24},{"not_picked":["Heatsinks","Capacitor"],"picked":"Hello World","floor":29},{"not_picked":["Stack","Doom and Gloom"],"picked":"Streamline","floor":31}],"player_experience":1085547,"relics_obtained":[{"floor":9.0,"key":"Bag of Marbles"},{"floor":13,"key":"Bronze Scales"},{"floor":17,"key":"Art of War"},{"floor":17,"key":"Matryoshka"},{"floor":17,"key":"Dead Branch"},{"floor":26,"key":"Smiling Mask"},{"floor":26,"key":"Orichalcum"},{"floor":29,"key":"Mango"}],"event_choices":[{"damage_healed":0.0,"max_hp_gain":0.0,"max_hp_loss":0.0,"gold_gain":0.0,"event_name":"Purifier","player_choice":"Ignored","floor":2.0,"gold_loss":0.0,"damage_taken":0.0},{"damage_healed":0.0,"max_hp_gain":0.0,"max_hp_loss":0.0,"gold_gain":30.0,"event_name":"Dead Adventurer","player_choice":"Searched \u00272\u0027 times","floor":7.0,"gold_loss":0.0,"damage_taken":0.0},{"damage_healed":0,"gold_gain":0,"player_choice":"Ignored","damage_taken":0,"max_hp_gain":0,"max_hp_loss":0,"event_name":"N\u0027loth","floor":20,"gold_loss":0},{"damage_healed":0,"gold_gain":0,"player_choice":"Ignored","damage_taken":0,"max_hp_gain":0,"max_hp_loss":0,"event_name":"Cursed Tome","floor":22,"gold_loss":0}],"is_beta":false,"boss_relics":[{"not_picked":["Busted Crown","Velvet Choker"],"picked":"Calling Bell"}],"items_purged_floors":[],"is_endless":false,"potions_floor_spawned":[1,4,12,13,18,24,31],"killed_by":"Automaton","ascension_level":18}