{"gold_per_floor":[116,116,116,116,116,116,133,168,247,247,129,129,143,174,174,249,249,266,3,3,23,33,68,68,68,68,101,26,51,68,80,80,155,155,172,47,63,63,79,79,89,123,146,146,178,192,192,203,203,203,203,203,203,34,60,60],"floor_reached":57,"playtime":2012,"items_purged":["Defend_B","Strike_B","Ball Lightning"],"score":3006,"play_id":"342ce56d-d83e-40f1-ace8-84675e478ee8","local_time":"20190316210804","is_ascension_mode":true,"campfire_choices":[{"data":"Zap","floor":6.0,"key":"SMITH"},{"data":"Electrodynamics","floor":10.0,"key":"SMITH"},{"data":"Loop","floor":12.0,"key":"SMITH"},{"data":"Dualcast","floor":15.0,"key":"SMITH"},{"data":"Defragment","floor":25.0,"key":"SMITH"},{"floor":32.0,"key":"REST"},{"data":"Loop","floor":40.0,"key":"SMITH"},{"floor":47.0,"key":"REST"},{"floor":49.0,"key":"RECALL"},{"data":"Biased Cognition","floor":53.0,"key":"SMITH"}],"neow_cost":"NONE","seed_source_timestamp":210750236968900,"circlet_count":0,"master_deck":["AscendersBane","Defend_B+1","Defend_B+1","Zap+1","Dualcast+1","Cold Snap+1","Electrodynamics+1","Loop+1","Biased Cognition+1","Defragment+1","Capacitor+1","Core Surge+1","Heatsinks+1","Force Field+1","Buffer+1","Loop+1","Cold Snap","Coolheaded","Consume+1","Reinforced Body+1","Double Energy+1","Capacitor","Chill+1"],"special_seed":0,"relics":["Cracked Core","Pen Nib","Bag of Preparation","Pantograph","Kunai","Pear","Gremlin Horn","Nuclear Battery","DataDisk","Calipers","Nunchaku","Boot","War Paint","Astrolabe","Ancient Tea Set","Centennial Puzzle","Toxic Egg 2","Whetstone"],"potions_floor_usage":[56,56],"damage_taken":[{"damage":7.0,"enemies":"Small Slimes","floor":1.0,"turns":3.0},{"damage":2.0,"enemies":"Jaw Worm","floor":7.0,"turns":2.0},{"damage":19.0,"enemies":"3 Sentries","floor":8.0,"turns":6.0},{"damage":0.0,"enemies":"Cultist","floor":13.0,"turns":2.0},{"damage":8.0,"enemies":"Gremlin Nob","floor":14.0,"turns":3.0},{"damage":0.0,"enemies":"Slime Boss","floor":16.0,"turns":5.0},{"damage":0.0,"enemies":"2 Thieves","floor":18.0,"turns":1.0},{"damage":0.0,"enemies":"3 Byrds","floor":21.0,"turns":1.0},{"damage":13.0,"enemies":"Centurion and Healer","floor":22.0,"turns":2.0},{"damage":1.0,"enemies":"Gremlin Leader","floor":23.0,"turns":3.0},{"damage":19.0,"enemies":"Book of Stabbing","floor":27.0,"turns":3.0},{"damage":30.0,"enemies":"Gremlin Leader","floor":29.0,"turns":4.0},{"damage":0.0,"enemies":"Cultist and Chosen","floor":30.0,"turns":2.0},{"damage":0.0,"enemies":"Shelled Parasite and Fungi","floor":31.0,"turns":1.0},{"damage":63.0,"enemies":"Champ","floor":33.0,"turns":11.0},{"damage":4.0,"enemies":"3 Darklings","floor":35.0,"turns":2.0},{"damage":9.0,"enemies":"3 Shapes","floor":37.0,"turns":2.0},{"damage":0.0,"enemies":"Spire Growth","floor":39.0,"turns":4.0},{"damage":0.0,"enemies":"Writhing Mass","floor":41.0,"turns":4.0},{"damage":0.0,"enemies":"Giant Head","floor":42.0,"turns":9.0},{"damage":29.0,"enemies":"Reptomancer","floor":45.0,"turns":5.0},{"damage":6.0,"enemies":"3 Darklings","floor":46.0,"turns":2.0},{"damage":0.0,"enemies":"Maw","floor":48.0,"turns":6.0},{"damage":48.0,"enemies":"Awakened One","floor":50.0,"turns":11.0},{"damage":0.0,"enemies":"Donu and Deca","floor":51.0,"turns":6.0},{"damage":0.0,"enemies":"Shield and Spear","floor":55.0,"turns":4.0},{"damage":43,"enemies":"The Heart","floor":56,"turns":13}],"seed_played":"-437610244492221853","potions_obtained":[{"floor":7.0,"key":"PowerPotion"},{"floor":22.0,"key":"Energy Potion"},{"floor":23.0,"key":"Regen Potion"},{"floor":29.0,"key":"Regen Potion"},{"floor":37.0,"key":"LiquidBronze"},{"floor":41.0,"key":"Strength Potion"},{"floor":46.0,"key":"PowerPotion"}],"is_trial":false,"path_per_floor":["M","?","T","T","?","R","M","E","T","R","$","R","M","E","R","B",null,"M","$","?","M","M","E","T","R","T","E","$","E","M","M","R","B",null,"M","$","M","?","M","R","M","E","T","?","E","M","R","M","R","B","B",null,"R","$","E","B",null],"character_chosen":"DEFECT","items_purchased":["Loop","DataDisk","Capacitor","Capacitor","Chill+1"],"campfire_rested":2,"item_purchase_floors":[11,19,28,54,54],"current_hp_per_floor":[57,50,50,50,50,50,48,29,39,39,39,39,39,31,31,56,75,75,75,75,75,62,61,61,61,61,42,42,24,24,24,48,10,63,59,59,50,50,50,50,50,50,50,50,21,15,38,38,38,15,40,68,68,68,68,34],"gold":60,"neow_bonus":"RANDOM_COMMON_RELIC","is_prod":false,"is_daily":false,"chose_seed":false,"campfire_upgraded":7,"win_rate":0,"timestamp":1552738084,"path_taken":["M","?","?","?","?","R","M","E","T","R","$","R","M","E","R","BOSS","M","$","?","M","M","E","?","R","T","E","?","E","M","M","R","BOSS","M","?","?","?","M","R","M","E","T","?","E","?","R","M","R","BOSS","BOSS","R","$","E","BOSS"],"build_version":"2019-01-23","purchased_purges":3,"victory":true,"max_hp_per_floor":[71,71,71,71,71,71,71,71,81,81,81,81,81,81,81,81,81,81,81,81,81,81,81,81,81,81,81,81,81,81,81,81,81,81,81,81,81,77,77,77,77,77,77,77,77,77,77,77,77,77,77,77,77,77,77,77],"card_choices":[{"not_picked":["Conserve Battery","Turbo"],"picked":"Ball Lightning","floor":1.0},{"not_picked":["Stack","Ball Lightning"],"picked":"Cold Snap","floor":7.0},{"not_picked":["Stack","Reinforced Body"],"picked":"Electrodynamics","floor":8.0},{"not_picked":["Stack","Fusion","Aggregate"],"picked":"SKIP","floor":13.0},{"not_picked":["Chaos","Leap","Heatsinks"],"picked":"SKIP","floor":14.0},{"not_picked":["Core Surge","Meteor Strike"],"picked":"Biased Cognition","floor":16.0},{"not_picked":["Storm","Hologram","Conserve Battery"],"picked":"SKIP","floor":18.0},{"not_picked":["Beam Cell+1","Compile Driver","Reprogram"],"picked":"SKIP","floor":21.0},{"not_picked":["Steam+1","Sweeping Beam","Streamline"],"picked":"SKIP","floor":22.0},{"not_picked":["Stack","Scrape"],"picked":"Defragment","floor":23.0},{"not_picked":["Sweeping Beam","Auto Shields","All For One"],"picked":"SKIP","floor":27.0},{"not_picked":["Redo","Leap","Stack"],"picked":"SKIP","floor":29.0},{"not_picked":["Hello World","Ball Lightning","Redo"],"picked":"SKIP","floor":30.0},{"not_picked":["Turbo","Leap","Sweeping Beam"],"picked":"SKIP","floor":31.0},{"not_picked":["Biased Cognition","Creative AI"],"picked":"Core Surge","floor":33.0},{"not_picked":["Steam Power","Doom and Gloom","Beam Cell"],"picked":"SKIP","floor":35.0},{"not_picked":["Hologram","Scrape"],"picked":"Loop","floor":37.0},{"not_picked":["Leap","Consume"],"picked":"Cold Snap","floor":39.0},{"not_picked":["Buffer","Double Energy+1"],"picked":"Coolheaded","floor":41.0},{"not_picked":["Rebound","Steam+1"],"picked":"Consume+1","floor":42.0},{"not_picked":["Barrage","Genetic Algorithm","Aggregate"],"picked":"SKIP","floor":45.0},{"not_picked":["Consume+1","Streamline","Reinforced Body+1"],"picked":"SKIP","floor":46.0},{"not_picked":["Consume+1","Streamline"],"picked":"Reinforced Body+1","floor":46.0},{"not_picked":["Streamline","Gash"],"picked":"Double Energy+1","floor":48.0},{"not_picked":["Blizzard","Doom and Gloom","Consume+1"],"picked":"SKIP","floor":55.0}],"player_experience":2315127,"relics_obtained":[{"floor":3.0,"key":"Bag of Preparation"},{"floor":4.0,"key":"Pantograph"},{"floor":8.0,"key":"Kunai"},{"floor":9.0,"key":"Pear"},{"floor":14.0,"key":"Gremlin Horn"},{"floor":23.0,"key":"Calipers"},{"floor":24.0,"key":"Nunchaku"},{"floor":27.0,"key":"Boot"},{"floor":29.0,"key":"War Paint"},{"floor":42.0,"key":"Ancient Tea Set"},{"floor":43.0,"key":"Centennial Puzzle"},{"floor":45.0,"key":"Toxic Egg 2"},{"floor":55.0,"key":"Whetstone"}],"event_choices":[{"cards_removed":["Strike_B"],"damage_healed":0.0,"max_hp_gain":0.0,"max_hp_loss":0.0,"gold_gain":0.0,"event_name":"Golden Wing","player_choice":"Card Removal","floor":2.0,"gold_loss":0.0,"damage_taken":7.0},{"damage_healed":0.0,"max_hp_gain":0.0,"max_hp_loss":0.0,"gold_gain":0.0,"event_name":"Liars Game","player_choice":"Ignored","floor":5.0,"gold_loss":0.0,"damage_taken":0.0},{"damage_healed":0.0,"max_hp_gain":0.0,"max_hp_loss":0.0,"gold_gain":0.0,"event_name":"Beggar","player_choice":"Ignored","floor":20.0,"gold_loss":0.0,"damage_taken":0.0},{"damage_healed":0.0,"max_hp_gain":0.0,"max_hp_loss":4.0,"gold_gain":0.0,"event_name":"Winding Halls","player_choice":"Max HP","floor":38.0,"gold_loss":0.0,"damage_taken":0.0},{"damage_healed":0.0,"max_hp_gain":0.0,"max_hp_loss":0.0,"gold_gain":0.0,"event_name":"Accursed Blacksmith","player_choice":"Forge","floor":44.0,"gold_loss":0.0,"damage_taken":0.0,"cards_upgraded":["Capacitor"]}],"is_beta":false,"boss_relics":[{"not_picked":["Black Star","Sozu"],"picked":"Nuclear Battery"},{"not_picked":["Cursed Key","Calling Bell"],"picked":"Astrolabe"}],"items_purged_floors":[11,19,36],"is_endless":false,"potions_floor_spawned":[7,22,23,29,30,37,41,46,55],"ascension_level":20}