{"gold_per_floor":[111,111,129,129,142,142,171,171,198,233,251,3,78,97,97,97],"floor_reached":16,"playtime":380,"items_purged":["Strike_R"],"score":220,"play_id":"93084447-0cbc-4208-85e4-61660ba45afc","local_time":"20190425210152","is_ascension_mode":true,"campfire_choices":[{"data":"Bash","floor":6,"key":"SMITH"},{"data":"Flex","floor":8,"key":"SMITH"},{"data":"Flame Barrier","floor":15,"key":"SMITH"}],"neow_cost":"NONE","seed_source_timestamp":292447455383800,"circlet_count":0,"master_deck":["AscendersBane","Strike_R","Strike_R","Strike_R","Strike_R","Defend_R","Defend_R","Defend_R","Defend_R","Bash+1","Whirlwind+1","Flex+1","Flame Barrier+1","Spot Weakness"],"relics":["Burning Blood","NeowsBlessing","Centennial Puzzle","Juzu Bracelet","Gremlin Horn","Membership Card"],"potions_floor_usage":[16],"damage_taken":[{"damage":0,"enemies":"Jaw Worm","floor":1,"turns":1},{"damage":0,"enemies":"2 Louse","floor":3,"turns":1},{"damage":0,"enemies":"Cultist","floor":5,"turns":1},{"damage":25,"enemies":"3 Sentries","floor":7,"turns":6},{"damage":10,"enemies":"Gremlin Nob","floor":10,"turns":3},{"damage":14,"enemies":"Exordium Wildlife","floor":11,"turns":2},{"damage":11,"enemies":"Exordium Thugs","floor":14,"turns":5},{"damage":25,"enemies":"Hexaghost","floor":16,"turns":9}],"seed_played":"7673834709737623673","potions_obtained":[{"floor":7,"key":"Explosive Potion"},{"floor":10,"key":"Energy Potion"},{"floor":11,"key":"Fire Potion"}],"is_trial":false,"path_per_floor":["M","?","M","?","M","R","E","R","T","E","M","$","?","M","R","B"],"character_chosen":"IRONCLAD","items_purchased":["Membership Card"],"campfire_rested":0,"item_purchase_floors":[12],"current_hp_per_floor":[74,74,75,75,75,75,56,56,56,52,44,44,33,28,28,3],"gold":97,"neow_bonus":"THREE_ENEMY_KILL","is_prod":false,"is_daily":false,"chose_seed":false,"campfire_upgraded":3,"win_rate":0,"timestamp":1556193712,"path_taken":["M","?","M","?","M","R","E","R","T","E","M","$","?","M","R","BOSS"],"build_version":"2019-01-23","purchased_purges":1,"victory":false,"max_hp_per_floor":[75,75,75,75,75,75,75,75,75,75,75,75,75,75,75,75],"card_choices":[{"not_picked":["Flex","Iron Wave"],"picked":"Whirlwind","floor":1},{"not_picked":["Intimidate","Sword Boomerang"],"picked":"Flex","floor":3},{"not_picked":["Sword Boomerang","Body Slam","Thunderclap"],"picked":"SKIP","floor":5},{"not_picked":["Body Slam","Clash","Iron Wave"],"picked":"SKIP","floor":7},{"not_picked":["Exhume","Clothesline"],"picked":"Flame Barrier","floor":10},{"not_picked":["Sword Boomerang","Twin Strike"],"picked":"Spot Weakness","floor":11},{"not_picked":["Armaments","Body Slam","Ghostly Armor"],"picked":"SKIP","floor":14}],"player_experience":3379478,"relics_obtained":[{"floor":7,"key":"Centennial Puzzle"},{"floor":9,"key":"Juzu Bracelet"},{"floor":10,"key":"Gremlin Horn"}],"event_choices":[{"damage_healed":0,"gold_gain":0,"player_choice":"Grow","damage_taken":0,"max_hp_gain":0,"max_hp_loss":0,"event_name":"Living Wall","floor":2,"gold_loss":0,"cards_upgraded":["Whirlwind"]},{"damage_healed":0,"gold_gain":0,"player_choice":"0 cards matched","damage_taken":0,"max_hp_gain":0,"max_hp_loss":0,"event_name":"Match and Keep!","floor":4,"gold_loss":0,"cards_obtained":[]},{"damage_healed":0,"gold_gain":75,"player_choice":"Gather Gold","damage_taken":11,"max_hp_gain":0,"max_hp_loss":0,"event_name":"World of Goop","floor":13,"gold_loss":0}],"is_beta":false,"boss_relics":[],"items_purged_floors":[12],"is_endless":false,"potions_floor_spawned":[7,10,11],"killed_by":"Hexaghost","ascension_level":20}