{"gold_per_floor":[118,293,311,31,31,59,59,94,94,94,109,109,127,137,137,236,236,251,262,262,274,26,26,26,83,132,147,70,105,105],"floor_reached":30,"playtime":1564,"items_purged":["Doubt","Strike_B"],"score":394,"play_id":"82fc4b5b-fedf-4b29-9481-4d95543a5356","local_time":"20180714170942","is_ascension_mode":true,"campfire_choices":[{"data":"Hello World","floor":7,"key":"SMITH"},{"floor":10,"key":"REST"},{"data":"Streamline","floor":12,"key":"SMITH"},{"floor":15,"key":"REST"},{"floor":23,"key":"REST"}],"neow_cost":"NONE","seed_source_timestamp":764425409976050,"circlet_count":0,"master_deck":["Strike_B","Strike_B","Strike_B","Defend_B","Defend_B","Defend_B","Defend_B","Zap","Dualcast","Hello World+1","Panache","Go for the Eyes","Streamline+1","Scrape+1","Self Repair","All For One+1","Redo+1","Gash+1","Beam Cell+1","Redo","White Noise","FTL+1"],"relics":["FrozenCore","NeowsBlessing","Kunai","Question Card","Molten Egg 2","Vajra","Tiny Chest","Potion Belt","Bag of Preparation"],"potions_floor_usage":[8,16,16,19,19,27],"damage_taken":[{"damage":0,"enemies":"Jaw Worm","floor":1,"turns":1},{"damage":0,"enemies":"Small Slimes","floor":3,"turns":1},{"damage":0,"enemies":"Gremlin Nob","floor":6,"turns":1},{"damage":23,"enemies":"Lagavulin","floor":8,"turns":5},{"damage":0,"enemies":"Cultist","floor":11,"turns":3},{"damage":25,"enemies":"3 Louse","floor":13,"turns":4},{"damage":21,"enemies":"Blue Slaver","floor":14,"turns":3},{"damage":23,"enemies":"Hexaghost","floor":16,"turns":7},{"damage":12,"enemies":"Spheric Guardian","floor":18,"turns":7},{"damage":15,"enemies":"3 Byrds","floor":19,"turns":6},{"damage":18,"enemies":"Snake Plant","floor":21,"turns":5},{"damage":41,"enemies":"Slavers","floor":25,"turns":6},{"damage":17,"enemies":"Centurion and Healer","floor":27,"turns":5},{"damage":22,"enemies":"Book of Stabbing","floor":29,"turns":5},{"damage":7,"enemies":"Snecko","floor":30,"turns":2}],"seed_played":"5389664766309572795","potions_obtained":[{"floor":3,"key":"SpeedPotion"},{"floor":6,"key":"FearPotion"},{"floor":11,"key":"LiquidBronze"},{"floor":13,"key":"Explosive Potion"},{"floor":18,"key":"SkillPotion"},{"floor":19,"key":"Fire Potion"},{"floor":25,"key":"Weak Potion"},{"floor":27,"key":"LiquidBronze"}],"is_trial":false,"path_per_floor":["M","?","M","$","?","E","R","E","T","R","M","R","M","M","R","B",null,"M","M","?","M","$","R","?","E","T","M","$","E"],"character_chosen":"DEFECT","items_purchased":["Panache","Vajra","FTL+1"],"campfire_rested":3,"item_purchase_floors":[4,22,28],"current_hp_per_floor":[68,68,68,68,73,73,73,50,50,74,74,74,49,35,59,43,71,66,58,58,47,47,71,71,37,37,27,27,5,0],"gold":105,"neow_bonus":"THREE_ENEMY_KILL","is_prod":false,"is_daily":false,"chose_seed":false,"campfire_upgraded":2,"win_rate":0,"timestamp":1531577382,"path_taken":["M","?","?","$","?","E","R","E","T","R","M","R","M","M","R","BOSS","M","M","?","M","$","R","?","E","T","M","$","E","M"],"build_version":"2018-07-12","purchased_purges":2,"victory":false,"max_hp_per_floor":[75,75,75,75,80,80,80,80,80,80,80,80,80,80,80,80,80,80,80,80,80,80,80,80,80,80,80,80,80,80],"card_choices":[{"not_picked":["Streamline","Steam"],"picked":"Hello World","floor":1},{"not_picked":["BootSequence","Sweeping Beam","Compile Driver"],"picked":"SKIP","floor":3},{"not_picked":["Doom and Gloom","Sweeping Beam"],"picked":"Go for the Eyes","floor":6},{"not_picked":["Loop","Ball Lightning"],"picked":"Streamline","floor":8},{"not_picked":["Barrage+1","Heatsinks","Leap"],"picked":"Scrape+1","floor":11},{"not_picked":["Darkness","Steam","Rebound+1"],"picked":"Self Repair","floor":13},{"not_picked":["Lockon+1","Leap","Coolheaded","Steam Power"],"picked":"SKIP","floor":14},{"not_picked":["Biased Cognition","Meteor Strike+1","Buffer"],"picked":"All For One+1","floor":16},{"not_picked":["Streamline+1","Conserve Battery","Cold Snap+1"],"picked":"Redo+1","floor":18},{"not_picked":["Leap","Coolheaded","Rebound+1"],"picked":"Gash+1","floor":19},{"not_picked":["Doom and Gloom+1","Self Repair","Genetic Algorithm"],"picked":"Beam Cell+1","floor":21},{"not_picked":["Turbo","Hello World","Leap"],"picked":"Redo","floor":25},{"not_picked":["Darkness","Barrage+1","Loop+1"],"picked":"White Noise","floor":27},{"not_picked":["Hello World","Thunder Strike+1","Leap+1","Force Field"],"picked":"SKIP","floor":29}],"player_experience":563957,"relics_obtained":[{"floor":6,"key":"Kunai"},{"floor":8,"key":"Question Card"},{"floor":9,"key":"Molten Egg 2"},{"floor":25,"key":"Tiny Chest"},{"floor":26,"key":"Potion Belt"},{"floor":29,"key":"Bag of Preparation"}],"event_choices":[{"event_name":"Liars Game","player_choice":"agreed","floor":2,"damage_taken":0},{"event_name":"Big Fish","player_choice":"Donut","floor":5,"damage_taken":0},{"event_name":"Ghosts","player_choice":"Ignored","floor":20,"damage_taken":0},{"event_name":"Beggar","player_choice":"Ignored","floor":24,"damage_taken":0}],"boss_relics":[{"not_picked":["Pandora\u0027s Box","Astrolabe"],"picked":"FrozenCore"}],"items_purged_floors":[4,22],"is_endless":false,"potions_floor_spawned":[3,6,11,13,18,19,25,27],"killed_by":"Snecko","ascension_level":6}