{"gold_per_floor":[109,4,4,4,14,14,14,43,43,72,72,88,100,114,114,114],"floor_reached":16,"playtime":543,"items_purged":["Strike_R"],"score":270,"play_id":"97b9f368-b9c0-4920-a929-d711d7a22e5d","local_time":"20190408182239","is_ascension_mode":true,"campfire_choices":[{"data":"Armaments","floor":6,"key":"SMITH"},{"data":"Carnage","floor":15,"key":"SMITH"}],"neow_cost":"NONE","seed_source_timestamp":145347891418200,"circlet_count":0,"master_deck":["AscendersBane","Strike_R","Strike_R","Defend_R","Defend_R","Defend_R","Defend_R","Bash","Armaments+1","Body Slam","Flame Barrier","True Grit","Shrug It Off","Carnage+1","Feel No Pain"],"relics":["Burning Blood","NeowsBlessing","Ancient Tea Set","Bottled Lightning"],"potions_floor_usage":[16],"damage_taken":[{"damage":0,"enemies":"Cultist","floor":1,"turns":1},{"damage":0,"enemies":"Small Slimes","floor":5,"turns":2},{"damage":0,"enemies":"Lagavulin","floor":8,"turns":1},{"damage":69,"enemies":"3 Sentries","floor":10,"turns":19},{"damage":0,"enemies":"Jaw Worm","floor":12,"turns":5},{"damage":29,"enemies":"Gremlin Gang","floor":13,"turns":5},{"damage":8,"enemies":"Exordium Thugs","floor":14,"turns":7},{"damage":9,"enemies":"Slime Boss","floor":16,"turns":10}],"seed_played":"6765563441022943809","potions_obtained":[{"floor":5,"key":"SpeedPotion"},{"floor":8,"key":"FairyPotion"},{"floor":14,"key":"PowerPotion"}],"is_trial":false,"path_per_floor":["M","$","?","?","M","R","$","E","T","E","$","M","M","M","R","B"],"character_chosen":"IRONCLAD","items_purchased":["Body Slam"],"campfire_rested":0,"item_purchase_floors":[2],"current_hp_per_floor":[74,74,74,74,75,75,75,75,75,12,12,18,13,11,11,2],"gold":114,"neow_bonus":"THREE_ENEMY_KILL","is_prod":false,"is_daily":false,"chose_seed":false,"campfire_upgraded":2,"win_rate":0,"timestamp":1554715359,"path_taken":["M","$","?","?","M","R","$","E","T","E","$","M","?","M","R","BOSS"],"build_version":"2019-01-23","purchased_purges":1,"victory":false,"max_hp_per_floor":[75,75,75,75,75,75,75,75,75,75,75,75,75,75,75,75],"card_choices":[{"not_picked":["Pommel Strike","Heavy Blade"],"picked":"Armaments","floor":1},{"not_picked":["Twin Strike","Clash"],"picked":"Flame Barrier","floor":5},{"not_picked":["Pommel Strike","Flame Barrier"],"picked":"True Grit","floor":8},{"not_picked":["Clash","True Grit"],"picked":"Shrug It Off","floor":10},{"not_picked":["Armaments","Metallicize","Clothesline"],"picked":"SKIP","floor":12},{"not_picked":["Flex","Corruption"],"picked":"Carnage","floor":13},{"not_picked":["Burning Pact","Exhume"],"picked":"Feel No Pain","floor":14}],"player_experience":2981501,"relics_obtained":[{"floor":9,"key":"Ancient Tea Set"},{"floor":10,"key":"Bottled Lightning"}],"event_choices":[{"cards_removed":["Strike_R"],"damage_healed":0,"gold_gain":0,"player_choice":"Forget","damage_taken":0,"max_hp_gain":0,"max_hp_loss":0,"event_name":"Living Wall","floor":3,"gold_loss":0},{"cards_removed":["Strike_R"],"damage_healed":0,"gold_gain":0,"player_choice":"Offered Basic","damage_taken":0,"max_hp_gain":0,"max_hp_loss":0,"event_name":"Bonfire Elementals","floor":4,"gold_loss":0}],"is_beta":false,"boss_relics":[],"items_purged_floors":[2],"is_endless":false,"potions_floor_spawned":[5,8,14],"killed_by":"Slime Boss","ascension_level":20}