{"gold_per_floor":[119,119,135,135,155,155,170,170,170,170,170,12,12],"floor_reached":13,"playtime":215,"items_purged":[],"score":146,"play_id":"cc9becc1-07e4-4bc9-a2ec-a7f7bba05fc2","local_time":"20190323134435","is_ascension_mode":true,"campfire_choices":[{"data":"Bash","floor":6,"key":"SMITH"},{"data":"Disarm","floor":8,"key":"SMITH"},{"data":"Shrug It Off","floor":11,"key":"SMITH"}],"neow_cost":"NONE","seed_source_timestamp":328214911822400,"circlet_count":0,"master_deck":["AscendersBane","Strike_R","Strike_R","Strike_R","Strike_R","Defend_R","Defend_R","Defend_R","Defend_R","Bash+1","Reaper","Disarm+1","Brutality","Shrug It Off+1","Armaments"],"relics":["Burning Blood","Lantern","The Courier","Bronze Scales"],"potions_floor_usage":[],"damage_taken":[{"damage":12,"enemies":"Small Slimes","floor":1,"turns":4},{"damage":27,"enemies":"Jaw Worm","floor":3,"turns":5},{"damage":12,"enemies":"2 Louse","floor":5,"turns":3},{"damage":30,"enemies":"Red Slaver","floor":7,"turns":5},{"damage":35,"enemies":"Gremlin Nob","floor":13,"turns":4}],"seed_played":"-4262254876096626326","potions_obtained":[{"floor":3,"key":"Dexterity Potion"}],"is_trial":false,"path_per_floor":["M","?","M","?","M","R","M","R","T","T","R","$","E"],"character_chosen":"IRONCLAD","items_purchased":["Bronze Scales","Armaments"],"campfire_rested":0,"item_purchase_floors":[12,12],"current_hp_per_floor":[66,66,49,49,51,51,33,33,33,33,33,33,2],"gold":12,"neow_bonus":"ONE_RANDOM_RARE_CARD","is_prod":false,"is_daily":false,"chose_seed":false,"campfire_upgraded":3,"win_rate":0,"timestamp":1553316275,"path_taken":["M","?","M","?","M","R","M","R","T","?","R","$","E"],"build_version":"2019-01-23","purchased_purges":0,"victory":false,"max_hp_per_floor":[75,75,75,75,75,75,75,75,75,75,75,75,75],"card_choices":[{"not_picked":["Sword Boomerang","Cleave"],"picked":"Disarm","floor":1},{"not_picked":["Uppercut","Anger","Perfected Strike"],"picked":"SKIP","floor":3},{"not_picked":["Corruption","Burning Pact"],"picked":"Shrug It Off","floor":5},{"not_picked":["Sword Boomerang","Havoc","Clash"],"picked":"SKIP","floor":7}],"player_experience":2497521,"relics_obtained":[{"floor":9,"key":"Lantern"},{"floor":10,"key":"The Courier"}],"event_choices":[{"damage_healed":0,"gold_gain":0,"player_choice":"Ignored","damage_taken":0,"max_hp_gain":0,"max_hp_loss":0,"event_name":"Liars Game","floor":2,"gold_loss":0},{"damage_healed":0,"gold_gain":0,"cards_transformed":["Strike_R"],"player_choice":"Change","damage_taken":0,"max_hp_gain":0,"max_hp_loss":0,"event_name":"Living Wall","floor":4,"gold_loss":0,"cards_obtained":["Brutality"]}],"is_beta":false,"boss_relics":[],"items_purged_floors":[],"is_endless":false,"potions_floor_spawned":[3],"killed_by":"Gremlin Nob","ascension_level":20}