{"gold_per_floor":[110,110,73,223,0,0,33,33,33,33,33,51,82,113,113,202,202,220,220,244,41,54,95,116,116,116,116,116],"floor_reached":28,"playtime":747,"items_purged":["Doubt","Bite"],"score":555,"play_id":"f4d7e5bb-42a2-4985-b4e1-24046cc42e18","local_time":"20190309232916","is_ascension_mode":true,"campfire_choices":[{"data":"Discovery","floor":6.0,"key":"SMITH"},{"data":"Regret","floor":11.0,"key":"PURGE"},{"data":"Whirlwind","floor":15.0,"key":"SMITH"},{"floor":27,"key":"REST"}],"neow_cost":"NONE","seed_source_timestamp":47348099431600,"circlet_count":0,"master_deck":["AscendersBane","Defend_R","Defend_R","Defend_R","Defend_R","Bash","Evolve","Discovery+1","Whirlwind+1","Rage","Impervious","Rampage","Bite","Bite","Bite","Bite","Panacea","Flex","Entrench","Shrug It Off"],"special_seed":0,"relics":["Burning Blood","NeowsBlessing","Golden Idol","Peace Pipe","Frozen Egg 2","Thread and Needle","Odd Mushroom","Smiling Mask","Runic Dome","Bag of Marbles","Dodecahedron","Sundial"],"potions_floor_usage":[23,25],"damage_taken":[{"damage":0.0,"enemies":"Small Slimes","floor":1.0,"turns":1.0},{"damage":0.0,"enemies":"3 Sentries","floor":7.0,"turns":2.0},{"damage":0.0,"enemies":"2 Louse","floor":12.0,"turns":2.0},{"damage":7.0,"enemies":"The Mushroom Lair","floor":13.0,"turns":3.0},{"damage":21.0,"enemies":"Gremlin Nob","floor":14.0,"turns":4.0},{"damage":42.0,"enemies":"Hexaghost","floor":16.0,"turns":9.0},{"damage":34.0,"enemies":"2 Thieves","floor":18.0,"turns":4.0},{"damage":18,"enemies":"Shell Parasite","floor":22,"turns":7},{"damage":9,"enemies":"Gremlin Leader","floor":23,"turns":6},{"damage":39,"enemies":"Sentry and Sphere","floor":24,"turns":6},{"damage":24,"enemies":"Colosseum Slavers","floor":25,"turns":5},{"damage":25,"enemies":"Slavers","floor":28,"turns":3}],"seed_played":"-4557881475844605076","potions_obtained":[{"floor":7.0,"key":"Poison Potion"},{"floor":13.0,"key":"EssenceOfSteel"},{"floor":16.0,"key":"BloodPotion"},{"floor":22,"key":"PowerPotion"},{"floor":23,"key":"Strength Potion"}],"is_trial":false,"path_per_floor":["M","?","$","?","$","R","E","?","T","T","R","M","?","E","R","B",null,"M","?","T","$","M","E","M","?","T","R","E"],"character_chosen":"IRONCLAD","items_purchased":["Evolve","Discovery","AttackPotion","Panacea","Flex"],"campfire_rested":1,"item_purchase_floors":[3,5,5,21,21],"current_hp_per_floor":[74,48,48,48,48,48,54,54,54,54,54,60,59,44,44,8,58,37,37,37,37,45,52,23,15,15,30,11],"gold":116,"neow_bonus":"THREE_ENEMY_KILL","is_prod":false,"is_daily":false,"chose_seed":false,"campfire_upgraded":2,"win_rate":0,"timestamp":1552141756,"path_taken":["M","?","$","?","$","R","E","?","T","?","R","?","?","E","R","BOSS","M","?","?","$","?","E","M","?","T","R","E"],"build_version":"2019-01-23","purchased_purges":2,"victory":false,"max_hp_per_floor":[75,75,75,75,75,75,75,75,75,75,75,75,75,75,75,75,75,75,52,52,52,52,52,52,52,52,52,52],"card_choices":[{"not_picked":["Clash","Wild Strike","Clothesline"],"picked":"SKIP","floor":1.0},{"not_picked":["Perfected Strike","True Grit"],"picked":"Whirlwind","floor":7.0},{"not_picked":["Thunderclap","Sword Boomerang","Juggernaut+1"],"picked":"SKIP","floor":12.0},{"not_picked":["Searing Blow","Body Slam"],"picked":"Rage","floor":13.0},{"not_picked":["Headbutt","Iron Wave","Infernal Blade"],"picked":"SKIP","floor":14.0},{"not_picked":["Limit Break","Juggernaut+1"],"picked":"Impervious","floor":16.0},{"not_picked":["Bloodletting","Dual Wield"],"picked":"Rampage","floor":18.0},{"not_picked":["Pommel Strike","Carnage"],"picked":"Entrench","floor":22},{"not_picked":["Iron Wave","Anger"],"picked":"Shrug It Off","floor":23},{"not_picked":["Armaments","Flex","Twin Strike"],"picked":"SKIP","floor":24}],"player_experience":2120161,"relics_obtained":[{"floor":7.0,"key":"Peace Pipe"},{"floor":10.0,"key":"Thread and Needle"},{"floor":13.0,"key":"Odd Mushroom"},{"floor":14.0,"key":"Smiling Mask"},{"floor":20,"key":"Bag of Marbles"},{"floor":23,"key":"Dodecahedron"},{"floor":26,"key":"Sundial"}],"event_choices":[{"damage_healed":0.0,"max_hp_gain":0.0,"max_hp_loss":0.0,"gold_gain":0.0,"event_name":"Golden Idol","player_choice":"Take Damage","floor":2.0,"gold_loss":0.0,"damage_taken":26.0,"relics_obtained":["Golden Idol"]},{"damage_healed":0.0,"max_hp_gain":0.0,"max_hp_loss":0.0,"gold_gain":150.0,"event_name":"Liars Game","player_choice":"AGREE","floor":4.0,"gold_loss":0.0,"damage_taken":0.0,"cards_obtained":["Doubt"]},{"damage_healed":0.0,"max_hp_gain":0.0,"max_hp_loss":0.0,"gold_gain":0.0,"event_name":"Big Fish","player_choice":"Box","floor":8.0,"gold_loss":0.0,"damage_taken":0.0,"relics_obtained":["Frozen Egg 2"],"cards_obtained":["Regret"]},{"damage_healed":0.0,"max_hp_gain":0.0,"max_hp_loss":0.0,"gold_gain":0.0,"event_name":"Mushrooms","player_choice":"Fought Mushrooms","floor":13.0,"gold_loss":0.0,"damage_taken":0.0},{"damage_healed":0,"gold_gain":0,"player_choice":"Became a vampire","damage_taken":0,"max_hp_gain":0,"max_hp_loss":23,"event_name":"Vampires","floor":19,"gold_loss":0,"cards_obtained":["Bite","Bite","Bite","Bite","Bite"]},{"damage_healed":0,"gold_gain":0,"player_choice":"Fight","damage_taken":0,"max_hp_gain":0,"max_hp_loss":0,"event_name":"Colosseum","floor":25,"gold_loss":0},{"damage_healed":0,"gold_gain":0,"player_choice":"Fled From Nobs","damage_taken":0,"max_hp_gain":0,"max_hp_loss":0,"event_name":"Colosseum","floor":25,"gold_loss":0}],"is_beta":false,"boss_relics":[{"not_picked":["Velvet Choker","Orrery"],"picked":"Runic Dome"}],"items_purged_floors":[5,21],"is_endless":false,"potions_floor_spawned":[7,13,16,22,23],"killed_by":"Slavers","ascension_level":20}