{"gold_per_floor":[116,116,116,63,63,94,112,112,189,224,238,249,280,298,298,396,396,415,432,18,68,118,147,163,163],"floor_reached":25,"playtime":564,"items_purged":[],"score":319,"play_id":"4abf0575-0ec0-470b-ab20-5174989e5448","local_time":"20190427060256","is_ascension_mode":true,"campfire_choices":[{"data":"Sunder","floor":8,"key":"SMITH"},{"floor":15,"key":"REST"}],"neow_cost":"NONE","seed_source_timestamp":784926230579952,"circlet_count":0,"master_deck":["Strike_B","Strike_B","Strike_B","Strike_B","Defend_B","Defend_B","Defend_B+1","Defend_B","Zap+1","Dualcast","Ball Lightning","Glacier","Sunder+1","Loop","Hello World","Doom and Gloom","Go for the Eyes","Biased Cognition","Steam+1","Ball Lightning+1","Ball Lightning+1","Melter+1"],"relics":["Cracked Core","NeowsBlessing","SsserpentHead","Dead Branch","Mercury Hourglass","Bottled Lightning","Boot","Inserter","Pen Nib","Kunai","Molten Egg 2","DataDisk"],"potions_floor_usage":[16,22,24],"damage_taken":[{"damage":0,"enemies":"Small Slimes","floor":1,"turns":1},{"damage":0,"enemies":"Lagavulin","floor":6,"turns":1},{"damage":0,"enemies":"Jaw Worm","floor":7,"turns":1},{"damage":36,"enemies":"Gremlin Nob","floor":10,"turns":4},{"damage":0,"enemies":"Cultist","floor":11,"turns":3},{"damage":0,"enemies":"Large Slime","floor":12,"turns":5},{"damage":22,"enemies":"3 Sentries","floor":13,"turns":5},{"damage":0,"enemies":"Exordium Thugs","floor":14,"turns":3},{"damage":16,"enemies":"Hexaghost","floor":16,"turns":8},{"damage":24,"enemies":"Spheric Guardian","floor":18,"turns":4},{"damage":15,"enemies":"Chosen","floor":19,"turns":5},{"damage":26,"enemies":"Book of Stabbing","floor":23,"turns":6},{"damage":12,"enemies":"Snecko","floor":24,"turns":4},{"damage":17,"enemies":"Centurion and Healer","floor":25,"turns":5}],"seed_played":"3795647595511402712","potions_obtained":[{"floor":6,"key":"SkillPotion"},{"floor":11,"key":"Explosive Potion"},{"floor":13,"key":"EssenceOfSteel"},{"floor":14,"key":"Fire Potion"},{"floor":19,"key":"SteroidPotion"},{"floor":22,"key":"Fruit Juice"},{"floor":23,"key":"Regen Potion"}],"is_trial":false,"path_per_floor":["M","?","?","$","?","E","M","R","T","E","M","M","E","M","R","B",null,"M","M","$","T","?","E","M","M"],"character_chosen":"DEFECT","items_purchased":["Ball Lightning","Pen Nib","Kunai"],"campfire_rested":1,"item_purchase_floors":[4,20,20],"current_hp_per_floor":[75,60,75,75,75,75,75,75,75,39,39,39,17,17,39,23,75,51,36,36,36,41,15,15,0],"gold":163,"neow_bonus":"THREE_ENEMY_KILL","is_prod":false,"is_daily":false,"chose_seed":false,"campfire_upgraded":1,"win_rate":0,"timestamp":1556362976,"path_taken":["M","?","?","?","?","E","M","R","T","E","M","M","E","M","R","BOSS","M","M","$","?","?","E","M","M"],"build_version":"2019-01-23","purchased_purges":0,"victory":false,"max_hp_per_floor":[75,75,75,75,75,75,75,75,75,75,75,75,75,75,75,75,75,75,75,75,75,80,80,80,80],"card_choices":[{"not_picked":["Barrage","Turbo","Force Field"],"picked":"SKIP","floor":1},{"not_picked":["Skim","FTL"],"picked":"Glacier","floor":6},{"not_picked":["Turbo","Tempest"],"picked":"Sunder","floor":7},{"not_picked":["Rip and Tear","All For One"],"picked":"Loop","floor":10},{"not_picked":["Hologram","Compile Driver"],"picked":"Hello World","floor":11},{"not_picked":["Redo","Stack"],"picked":"Doom and Gloom","floor":12},{"not_picked":["Turbo","Compile Driver","Rebound"],"picked":"SKIP","floor":13},{"not_picked":["Double Energy","Recycle"],"picked":"Go for the Eyes","floor":14},{"not_picked":["Multi-Cast","All For One"],"picked":"Biased Cognition","floor":16},{"not_picked":["Beam Cell","Barrage"],"picked":"Steam+1","floor":18},{"not_picked":["Rebound","Compile Driver"],"picked":"Ball Lightning+1","floor":19},{"not_picked":["Gash+1","Redo"],"picked":"Ball Lightning+1","floor":23},{"not_picked":["Rebound+1","Streamline+1"],"picked":"Melter+1","floor":24}],"player_experience":254690,"relics_obtained":[{"floor":6,"key":"Dead Branch"},{"floor":9,"key":"Mercury Hourglass"},{"floor":10,"key":"Bottled Lightning"},{"floor":13,"key":"Boot"},{"floor":21,"key":"Molten Egg 2"},{"floor":23,"key":"DataDisk"}],"event_choices":[{"damage_healed":0,"gold_gain":0,"player_choice":"Entered Light","damage_taken":15,"max_hp_gain":0,"max_hp_loss":0,"event_name":"Shining Light","floor":2,"gold_loss":0,"cards_upgraded":["Zap","Defend_B"]},{"damage_healed":25,"gold_gain":0,"player_choice":"Banana","damage_taken":0,"max_hp_gain":0,"max_hp_loss":0,"event_name":"Big Fish","floor":3,"gold_loss":0},{"damage_healed":0,"gold_gain":0,"player_choice":"Trade","damage_taken":0,"relics_obtained":["SsserpentHead"],"max_hp_gain":0,"max_hp_loss":0,"event_name":"FaceTrader","floor":5,"gold_loss":0},{"damage_healed":0,"gold_gain":0,"player_choice":"Got Potions","damage_taken":0,"max_hp_gain":0,"max_hp_loss":0,"event_name":"Lab","floor":22,"gold_loss":0}],"is_beta":false,"boss_relics":[{"not_picked":["Fusion Hammer","Coffee Dripper"],"picked":"Inserter"}],"items_purged_floors":[],"is_endless":false,"potions_floor_spawned":[6,11,13,14,19,23],"killed_by":"Centurion and Healer","ascension_level":4}