{"gold_per_floor":[217,237,237,237,257,316,328,328,355,388,230,230],"floor_reached":12,"playtime":616,"items_purged":["Strike_B"],"score":172,"play_id":"c4808b30-f3f2-4af7-9f8c-2ab06192fde4","local_time":"20190116175926","is_ascension_mode":true,"campfire_choices":[{"data":"Rip and Tear","floor":8.0,"key":"SMITH"}],"neow_cost":"NONE","seed_source_timestamp":942800209708081,"circlet_count":0,"master_deck":["AscendersBane","Strike_B","Strike_B","Defend_B","Defend_B","Defend_B","Defend_B","Zap+1","Dualcast","Rip and Tear+1","Seek","Cold Snap","Ball Lightning","Defragment","Loop"],"special_seed":0,"relics":["Cracked Core","Tiny Chest","Bag of Preparation","Oddly Smooth Stone"],"potions_floor_usage":[12],"damage_taken":[{"damage":0.0,"enemies":"Small Slimes","floor":1.0,"turns":3.0},{"damage":12.0,"enemies":"Jaw Worm","floor":2.0,"turns":3.0},{"damage":0.0,"enemies":"2 Louse","floor":5.0,"turns":3.0},{"damage":23.0,"enemies":"3 Sentries","floor":6.0,"turns":7.0},{"damage":1.0,"enemies":"Looter","floor":7.0,"turns":2.0},{"damage":19.0,"enemies":"Lagavulin","floor":10.0,"turns":6.0},{"damage":8,"enemies":"Gremlin Gang","floor":12,"turns":2}],"seed_played":"-5501819771414403274","potions_obtained":[{"floor":2.0,"key":"EntropicBrew"},{"floor":6.0,"key":"EssenceOfSteel"},{"floor":10.0,"key":"FocusPotion"}],"is_trial":false,"path_per_floor":["M","M","?","?","M","E","M","R","T","E","$","M"],"character_chosen":"DEFECT","items_purchased":["Loop"],"campfire_rested":0,"item_purchase_floors":[11],"current_hp_per_floor":[64,52,45,45,45,22,21,21,21,2,2,0],"gold":230,"neow_bonus":"HUNDRED_GOLD","is_prod":false,"is_daily":false,"chose_seed":false,"campfire_upgraded":1,"win_rate":0,"timestamp":1547632766,"path_taken":["M","M","?","?","M","E","M","R","T","E","$","?"],"build_version":"2019-01-14v2","purchased_purges":1,"victory":false,"max_hp_per_floor":[71,71,71,71,71,71,71,71,71,71,71,71],"card_choices":[{"not_picked":["Go for the Eyes","Barrage","Steam"],"picked":"SKIP","floor":1.0},{"not_picked":["Hologram","Go for the Eyes"],"picked":"Rip and Tear","floor":2.0},{"not_picked":["Cold Snap","Rebound"],"picked":"Seek","floor":5.0},{"not_picked":["Streamline","Hello World"],"picked":"Cold Snap","floor":6.0},{"not_picked":["Undo","Hologram"],"picked":"Ball Lightning","floor":7.0},{"not_picked":["Machine Learning","Reprogram"],"picked":"Defragment","floor":10.0}],"player_experience":713178,"relics_obtained":[{"floor":6.0,"key":"Tiny Chest"},{"floor":9.0,"key":"Bag of Preparation"},{"floor":10.0,"key":"Oddly Smooth Stone"}],"event_choices":[{"cards_removed":["Strike_B"],"damage_healed":0.0,"max_hp_gain":0.0,"max_hp_loss":0.0,"gold_gain":0.0,"event_name":"Golden Wing","player_choice":"Card Removal","floor":3.0,"gold_loss":0.0,"damage_taken":7.0},{"damage_healed":0.0,"max_hp_gain":0.0,"max_hp_loss":0.0,"gold_gain":0.0,"event_name":"Living Wall","player_choice":"Grow","floor":4.0,"gold_loss":0.0,"damage_taken":0.0,"cards_upgraded":["Zap"]}],"is_beta":true,"boss_relics":[],"items_purged_floors":[11],"is_endless":false,"potions_floor_spawned":[2,6,10],"killed_by":"Gremlin Gang","ascension_level":19}