{"gold_per_floor":[118,118,134,148,11,11,30,55,135,169,169,202,227,240,240,312,312,329,329,49,74,87,120,45,45,45,74,30,30,30,45,45,119,119,135,135,149,159,172,172,38,38,38,53,53,3,36,58,70,82,94,106,118,39,39],"floor_reached":55,"playtime":3112,"items_purged":["Strike_B","Decay","Strike_B"],"score":1881,"play_id":"9a50af94-86c6-4757-9b00-020fba5fb312","local_time":"20190211171337","is_ascension_mode":true,"campfire_choices":[{"data":"Defragment","floor":6.0,"key":"SMITH"},{"floor":11.0,"key":"REST"},{"data":"Loop","floor":15.0,"key":"SMITH"},{"floor":25.0,"key":"REST"},{"data":"Loop","floor":30.0,"key":"SMITH"},{"floor":32.0,"key":"REST"},{"floor":40.0,"key":"REST"},{"data":"Buffer","floor":42.0,"key":"SMITH"},{"floor":45.0,"key":"REST"},{"floor":49.0,"key":"RECALL"},{"data":"Defragment","floor":53.0,"key":"SMITH"}],"neow_cost":"TEN_PERCENT_HP_LOSS","seed_source_timestamp":511528345391400,"circlet_count":0,"master_deck":["AscendersBane","Strike_B","Defend_B","Defend_B","Defend_B","Defend_B","Zap","Dualcast","Consume+1","Core Surge","Cold Snap","Defragment+1","Loop+1","Reinforced Body","Electrodynamics","Loop+1","Loop+1","Loop+1","Coolheaded","Blizzard","Self Repair","Buffer+1","Capacitor","Consume+1","BootSequence","Parasite","Defragment+1","White Noise","Capacitor+1"],"special_seed":0,"relics":["Cracked Core","Pocketwatch","Emotion Chip","Kunai","Blood Vial","Omamori","Vajra","Cursed Key","Membership Card","Darkstone Periapt","Gremlin Horn","Unceasing Top","Inserter","Meat on the Bone","Question Card","MawBank"],"potions_floor_usage":[55],"damage_taken":[{"damage":1.0,"enemies":"Cultist","floor":1.0,"turns":3.0},{"damage":15.0,"enemies":"Small Slimes","floor":3.0,"turns":3.0},{"damage":7.0,"enemies":"Jaw Worm","floor":4.0,"turns":4.0},{"damage":12.0,"enemies":"3 Louse","floor":7.0,"turns":3.0},{"damage":4.0,"enemies":"Gremlin Nob","floor":8.0,"turns":3.0},{"damage":3.0,"enemies":"Lagavulin","floor":10.0,"turns":7.0},{"damage":13.0,"enemies":"3 Sentries","floor":12.0,"turns":5.0},{"damage":6.0,"enemies":"Looter","floor":14.0,"turns":2.0},{"damage":10.0,"enemies":"Slime Boss","floor":16.0,"turns":8.0},{"damage":7.0,"enemies":"Chosen","floor":18.0,"turns":4.0},{"damage":20.0,"enemies":"Shell Parasite","floor":22.0,"turns":5.0},{"damage":0.0,"enemies":"Gremlin Leader","floor":23.0,"turns":6.0},{"damage":32.0,"enemies":"Book of Stabbing","floor":27.0,"turns":7.0},{"damage":8.0,"enemies":"Snecko","floor":31.0,"turns":4.0},{"damage":1.0,"enemies":"Champ","floor":33.0,"turns":14.0},{"damage":4.0,"enemies":"3 Shapes","floor":35.0,"turns":3.0},{"damage":27.0,"enemies":"3 Darklings","floor":37.0,"turns":6.0},{"damage":25.0,"enemies":"Writhing Mass","floor":38.0,"turns":9.0},{"damage":25.0,"enemies":"Transient","floor":39.0,"turns":6.0},{"damage":31.0,"enemies":"Jaw Worm Horde","floor":44.0,"turns":3.0},{"damage":23.0,"enemies":"Reptomancer","floor":47.0,"turns":5.0},{"damage":0.0,"enemies":"Maw","floor":48.0,"turns":10.0},{"damage":37.0,"enemies":"Donu and Deca","floor":50.0,"turns":8.0},{"damage":19.0,"enemies":"Time Eater","floor":51.0,"turns":25.0},{"damage":64,"enemies":"Shield and Spear","floor":55,"turns":6}],"seed_played":"-3136924900897919323","potions_obtained":[{"floor":3.0,"key":"Block Potion"},{"floor":4.0,"key":"SneckoOil"},{"floor":10.0,"key":"GamblersBrew"},{"floor":14.0,"key":"EntropicBrew"},{"floor":16.0,"key":"PowerPotion"},{"floor":23.0,"key":"Weak Potion"},{"floor":38.0,"key":"PowerPotion"},{"floor":48.0,"key":"LiquidBronze"}],"is_trial":false,"path_per_floor":["M","?","M","M","$","R","M","E","T","E","R","E","T","M","R","B",null,"M","?","$","T","M","E","?","R","T","E","$","?","R","M","R","B",null,"M","?","M","M","M","R","$","R","T","M","R","$","E","M","R","B","B",null,"R","$","E"],"character_chosen":"DEFECT","items_purchased":["Cold Snap","Defragment","Membership Card","Loop","Blizzard","Meat on the Bone","SkillPotion"],"campfire_rested":5,"item_purchase_floors":[5,5,20,20,28,41,54],"current_hp_per_floor":[63,63,48,41,41,41,29,25,25,22,41,30,30,26,26,18,53,48,48,48,48,30,32,32,51,51,21,21,21,21,15,34,42,59,57,57,39,29,13,34,34,34,40,23,45,45,36,57,57,41,43,68,68,68,6],"gold":39,"neow_bonus":"ONE_RARE_RELIC","is_prod":false,"is_daily":false,"chose_seed":false,"campfire_upgraded":5,"win_rate":0,"timestamp":1549872817,"path_taken":["M","?","?","M","$","R","?","E","T","E","R","E","?","M","R","BOSS","M","?","?","?","M","E","?","R","T","E","$","?","R","M","R","BOSS","M","?","M","M","M","R","$","R","T","M","R","$","E","?","R","BOSS","BOSS","R","$","E"],"build_version":"2019-01-23","purchased_purges":3,"victory":false,"max_hp_per_floor":[64,64,64,64,64,64,64,64,64,64,64,64,64,64,64,64,64,64,64,64,64,64,64,64,64,64,64,64,64,64,64,64,64,64,64,64,64,70,70,70,70,70,76,76,76,76,76,76,76,76,76,76,76,76,76],"card_choices":[{"not_picked":["Gash","Rebound"],"picked":"Consume","floor":1.0},{"not_picked":["Steam","Genetic Algorithm"],"picked":"Core Surge","floor":3.0},{"not_picked":["Force Field","Barrage","Sweeping Beam"],"picked":"SKIP","floor":4.0},{"not_picked":["Rebound","Stack","Steam"],"picked":"SKIP","floor":7.0},{"not_picked":["Hologram","Turbo","Reinforced Body"],"picked":"SKIP","floor":8.0},{"not_picked":["Genetic Algorithm","Hologram"],"picked":"Loop","floor":10.0},{"not_picked":["Reprogram","Hello World","Recycle"],"picked":"SKIP","floor":12.0},{"not_picked":["Ball Lightning","Leap"],"picked":"Reinforced Body","floor":14.0},{"not_picked":["Creative AI","Reboot"],"picked":"Electrodynamics","floor":16.0},{"not_picked":["Go for the Eyes","Static Discharge"],"picked":"Loop","floor":18.0},{"not_picked":["Aggregate","Rebound"],"picked":"Loop","floor":22.0},{"not_picked":["Streamline","Hologram","Leap"],"picked":"SKIP","floor":23.0},{"not_picked":["Loop","Stack"],"picked":"Coolheaded","floor":27.0},{"not_picked":["Defragment","Rebound"],"picked":"Self Repair","floor":31.0},{"not_picked":["Fission","Reboot"],"picked":"Buffer","floor":33.0},{"not_picked":["Beam Cell+1","Turbo"],"picked":"Capacitor","floor":35.0},{"not_picked":["Redo","Compile Driver"],"picked":"BootSequence","floor":37.0},{"not_picked":["Redo+1","Turbo+1"],"picked":"Defragment","floor":38.0},{"not_picked":["Beam Cell","Undo","Rip and Tear+1"],"picked":"SKIP","floor":39.0},{"not_picked":["Stack+1","Aggregate","Gash+1","Go for the Eyes"],"picked":"SKIP","floor":44.0},{"not_picked":["Electrodynamics","Sweeping Beam","Fusion"],"picked":"White Noise","floor":47.0},{"not_picked":["Lockon","Heatsinks","Darkness"],"picked":"Capacitor+1","floor":48.0}],"player_experience":1512963,"relics_obtained":[{"floor":8.0,"key":"Emotion Chip"},{"floor":9.0,"key":"Kunai"},{"floor":10.0,"key":"Blood Vial"},{"floor":12.0,"key":"Omamori"},{"floor":13.0,"key":"Vajra"},{"floor":23.0,"key":"Darkstone Periapt"},{"floor":26.0,"key":"Gremlin Horn"},{"floor":27.0,"key":"Unceasing Top"},{"floor":43.0,"key":"Question Card"},{"floor":47.0,"key":"MawBank"}],"event_choices":[{"damage_healed":0.0,"max_hp_gain":0.0,"max_hp_loss":0.0,"gold_gain":0.0,"event_name":"Upgrade Shrine","player_choice":"Upgraded","floor":2.0,"gold_loss":0.0,"damage_taken":0.0,"cards_upgraded":["Consume"]},{"damage_healed":0.0,"max_hp_gain":0.0,"max_hp_loss":0.0,"gold_gain":0.0,"event_name":"Upgrade Shrine","player_choice":"Upgraded","floor":19.0,"gold_loss":0.0,"damage_taken":0.0,"cards_upgraded":["Loop"]},{"cards_removed":["Strike_B"],"damage_healed":0.0,"max_hp_gain":0.0,"max_hp_loss":0.0,"gold_gain":0.0,"event_name":"Beggar","player_choice":"Gave Gold","floor":24.0,"gold_loss":75.0,"damage_taken":0.0},{"damage_healed":0.0,"max_hp_gain":0.0,"max_hp_loss":0.0,"gold_gain":0.0,"event_name":"Accursed Blacksmith","player_choice":"Forge","floor":29.0,"gold_loss":0.0,"damage_taken":0.0,"cards_upgraded":["Loop"]},{"damage_healed":0.0,"max_hp_gain":0.0,"max_hp_loss":0.0,"gold_gain":0.0,"event_name":"Duplicator","player_choice":"Copied","floor":36.0,"gold_loss":0.0,"damage_taken":0.0,"cards_obtained":["Consume"]}],"is_beta":false,"boss_relics":[{"not_picked":["Ectoplasm","Lizard Tail"],"picked":"Cursed Key"},{"not_picked":["Black Star","Snecko Eye"],"picked":"Inserter"}],"items_purged_floors":[20,46,54],"is_endless":false,"potions_floor_spawned":[3,4,10,14,16,22,23,38,48],"killed_by":"Shield and Spear","ascension_level":20}