{"gold_per_floor":[367,367,377,6,25,25,36,36,63,79,99,129,129,129,129,202,202,218,234,234,16,36,36,67,83,135,147,147,475,475,505,505,584,584,602,656,674,292,292,292,311,311,311,411,411,423,423,454,454,454],"floor_reached":50,"playtime":2958,"items_purged":["Defend_B"],"score":1235,"play_id":"e1320962-0916-435b-8145-a1884048e23a","local_time":"20190220135236","is_ascension_mode":true,"campfire_choices":[{"data":"Defragment","floor":6.0,"key":"SMITH"},{"data":"Consume","floor":8.0,"key":"SMITH"},{"data":"Zap","floor":13.0,"key":"SMITH"},{"floor":15.0,"key":"REST"},{"data":"Defragment","floor":23.0,"key":"SMITH"},{"data":"Creative AI","floor":28,"key":"SMITH"},{"data":"Seek","floor":30,"key":"SMITH"},{"data":"Blizzard","floor":32,"key":"SMITH"},{"data":"Seek","floor":40,"key":"SMITH"},{"floor":45,"key":"RECALL"},{"data":"Loop","floor":47,"key":"SMITH"},{"data":"Turbo","floor":49,"key":"SMITH"}],"neow_cost":"PERCENT_DAMAGE","seed_source_timestamp":4753799086900,"circlet_count":0,"master_deck":["AscendersBane","Defend_B","Zap+1","Dualcast","Gash","Coolheaded","Defragment+1","Consume+1","Cold Snap","Glacier","Creative AI+1","Blizzard+1","Bite","Bite","Bite","Bite","Bite","Defragment+1","Seek+1","Coolheaded","Capacitor+1","Coolheaded","Gash+1","Gash","Seek+1","Skim+1","Capacitor","Hologram+1","Gash+1","Coolheaded","Self Repair","Seek","Echo Form","Loop+1","Gash","Turbo+1"],"special_seed":0,"relics":["Cracked Core","Lee\u0027s Waffle","Anchor","Boot","Sozu","Regal Pillow","Centennial Puzzle","Old Coin","Pen Nib","Runic Dome","Prayer Wheel","Torii","Question Card"],"potions_floor_usage":[],"damage_taken":[{"damage":13.0,"enemies":"Small Slimes","floor":1.0,"turns":4.0},{"damage":1.0,"enemies":"Cultist","floor":3.0,"turns":3.0},{"damage":10.0,"enemies":"Jaw Worm","floor":5.0,"turns":4.0},{"damage":1.0,"enemies":"2 Fungi Beasts","floor":7.0,"turns":3.0},{"damage":16.0,"enemies":"Large Slime","floor":10.0,"turns":5.0},{"damage":19.0,"enemies":"Exordium Thugs","floor":11.0,"turns":4.0},{"damage":17.0,"enemies":"3 Sentries","floor":12.0,"turns":8.0},{"damage":20.0,"enemies":"Slime Boss","floor":16.0,"turns":14.0},{"damage":8.0,"enemies":"Shell Parasite","floor":18.0,"turns":9.0},{"damage":0.0,"enemies":"Spheric Guardian","floor":19.0,"turns":6.0},{"damage":14.0,"enemies":"Snecko","floor":22.0,"turns":9.0},{"damage":55.0,"enemies":"Gremlin Leader","floor":24.0,"turns":12.0},{"damage":14,"enemies":"Shelled Parasite and Fungi","floor":25,"turns":15},{"damage":7,"enemies":"Centurion and Healer","floor":27,"turns":7},{"damage":21,"enemies":"Book of Stabbing","floor":29,"turns":7},{"damage":11,"enemies":"Slavers","floor":31,"turns":10},{"damage":4,"enemies":"Collector","floor":33,"turns":13},{"damage":9,"enemies":"Orb Walker","floor":35,"turns":5},{"damage":33,"enemies":"2 Orb Walkers","floor":36,"turns":7},{"damage":9,"enemies":"3 Darklings","floor":37,"turns":5},{"damage":3,"enemies":"Spire Growth","floor":41,"turns":7},{"damage":0,"enemies":"Mind Bloom Boss Battle","floor":44,"turns":7},{"damage":10,"enemies":"Sphere and 2 Shapes","floor":46,"turns":7},{"damage":0,"enemies":"Giant Head","floor":48,"turns":8},{"damage":62,"enemies":"Awakened One","floor":50,"turns":3}],"seed_played":"2481007203847712135","potions_obtained":[{"floor":3.0,"key":"EssenceOfSteel"},{"floor":10.0,"key":"Energy Potion"},{"floor":12.0,"key":"Strength Potion"}],"is_trial":false,"path_per_floor":["M","?","M","$","M","R","M","R","T","M","M","E","R","?","R","B",null,"M","M","?","$","M","R","E","M","T","M","R","E","R","E","R","B",null,"M","?","M","$","?","R","M","?","T","?","R","M","R","E","R","B"],"character_chosen":"DEFECT","items_purchased":["Coolheaded","Lee\u0027s Waffle","FocusPotion","Defragment","Seek","Coolheaded","Coolheaded","Self Repair","Seek"],"campfire_rested":1,"item_purchase_floors":[4,4,4,21,21,21,38,38,38],"current_hp_per_floor":[33,33,32,78,68,68,67,67,67,51,32,15,15,15,38,18,63,55,55,54,54,42,42,13,37,37,48,48,43,43,46,46,54,54,51,32,29,29,29,29,47,47,47,54,54,54,54,54,54,0],"gold":454,"neow_bonus":"TWO_FIFTY_GOLD","is_prod":false,"is_daily":false,"chose_seed":false,"campfire_upgraded":10,"win_rate":0,"timestamp":1550638356,"path_taken":["M","?","M","$","M","R","M","R","T","M","?","E","R","?","R","BOSS","M","M","?","$","M","R","E","M","T","M","R","E","R","E","R","BOSS","M","?","M","$","?","R","M","?","T","?","R","M","R","E","R","BOSS"],"build_version":"2019-01-23","purchased_purges":1,"victory":false,"max_hp_per_floor":[71,71,71,78,78,78,78,78,78,78,78,78,78,78,78,78,78,78,78,54,54,54,54,54,54,54,54,54,54,54,54,54,54,54,54,54,54,54,54,54,54,54,54,54,54,54,54,54,54,54],"card_choices":[{"not_picked":["Beam Cell","Rebound"],"picked":"Gash","floor":1.0},{"not_picked":["Rebound","Double Energy","Barrage"],"picked":"SKIP","floor":3.0},{"not_picked":["Tempest","Stack"],"picked":"Defragment","floor":5.0},{"not_picked":["Turbo","Go for the Eyes"],"picked":"Consume","floor":7.0},{"not_picked":["Gash","Barrage"],"picked":"Cold Snap","floor":10.0},{"not_picked":["Go for the Eyes","Sweeping Beam","Steam"],"picked":"SKIP","floor":11.0},{"not_picked":["Go for the Eyes","Sweeping Beam","Steam"],"picked":"SKIP","floor":11.0},{"not_picked":["Skim","Echo Form"],"picked":"Glacier","floor":12.0},{"not_picked":["Hyperbeam","Reboot"],"picked":"Creative AI","floor":16.0},{"not_picked":["Steam","Undo","Barrage"],"picked":"SKIP","floor":18.0},{"not_picked":["Sweeping Beam","Steam+1"],"picked":"Blizzard","floor":19.0},{"not_picked":["Undo","Beam Cell","Ball Lightning"],"picked":"SKIP","floor":22.0},{"not_picked":["White Noise","Hyperbeam"],"picked":"Capacitor+1","floor":24.0},{"not_picked":["Leap","Redo","Ball Lightning"],"picked":"SKIP","floor":25},{"not_picked":["Rip and Tear","Barrage"],"picked":"Coolheaded","floor":27},{"not_picked":["Multi-Cast","Streamline"],"picked":"Gash+1","floor":29},{"not_picked":["Ball Lightning","Darkness"],"picked":"Gash","floor":31},{"not_picked":["All For One","Rainbow"],"picked":"Seek","floor":33},{"not_picked":["Recycle+1","Beam Cell+1"],"picked":"Skim+1","floor":35},{"not_picked":["Stack","Auto Shields"],"picked":"Capacitor","floor":36},{"not_picked":["Cold Snap","Go for the Eyes+1"],"picked":"Hologram+1","floor":37},{"not_picked":["Darkness","Turbo"],"picked":"Gash+1","floor":37},{"not_picked":["Heatsinks","Conserve Battery"],"picked":"Echo Form","floor":41},{"not_picked":["Leap","Self Repair+1","Doom and Gloom"],"picked":"SKIP","floor":41},{"not_picked":["Leap","Self Repair+1","Doom and Gloom"],"picked":"SKIP","floor":41},{"not_picked":["Stack+1","Cold Snap"],"picked":"Loop","floor":46},{"not_picked":["Steam Power","Rip and Tear+1"],"picked":"Gash","floor":46},{"not_picked":["Compile Driver","Echo Form"],"picked":"Turbo","floor":48}],"player_experience":1662451,"relics_obtained":[{"floor":9.0,"key":"Anchor"},{"floor":12.0,"key":"Boot"},{"floor":24.0,"key":"Regal Pillow"},{"floor":26,"key":"Centennial Puzzle"},{"floor":29,"key":"Old Coin"},{"floor":31,"key":"Pen Nib"},{"floor":36,"key":"Prayer Wheel"},{"floor":44,"key":"Torii"},{"floor":48,"key":"Question Card"}],"event_choices":[{"cards_removed":["Defend_B"],"damage_healed":0.0,"max_hp_gain":0.0,"max_hp_loss":0.0,"gold_gain":0.0,"event_name":"Bonfire Elementals","player_choice":"Offered Basic","floor":2.0,"gold_loss":0.0,"damage_taken":0.0},{"damage_healed":0.0,"max_hp_gain":0.0,"max_hp_loss":0.0,"gold_gain":0.0,"event_name":"Liars Game","player_choice":"Ignored","floor":14.0,"gold_loss":0.0,"damage_taken":0.0},{"damage_healed":0.0,"max_hp_gain":0.0,"max_hp_loss":24.0,"gold_gain":0.0,"event_name":"Vampires","player_choice":"Became a vampire","floor":20.0,"gold_loss":0.0,"damage_taken":0.0,"cards_obtained":["Bite","Bite","Bite","Bite","Bite"]},{"damage_healed":0,"gold_gain":0,"player_choice":"Fight","damage_taken":0,"max_hp_gain":0,"max_hp_loss":0,"event_name":"Mysterious Sphere","floor":36,"gold_loss":0},{"cards_removed":["Defend_B"],"damage_healed":0,"gold_gain":0,"player_choice":"Removed Skill","damage_taken":0,"max_hp_gain":0,"max_hp_loss":0,"event_name":"Falling","floor":39,"gold_loss":0},{"damage_healed":0,"gold_gain":0,"player_choice":"Ignored","damage_taken":0,"max_hp_gain":0,"max_hp_loss":0,"event_name":"Tomb of Lord Red Mask","floor":42,"gold_loss":0},{"damage_healed":0,"gold_gain":0,"player_choice":"Fight","damage_taken":0,"max_hp_gain":0,"max_hp_loss":0,"event_name":"MindBloom","floor":44,"gold_loss":0}],"is_beta":false,"boss_relics":[{"not_picked":["Coffee Dripper","Tiny House"],"picked":"Sozu"},{"not_picked":["Orrery","Busted Crown"],"picked":"Runic Dome"}],"items_purged_floors":[38],"is_endless":false,"potions_floor_spawned":[3,10,12,18,19,25,41,44,46,48],"killed_by":"Awakened One","ascension_level":20}