{"gold_per_floor":[118,118,118,43,53,84,84,109,109,28,28,48,61,80,80,175,175,185,185,30,42,42,42,54,89,112,112,124,199,6,6,6,6],"floor_reached":33,"playtime":1360,"items_purged":["Regret","Pain"],"score":402,"play_id":"62b0a7e6-ab5c-476c-8d79-b2fec223cb1a","local_time":"20180728125509","is_ascension_mode":true,"campfire_choices":[{"data":"Beam Cell","floor":7,"key":"SMITH"},{"floor":11,"key":"REST"},{"floor":15,"key":"REST"},{"floor":23,"key":"REST"},{"floor":27,"key":"REST"},{"floor":32,"key":"REST"}],"neow_cost":"NONE","seed_source_timestamp":494795313495206,"circlet_count":0,"master_deck":["Strike_B","Strike_B","Strike_B","Strike_B","Defend_B+1","Defend_B","Defend_B","Defend_B","Zap","Dualcast+1","Ball Lightning+1","Go for the Eyes","Beam Cell+1","Melter","Scrape","Beam Cell","Rebound","Cold Snap","Steam","Streamline","Beam Cell","Streamline","Auto Shields+1","Finesse","Go for the Eyes"],"relics":["Cracked Core","NeowsBlessing","Kunai","Blue Candle","Shuriken","Smiling Mask","Cursed Key","Bag of Preparation","DataDisk","War Paint"],"potions_floor_usage":[8,13,18,18,24],"damage_taken":[{"damage":0,"enemies":"Small Slimes","floor":1,"turns":1},{"damage":0,"enemies":"2 Louse","floor":5,"turns":1},{"damage":0,"enemies":"Gremlin Nob","floor":6,"turns":1},{"damage":30,"enemies":"Lagavulin","floor":8,"turns":4},{"damage":0,"enemies":"Cultist","floor":12,"turns":2},{"damage":12,"enemies":"Exordium Wildlife","floor":13,"turns":2},{"damage":2,"enemies":"Exordium Thugs","floor":14,"turns":3},{"damage":5,"enemies":"Slime Boss","floor":16,"turns":5},{"damage":2,"enemies":"Shell Parasite","floor":18,"turns":3},{"damage":14,"enemies":"2 Thieves","floor":21,"turns":4},{"damage":0,"enemies":"3 Cultists","floor":24,"turns":4},{"damage":33,"enemies":"Slavers","floor":25,"turns":6},{"damage":16,"enemies":"Centurion and Healer","floor":28,"turns":3},{"damage":64,"enemies":"Collector","floor":33,"turns":7}],"seed_played":"-3012921040179450788","potions_obtained":[{"floor":5,"key":"Energy Potion"},{"floor":8,"key":"SteroidPotion"},{"floor":14,"key":"Block Potion"},{"floor":16,"key":"SteroidPotion"},{"floor":18,"key":"FocusPotion"},{"floor":25,"key":"SmokeBomb"}],"is_trial":false,"path_per_floor":["M","?","?","$","M","E","R","E","T","$","R","M","M","M","R","B",null,"M","?","$","M","?","R","M","E","T","R","M","?","$","?","R"],"character_chosen":"DEFECT","items_purchased":["Scrape","Bag of Preparation","Finesse","Go for the Eyes"],"campfire_rested":5,"item_purchase_floors":[10,20,30,30],"current_hp_per_floor":[68,68,68,68,68,68,68,38,38,38,60,60,48,46,68,63,72,70,70,70,56,56,75,75,42,42,64,48,41,41,41,63,0],"gold":6,"neow_bonus":"THREE_ENEMY_KILL","is_prod":false,"is_daily":false,"chose_seed":false,"campfire_upgraded":1,"win_rate":0,"timestamp":1532771709,"path_taken":["M","?","?","?","M","E","R","E","T","$","R","?","M","M","R","BOSS","M","?","$","M","?","R","M","E","T","R","M","?","$","?","R","BOSS"],"build_version":"2018-07-26","purchased_purges":2,"victory":false,"max_hp_per_floor":[75,75,75,75,75,75,75,75,75,75,75,75,75,75,75,75,75,75,75,75,75,75,75,75,75,75,75,75,75,75,75,75,75],"card_choices":[{"not_picked":["Consume","Melter"],"picked":"Ball Lightning","floor":1},{"not_picked":["Steam","Sweeping Beam"],"picked":"Go for the Eyes","floor":5},{"not_picked":["Aggregate","Steam"],"picked":"Beam Cell","floor":6},{"not_picked":["Storm","Hologram"],"picked":"Melter","floor":8},{"not_picked":["Hyperbeam","Go for the Eyes"],"picked":"Beam Cell","floor":12},{"not_picked":["Steam Power","Reinforced Body"],"picked":"Rebound","floor":13},{"not_picked":["Stack","Redo"],"picked":"Cold Snap","floor":14},{"not_picked":["Streamline","Force Field"],"picked":"Steam","floor":18},{"not_picked":["Rebound","Stack"],"picked":"Streamline","floor":21},{"not_picked":["Ball Lightning","Stack"],"picked":"Beam Cell","floor":24},{"not_picked":["Leap","Hello World+1"],"picked":"Streamline","floor":25},{"not_picked":["Streamline","Tempest"],"picked":"Auto Shields+1","floor":28}],"player_experience":605543,"relics_obtained":[{"floor":6,"key":"Blue Candle"},{"floor":8,"key":"Shuriken"},{"floor":9,"key":"Smiling Mask"},{"floor":25,"key":"DataDisk"},{"floor":26,"key":"War Paint"}],"event_choices":[{"event_name":"Big Fish","player_choice":"Box","floor":2,"damage_taken":0},{"event_name":"Accursed Blacksmith","player_choice":"Forge","floor":3,"damage_taken":0},{"event_name":"Match and Keep!","player_choice":"0 cards matched","floor":19,"damage_taken":0},{"event_name":"Vampires","player_choice":"Ignored","floor":22,"damage_taken":0},{"event_name":"FaceTrader","player_choice":"Touch","floor":29,"damage_taken":0},{"event_name":"Addict","player_choice":"Ignored","floor":31,"damage_taken":0}],"is_beta":false,"boss_relics":[{"not_picked":["Snecko Eye","Orrery"],"picked":"Cursed Key"}],"items_purged_floors":[4,30],"is_endless":false,"potions_floor_spawned":[5,8,14,16,18,25],"killed_by":"Collector","ascension_level":7}