{"gold_per_floor":[114,130,147,167,183,183,195,211,211,211,211],"floor_reached":11,"playtime":395,"items_purged":[],"score":86,"play_id":"fa338ede-4e77-4170-bd3c-f303a5a88fff","local_time":"20180917230722","is_ascension_mode":true,"campfire_choices":[{"data":"Carnage","floor":6,"key":"SMITH"}],"neow_cost":"NONE","seed_source_timestamp":386157474086665,"circlet_count":0,"master_deck":["Strike_R","Strike_R","Strike_R","Strike_R+1","Strike_R","Defend_R+1","Defend_R","Defend_R","Defend_R","Bash+1","Carnage+1","Pummel","Iron Wave","Shrug It Off","True Grit"],"relics":["Burning Blood","Pear"],"potions_floor_usage":[],"damage_taken":[{"damage":1,"enemies":"Cultist","floor":1,"turns":4},{"damage":7,"enemies":"Small Slimes","floor":2,"turns":3},{"damage":5,"enemies":"2 Louse","floor":3,"turns":3},{"damage":21,"enemies":"Large Slime","floor":4,"turns":8},{"damage":7,"enemies":"2 Fungi Beasts","floor":5,"turns":3},{"damage":2,"enemies":"3 Louse","floor":7,"turns":3},{"damage":17,"enemies":"Exordium Wildlife","floor":8,"turns":5},{"damage":49,"enemies":"Gremlin Gang","floor":11,"turns":3}],"seed_played":"6679576391789004265","potions_obtained":[{"floor":1,"key":"PowerPotion"},{"floor":2,"key":"AttackPotion"},{"floor":7,"key":"Block Potion"}],"is_trial":false,"path_per_floor":["M","M","M","M","M","R","M","M","T","?"],"character_chosen":"IRONCLAD","items_purchased":[],"campfire_rested":0,"item_purchase_floors":[],"current_hp_per_floor":[80,79,80,65,64,64,68,57,67,49,0],"gold":211,"neow_bonus":"UPGRADE_CARD","is_prod":false,"is_daily":false,"chose_seed":false,"campfire_upgraded":1,"win_rate":0,"timestamp":1537240042,"path_taken":["M","M","M","M","M","R","M","?","T","?","M"],"build_version":"2018-09-06","purchased_purges":0,"victory":false,"max_hp_per_floor":[80,80,80,80,80,80,80,80,90,90,90],"card_choices":[{"not_picked":["Sentinel","Clash"],"picked":"Carnage","floor":1},{"not_picked":["Flex","Thunderclap"],"picked":"Pummel","floor":2},{"not_picked":["Warcry","Rupture","Hemokinesis"],"picked":"SKIP","floor":3},{"not_picked":["Havoc","Perfected Strike"],"picked":"Iron Wave","floor":4},{"not_picked":["Dropkick","Clash","Bloodletting"],"picked":"SKIP","floor":5},{"not_picked":["Body Slam","Flex"],"picked":"Shrug It Off","floor":7},{"not_picked":["Hemokinesis","Havoc"],"picked":"True Grit","floor":8}],"player_experience":122196,"relics_obtained":[{"floor":9,"key":"Pear"}],"event_choices":[{"event_name":"Shining Light","player_choice":"Entered Light","floor":10,"damage_taken":0}],"is_beta":false,"boss_relics":[],"items_purged_floors":[],"is_endless":false,"potions_floor_spawned":[1,2,7],"killed_by":"Gremlin Gang","ascension_level":5}