{"gold_per_floor":[112,132,155,173,185,185,335,335,411,3,35,50,50,60,60,137,137,156,156,81,96,96],"floor_reached":22,"playtime":838,"items_purged":["Fusion"],"score":372,"play_id":"4505c523-8cc8-4360-9721-5451ed3b8e44","local_time":"20190413185551","is_ascension_mode":true,"campfire_choices":[{"data":"Recycle","floor":6,"key":"SMITH"},{"data":"Zap","floor":8,"key":"SMITH"},{"floor":15,"key":"REST"}],"neow_cost":"NONE","seed_source_timestamp":112399672275400,"circlet_count":0,"master_deck":["AscendersBane","Zap+1","Dualcast","Coolheaded","Turbo","Recycle+1","Doom and Gloom","Echo Form","Capacitor","Biased Cognition","FTL","Sunder","Self Repair","Auto Shields","Defragment","Biased Cognition","Blizzard","Coolheaded","Recycle+1","Conserve Battery+1"],"relics":["Cracked Core","NeowsBlessing","Omamori","Sundial","Ice Cream","War Paint","Pandora\u0027s Box"],"potions_floor_usage":[16,16,21,22],"damage_taken":[{"damage":0,"enemies":"Cultist","floor":1,"turns":1},{"damage":0,"enemies":"Small Slimes","floor":2,"turns":1},{"damage":0,"enemies":"2 Louse","floor":4,"turns":1},{"damage":11,"enemies":"Red Slaver","floor":5,"turns":3},{"damage":21,"enemies":"Lagavulin","floor":11,"turns":8},{"damage":0,"enemies":"2 Fungi Beasts","floor":12,"turns":3},{"damage":6,"enemies":"Exordium Wildlife","floor":14,"turns":4},{"damage":26,"enemies":"The Guardian","floor":16,"turns":10},{"damage":26,"enemies":"3 Byrds","floor":18,"turns":5},{"damage":33,"enemies":"2 Thieves","floor":21,"turns":4},{"damage":25,"enemies":"Cultist and Chosen","floor":22,"turns":3}],"seed_played":"-8318360870494451913","potions_obtained":[{"floor":1,"key":"Block Potion"},{"floor":4,"key":"Dexterity Potion"},{"floor":11,"key":"SkillPotion"},{"floor":14,"key":"FocusPotion"},{"floor":18,"key":"GamblersBrew"},{"floor":21,"key":"FocusPotion"}],"is_trial":false,"path_per_floor":["M","M","T","M","M","R","?","R","T","$","E","M","$","M","R","B",null,"M","?","$","M","M"],"character_chosen":"DEFECT","items_purchased":["Ice Cream","Doom and Gloom"],"campfire_rested":1,"item_purchase_floors":[10,10],"current_hp_per_floor":[64,64,64,64,53,53,53,53,53,53,32,32,32,26,47,21,59,40,40,40,14,0],"gold":96,"neow_bonus":"THREE_ENEMY_KILL","is_prod":false,"is_daily":false,"chose_seed":false,"campfire_upgraded":2,"win_rate":0,"timestamp":1555149351,"path_taken":["M","M","?","?","M","R","?","R","T","$","E","M","$","M","R","BOSS","M","?","$","M","?"],"build_version":"2019-01-23","purchased_purges":1,"victory":false,"max_hp_per_floor":[71,71,71,71,71,71,71,71,71,71,71,71,71,71,71,71,71,71,71,71,71,71],"card_choices":[{"not_picked":["Doom and Gloom","Barrage"],"picked":"Coolheaded","floor":1},{"not_picked":["Redo","Double Energy","Rebound"],"picked":"SKIP","floor":2},{"not_picked":["Steam Power","Hologram"],"picked":"Turbo","floor":4},{"not_picked":["Auto Shields","Rebound"],"picked":"Recycle","floor":5},{"not_picked":["Auto Shields","Conserve Battery","Heatsinks"],"picked":"SKIP","floor":11},{"not_picked":["Redo","Beam Cell"],"picked":"Echo Form","floor":12},{"not_picked":["Steam","Beam Cell"],"picked":"Capacitor","floor":14},{"not_picked":["Thunder Strike","Buffer"],"picked":"Biased Cognition","floor":16},{"not_picked":["Barrage","Consume"],"picked":"Coolheaded","floor":18},{"not_picked":["Rebound","Beam Cell"],"picked":"Conserve Battery+1","floor":21}],"player_experience":3103552,"relics_obtained":[{"floor":3,"key":"Omamori"},{"floor":9,"key":"Sundial"},{"floor":11,"key":"War Paint"}],"event_choices":[{"damage_healed":0,"gold_gain":150,"player_choice":"AGREE","damage_taken":0,"max_hp_gain":0,"max_hp_loss":0,"event_name":"Liars Game","floor":7,"gold_loss":0,"cards_obtained":["Doubt"]},{"damage_healed":0,"gold_gain":0,"player_choice":"Copied","damage_taken":0,"max_hp_gain":0,"max_hp_loss":0,"event_name":"Duplicator","floor":19,"gold_loss":0,"cards_obtained":["Recycle"]}],"is_beta":false,"boss_relics":[{"not_picked":["Philosopher\u0027s Stone","Busted Crown"],"picked":"Pandora\u0027s Box"}],"items_purged_floors":[20],"is_endless":false,"potions_floor_spawned":[1,4,11,12,14,18,21],"killed_by":"Cultist and Chosen","ascension_level":20}