{"path_per_floor":["M","M","?","M","?","R","M","R","T","E","?","M","R","M","R"],"character_chosen":"THE_SILENT","items_purchased":[],"gold_per_floor":[10,21,21,41,116,116,130,130,156,218,218,232,232,249,249,249],"floor_reached":16,"campfire_rested":1,"playtime":755,"item_purchase_floors":[],"current_hp_per_floor":[77,75,75,72,61,61,58,58,58,16,16,16,41,41,41,0],"items_purged":[],"gold":249,"score":153,"play_id":"ea6491a3-c064-47e2-b3ef-797d3f800e77","local_time":"20180608204630","is_prod":false,"is_daily":false,"chose_seed":false,"is_ascension_mode":true,"campfire_upgraded":3,"win_rate":0,"timestamp":1528461990,"campfire_choices":[{"data":"Crippling Poison","floor":6,"key":"SMITH"},{"data":"Burst","floor":8,"key":"SMITH"},{"floor":13,"key":"REST"},{"data":"Deadly Poison","floor":15,"key":"SMITH"}],"path_taken":["M","M","?","M","?","R","M","R","T","E","?","M","R","M","R","BOSS"],"build_version":"2018-06-07v2","seed_source_timestamp":1067675611242359,"purchased_purges":0,"victory":false,"master_deck":["Defend_G","Defend_G","Defend_G","Defend_G","Defend_G","Strike_G","Strike_G","Strike_G","Strike_G","Strike_G","Survivor","Neutralize+1","AscendersBane","Crippling Poison+1","Deadly Poison+1","Backflip","Burst+1","Leg Sweep"],"max_hp_per_floor":[84,84,84,84,84,84,84,84,84,84,84,84,84,84,84,84],"relics":["Ring of the Snake","Mango","Lantern","Tiny Chest"],"card_choices":[{"not_picked":["Prepared","Slice"],"picked":"Crippling Poison","floor":1},{"not_picked":["PiercingWail","Well Laid Plans"],"picked":"Deadly Poison","floor":2},{"not_picked":["Slice","Deadly Poison"],"picked":"Backflip","floor":4},{"not_picked":["Flying Knee","Deadly Poison"],"picked":"Burst","floor":7},{"not_picked":["Deflect","Eviscerate","Backflip"],"picked":"SKIP","floor":10},{"not_picked":["Calculated Gamble","Prepared","Caltrops"],"picked":"SKIP","floor":12},{"not_picked":["Blade Dance","Backflip"],"picked":"Leg Sweep","floor":14}],"player_experience":407375,"potions_floor_usage":[7,16,16],"damage_taken":[{"damage":0,"enemies":"2 Louse","floor":1,"turns":4},{"damage":2,"enemies":"Small Slimes","floor":2,"turns":4},{"damage":3,"enemies":"Jaw Worm","floor":4,"turns":4},{"damage":3,"enemies":"3 Louse","floor":7,"turns":2},{"damage":42,"enemies":"Gremlin Nob","floor":10,"turns":5},{"damage":0,"enemies":"2 Fungi Beasts","floor":12,"turns":3},{"damage":0,"enemies":"Red Slaver","floor":14,"turns":4},{"damage":43,"enemies":"Slime Boss","floor":16,"turns":13}],"relics_obtained":[{"floor":9,"key":"Lantern"},{"floor":10,"key":"Tiny Chest"}],"event_choices":[{"event_name":"Liars Game","player_choice":"disagreed","floor":3,"damage_taken":0},{"event_name":"World of Goop","player_choice":"Gather Gold","floor":5,"damage_taken":0},{"event_name":"Upgrade Shrine","player_choice":"Upgraded","floor":11,"damage_taken":0}],"boss_relics":[],"items_purged_floors":[],"potions_floor_spawned":[4,10,14],"seed_played":"2637984623577636686","killed_by":"Slime Boss","ascension_level":10,"potions_obtained":[{"floor":4,"key":"Explosive Potion"},{"floor":10,"key":"Explosive Potion"},{"floor":14,"key":"Dexterity Potion"}],"is_trial":false}