{"gold_per_floor":[114,77,77,147,166,193,212,226,276,276,303,303,319,329,329,329],"floor_reached":16,"playtime":1005,"items_purged":[],"score":114,"play_id":"ca8f9eff-3d54-45ad-8c47-6b99f16de13b","local_time":"20190228173646","is_ascension_mode":false,"campfire_choices":[{"data":"Infinite Blades","floor":10,"key":"SMITH"},{"floor":12,"key":"REST"},{"floor":15,"key":"REST"}],"neow_cost":"NONE","seed_source_timestamp":790271731531706,"circlet_count":0,"master_deck":["Defend_G","Defend_G","Defend_G","Defend_G","Defend_G","Strike_G","Strike_G","Strike_G","Strike_G","Strike_G","Survivor","Neutralize","Slice","Infinite Blades","Slice","Infinite Blades+1","Finisher"],"special_seed":0,"relics":["Ring of the Snake","SsserpentHead","Art of War","Blue Candle"],"potions_floor_usage":[6,6,6,6,6,6,13],"damage_taken":[{"damage":0.0,"enemies":"Jaw Worm","floor":1.0,"turns":5.0},{"damage":1.0,"enemies":"Cultist","floor":4.0,"turns":4.0},{"damage":0.0,"enemies":"Small Slimes","floor":5.0,"turns":3.0},{"damage":6,"enemies":"Gremlin Nob","floor":6,"turns":4},{"damage":2,"enemies":"Blue Slaver","floor":7,"turns":4},{"damage":0,"enemies":"Looter","floor":8,"turns":4},{"damage":15,"enemies":"3 Sentries","floor":11,"turns":7},{"damage":0,"enemies":"Red Slaver","floor":13,"turns":5},{"damage":10,"enemies":"Large Slime","floor":14,"turns":7},{"damage":76,"enemies":"The Guardian","floor":16,"turns":15}],"seed_played":"-1871871346684188743","potions_obtained":[{"floor":0.0,"key":"Energy Potion"},{"floor":0.0,"key":"EntropicBrew"},{"floor":0.0,"key":"Fruit Juice"},{"floor":4.0,"key":"SkillPotion"},{"floor":6,"key":"LiquidBronze"},{"floor":8,"key":"FearPotion"},{"floor":11,"key":"GamblersBrew"},{"floor":14,"key":"Regen Potion"}],"is_trial":false,"path_per_floor":["M","$","?","M","M","E","M","M","T","R","E","R","M","M","R","B"],"character_chosen":"THE_SILENT","items_purchased":["Infinite Blades"],"campfire_rested":2,"item_purchase_floors":[2],"current_hp_per_floor":[75,75,75,74,74,68,66,66,66,66,51,73,73,63,75,0],"gold":329,"neow_bonus":"THREE_SMALL_POTIONS","is_prod":false,"is_daily":false,"chose_seed":false,"campfire_upgraded":1,"win_rate":0,"timestamp":1551368206,"path_taken":["M","$","?","?","M","E","M","M","T","R","E","R","M","M","R","BOSS"],"build_version":"2019-01-23","purchased_purges":0,"victory":false,"max_hp_per_floor":[75,75,75,75,75,75,75,75,75,75,75,75,75,75,75,75],"card_choices":[{"not_picked":["Heel Hook","Choke"],"picked":"Slice","floor":1.0},{"not_picked":["Poisoned Stab","Backflip","Night Terror"],"picked":"SKIP","floor":4.0},{"not_picked":["PiercingWail","All Out Attack","Dodge and Roll"],"picked":"SKIP","floor":5.0},{"not_picked":["Quick Slash","Catalyst"],"picked":"Slice","floor":6},{"not_picked":["Deadly Poison","Quick Slash","Dagger Spray"],"picked":"SKIP","floor":7},{"not_picked":["Sucker Punch","All Out Attack"],"picked":"Infinite Blades","floor":8},{"not_picked":["Concentrate","Quick Slash","Flechettes"],"picked":"SKIP","floor":11},{"not_picked":["PiercingWail","Crippling Poison","Heel Hook"],"picked":"SKIP","floor":13},{"not_picked":["Deflect","Dagger Spray"],"picked":"Finisher","floor":14}],"player_experience":1005293,"relics_obtained":[{"floor":6,"key":"Art of War"},{"floor":11,"key":"Blue Candle"}],"event_choices":[{"damage_healed":0.0,"max_hp_gain":0.0,"max_hp_loss":0.0,"gold_gain":0.0,"event_name":"FaceTrader","player_choice":"Trade","floor":3.0,"gold_loss":0.0,"damage_taken":0.0,"relics_obtained":["SsserpentHead"]}],"is_beta":false,"boss_relics":[],"items_purged_floors":[],"is_endless":false,"potions_floor_spawned":[4,6,8,11,14],"killed_by":"The Guardian","ascension_level":0}