{"gold_per_floor":[110,110,110,110,24,56,56,87,87,103,103,103,123,157,157,232,232,245,192,210,210,210,210,210,210,210,210,230,98,111,141,141,215,215,235,249,40,0,0,27,27,52,52,52,66,91,91,91,91,91,91,91,91,7,40,40],"floor_reached":57,"playtime":2362,"items_purged":["Decay"],"score":2840,"play_id":"4fe91cc3-ea1f-4cdc-8c04-5eacc5777d6d","local_time":"20190323143245","is_ascension_mode":true,"campfire_choices":[{"data":"Bash","floor":7,"key":"SMITH"},{"data":"Rampage","floor":12,"key":"SMITH"},{"data":"True Grit","floor":15,"key":"SMITH"},{"data":"Barricade","floor":23,"key":"SMITH"},{"data":"Shockwave","floor":25,"key":"SMITH"},{"floor":27,"key":"REST"},{"data":"Shrug It Off","floor":32,"key":"SMITH"},{"data":"Dual Wield","floor":41,"key":"SMITH"},{"floor":44,"key":"REST"},{"floor":47,"key":"RECALL"},{"floor":49,"key":"DIG"},{"floor":53,"key":"DIG"}],"neow_cost":"NONE","seed_source_timestamp":328942054887500,"circlet_count":0,"master_deck":["AscendersBane","Defend_R","Defend_R","Defend_R","Bash+1","True Grit+1","Dual Wield+1","Rampage+1","Ghostly Armor","Barricade+1","Fiend Fire+1","Headbutt+1","Feel No Pain+1","Anger+1","Shockwave+1","Shrug It Off+1","Shrug It Off","Corruption+1","Hemokinesis+1","Clothesline+1","Evolve","Body Slam+1","Pain","Second Wind+1","Body Slam+1","Deep Breath","Havoc"],"relics":["Burning Blood","NeowsBlessing","Oddly Smooth Stone","Molten Egg 2","Gremlin Horn","Self Forming Clay","Mummified Hand","Cursed Key","Red Skull","Astrolabe","Bag of Preparation","Red Mask","Blood Vial","Bird Faced Urn","Shovel","Art of War","Dead Branch","Ornamental Fan","Pocketwatch"],"potions_floor_usage":[16,16,20,24,40,42,56],"damage_taken":[{"damage":0,"enemies":"2 Louse","floor":1,"turns":1},{"damage":0,"enemies":"Lagavulin","floor":6,"turns":1},{"damage":0,"enemies":"Gremlin Nob","floor":8,"turns":1},{"damage":6,"enemies":"Jaw Worm","floor":10,"turns":4},{"damage":6,"enemies":"Cultist","floor":13,"turns":4},{"damage":29,"enemies":"Lagavulin","floor":14,"turns":8},{"damage":27,"enemies":"Hexaghost","floor":16,"turns":13},{"damage":29,"enemies":"3 Byrds","floor":18,"turns":7},{"damage":21,"enemies":"Shell Parasite","floor":20,"turns":3},{"damage":2,"enemies":"Colosseum Slavers","floor":24,"turns":6},{"damage":16,"enemies":"Snake Plant","floor":28,"turns":5},{"damage":0,"enemies":"Centurion and Healer","floor":30,"turns":6},{"damage":32,"enemies":"Book of Stabbing","floor":31,"turns":7},{"damage":2,"enemies":"Champ","floor":33,"turns":14},{"damage":16,"enemies":"3 Shapes","floor":35,"turns":4},{"damage":14,"enemies":"Orb Walker","floor":36,"turns":3},{"damage":7,"enemies":"Reptomancer","floor":40,"turns":6},{"damage":28,"enemies":"Nemesis","floor":42,"turns":11},{"damage":9,"enemies":"Jaw Worm Horde","floor":45,"turns":4},{"damage":11,"enemies":"Reptomancer","floor":46,"turns":6},{"damage":11,"enemies":"Donu and Deca","floor":50,"turns":4},{"damage":17,"enemies":"Awakened One","floor":51,"turns":9},{"damage":9,"enemies":"Shield and Spear","floor":55,"turns":4},{"damage":54,"enemies":"The Heart","floor":56,"turns":6}],"seed_played":"-4222642723014910107","potions_obtained":[{"floor":10,"key":"Dexterity Potion"},{"floor":13,"key":"LiquidBronze"},{"floor":18,"key":"FearPotion"},{"floor":33,"key":"PowerPotion"},{"floor":40,"key":"EssenceOfSteel"},{"floor":45,"key":"LiquidBronze"}],"is_trial":false,"path_per_floor":["M","$","?","?","$","E","R","E","T","M","?","R","M","E","R","B",null,"M","$","M","?","?","R","?","R","T","R","M","$","M","E","R","B",null,"M","M","$","?","$","E","R","E","T","R","M","E","R","?","R","B","B",null,"R","$","E","B",null],"character_chosen":"IRONCLAD","items_purchased":["Rampage","SteroidPotion","Energy Potion","Bag of Preparation","Evolve","PowerPotion","Havoc"],"campfire_rested":2,"item_purchase_floors":[5,19,29,37,37,54,54],"current_hp_per_floor":[74,74,74,56,56,62,62,68,68,68,68,68,68,45,45,24,62,39,39,24,24,24,24,28,28,28,50,40,40,46,20,20,24,62,52,44,44,44,44,43,43,23,23,45,56,65,65,55,55,66,65,73,73,73,75,43],"gold":40,"neow_bonus":"THREE_ENEMY_KILL","is_prod":false,"is_daily":false,"chose_seed":false,"campfire_upgraded":7,"win_rate":0,"timestamp":1553319165,"path_taken":["M","$","?","?","$","E","R","E","T","M","?","R","?","E","R","BOSS","M","$","M","?","?","R","?","R","T","R","M","$","?","E","R","BOSS","M","M","$","?","$","E","R","E","T","R","M","E","R","?","R","BOSS","BOSS","R","$","E","BOSS"],"build_version":"2019-01-23","purchased_purges":1,"victory":true,"max_hp_per_floor":[75,75,75,75,75,75,75,75,75,75,75,75,75,75,75,75,75,75,75,75,75,75,75,75,75,75,75,75,75,75,75,75,75,75,75,75,75,75,75,75,75,75,75,75,75,75,75,75,75,75,75,75,75,75,75,75],"card_choices":[{"not_picked":["Twin Strike","Perfected Strike"],"picked":"True Grit","floor":1},{"not_picked":["Infernal Blade","Uppercut","Flex"],"picked":"SKIP","floor":6},{"not_picked":["Rage","Pommel Strike+1"],"picked":"Ghostly Armor","floor":8},{"not_picked":["Warcry","Anger+1","Searing Blow+1"],"picked":"SKIP","floor":10},{"not_picked":["Warcry","Anger+1","Searing Blow+1"],"picked":"SKIP","floor":10},{"not_picked":["Warcry","Anger+1","Searing Blow+1"],"picked":"SKIP","floor":10},{"not_picked":["Clash+1","Pummel+1","Heavy Blade+1"],"picked":"SKIP","floor":13},{"not_picked":["Seeing Red","Sword Boomerang+1"],"picked":"Barricade","floor":14},{"not_picked":["Exhume","Limit Break"],"picked":"Fiend Fire+1","floor":16},{"not_picked":["Sentinel","Twin Strike+1"],"picked":"Headbutt+1","floor":18},{"not_picked":["True Grit","Cleave+1"],"picked":"Feel No Pain+1","floor":20},{"not_picked":["Twin Strike+1","Headbutt+1","Sword Boomerang+1"],"picked":"SKIP","floor":28},{"not_picked":["Sever Soul+1","Dark Embrace"],"picked":"Shrug It Off","floor":30},{"not_picked":["Uppercut+1","Rampage+1"],"picked":"Shrug It Off","floor":31},{"not_picked":["Sword Boomerang+1","Pommel Strike+1","Heavy Blade+1"],"picked":"SKIP","floor":35},{"not_picked":["Carnage+1","Wild Strike+1","Armaments"],"picked":"SKIP","floor":36},{"not_picked":["Havoc","Wild Strike+1","Sever Soul+1"],"picked":"SKIP","floor":40},{"not_picked":["Twin Strike+1","Infernal Blade+1"],"picked":"Body Slam+1","floor":42},{"not_picked":["Clothesline+1","Spot Weakness"],"picked":"Second Wind+1","floor":45},{"not_picked":["Disarm+1","Headbutt+1"],"picked":"Body Slam+1","floor":46},{"not_picked":["Secret Weapon","Mayhem"],"picked":"Deep Breath","floor":48},{"not_picked":["Anger+1","Havoc","Inflame"],"picked":"SKIP","floor":55}],"player_experience":2498221,"relics_obtained":[{"floor":6,"key":"Molten Egg 2"},{"floor":8,"key":"Gremlin Horn"},{"floor":9,"key":"Self Forming Clay"},{"floor":14,"key":"Mummified Hand"},{"floor":31,"key":"Red Skull"},{"floor":40,"key":"Blood Vial"},{"floor":42,"key":"Bird Faced Urn"},{"floor":43,"key":"Shovel"},{"floor":46,"key":"Art of War"},{"floor":49,"key":"Dead Branch"},{"floor":53,"key":"Ornamental Fan"},{"floor":55,"key":"Pocketwatch"}],"event_choices":[{"damage_healed":0,"gold_gain":0,"cards_transformed":["Strike_R"],"player_choice":"Change","damage_taken":0,"max_hp_gain":0,"max_hp_loss":0,"event_name":"Living Wall","floor":3,"gold_loss":0,"cards_obtained":["Dual Wield"]},{"damage_healed":0,"gold_gain":0,"player_choice":"Success","damage_taken":18,"relics_obtained":["Oddly Smooth Stone"],"max_hp_gain":0,"max_hp_loss":0,"event_name":"Scrap Ooze","floor":4,"gold_loss":0},{"damage_healed":0,"gold_gain":0,"player_choice":"0 cards matched","damage_taken":0,"max_hp_gain":0,"max_hp_loss":0,"event_name":"Match and Keep!","floor":11,"gold_loss":0,"cards_obtained":[]},{"damage_healed":0,"gold_gain":0,"cards_transformed":["Strike_R","Strike_R"],"player_choice":"Became Test Subject","damage_taken":0,"max_hp_gain":0,"max_hp_loss":0,"event_name":"Drug Dealer","floor":21,"gold_loss":0,"cards_obtained":["Anger","Shockwave"]},{"damage_healed":0,"gold_gain":0,"player_choice":"Ignored","damage_taken":0,"max_hp_gain":0,"max_hp_loss":0,"event_name":"The Mausoleum","floor":22,"gold_loss":0},{"damage_healed":0,"gold_gain":0,"player_choice":"Fight","damage_taken":0,"max_hp_gain":0,"max_hp_loss":0,"event_name":"Colosseum","floor":24,"gold_loss":0},{"damage_healed":0,"gold_gain":0,"player_choice":"Fled From Nobs","damage_taken":0,"max_hp_gain":0,"max_hp_loss":0,"event_name":"Colosseum","floor":24,"gold_loss":0},{"damage_healed":0,"gold_gain":0,"player_choice":"Paid","damage_taken":0,"relics_obtained":["Red Mask"],"max_hp_gain":0,"max_hp_loss":0,"event_name":"Tomb of Lord Red Mask","floor":38,"gold_loss":40},{"damage_healed":0,"gold_gain":0,"player_choice":"Memory 3","damage_taken":10,"max_hp_gain":0,"max_hp_loss":0,"event_name":"SensoryStone","floor":48,"gold_loss":0}],"is_beta":false,"boss_relics":[{"not_picked":["Black Star","Empty Cage"],"picked":"Cursed Key"},{"not_picked":["Philosopher\u0027s Stone","Fusion Hammer"],"picked":"Astrolabe"}],"items_purged_floors":[29],"is_endless":false,"potions_floor_spawned":[10,13,18,33,36,40,45,46,55],"ascension_level":20}