{"gold_per_floor":[117,136,136,136,161,202,202,255,335,369,388,411,411,426,426,549,549,569,340,361,486,486],"floor_reached":22,"playtime":929,"items_purged":[],"score":255,"play_id":"3c328bdb-ed2a-437d-87d0-7a5bb62f6d37","local_time":"20190427183728","is_ascension_mode":true,"campfire_choices":[{"data":"Defragment","floor":7.0,"key":"SMITH"},{"floor":13,"key":"REST"},{"data":"Zap","floor":15,"key":"SMITH"}],"neow_cost":"NONE","seed_source_timestamp":0,"circlet_count":0,"master_deck":["Strike_B","Strike_B","Strike_B","Strike_B","Defend_B","Defend_B","Defend_B","Defend_B","Zap+1","Dualcast","Finesse","Cold Snap","Defragment+1","Coolheaded","Core Surge","FTL","Conserve Battery","Ball Lightning+1","Conserve Battery"],"special_seed":0,"relics":["Cracked Core","Golden Idol","Regal Pillow","Peace Pipe","Black Star","Bronze Scales","Ice Cream","The Courier"],"potions_floor_usage":[16,21,21,21],"damage_taken":[{"damage":1.0,"enemies":"Cultist","floor":1.0,"turns":4.0},{"damage":1.0,"enemies":"2 Louse","floor":2.0,"turns":2.0},{"damage":3.0,"enemies":"Small Slimes","floor":5.0,"turns":2.0},{"damage":20.0,"enemies":"Lagavulin","floor":6.0,"turns":8.0},{"damage":19,"enemies":"3 Sentries","floor":10,"turns":8},{"damage":2,"enemies":"Looter","floor":11,"turns":3},{"damage":18,"enemies":"Exordium Wildlife","floor":12,"turns":5},{"damage":1,"enemies":"Blue Slaver","floor":14,"turns":3},{"damage":23,"enemies":"Hexaghost","floor":16,"turns":10},{"damage":1,"enemies":"Spheric Guardian","floor":18,"turns":4},{"damage":2,"enemies":"3 Byrds","floor":20,"turns":3},{"damage":24,"enemies":"Colosseum Slavers","floor":21,"turns":4},{"damage":25,"enemies":"Colosseum Nobs","floor":21,"turns":5},{"damage":26,"enemies":"Snake Plant","floor":22,"turns":2}],"seed_played":"502737962482929831","potions_obtained":[{"floor":2.0,"key":"Dexterity Potion"},{"floor":10,"key":"Block Potion"},{"floor":12,"key":"Strength Potion"},{"floor":20,"key":"EssenceOfSteel"}],"is_trial":false,"path_per_floor":["M","M","?","?","M","E","R","?","T","E","M","M","R","M","R","B",null,"M","$","M","?","M"],"character_chosen":"DEFECT","items_purchased":["Bronze Scales","Regen Potion"],"campfire_rested":1,"item_purchase_floors":[19,19],"current_hp_per_floor":[67,66,48,73,70,50,50,50,50,31,29,11,48,47,47,24,62,61,61,59,24,0],"gold":486,"neow_bonus":"RANDOM_COLORLESS","is_prod":false,"is_daily":false,"chose_seed":false,"campfire_upgraded":2,"win_rate":0,"timestamp":1556404648,"path_taken":["M","?","?","?","M","E","R","?","T","E","M","?","R","M","R","BOSS","M","$","M","?","M"],"build_version":"2019-01-23","purchased_purges":0,"victory":false,"max_hp_per_floor":[75,75,75,75,75,75,75,75,75,75,75,75,75,75,75,75,75,75,75,75,75,75],"card_choices":[{"not_picked":["White Noise","Stack"],"picked":"Cold Snap","floor":1.0},{"not_picked":["Leap","Turbo"],"picked":"Defragment","floor":2.0},{"not_picked":["Steam","Leap"],"picked":"Coolheaded","floor":5.0},{"not_picked":["Skim","Conserve Battery"],"picked":"Core Surge","floor":6.0},{"not_picked":["Gash","Redo","Hologram"],"picked":"SKIP","floor":10},{"not_picked":["Compile Driver","Undo","Stack"],"picked":"SKIP","floor":11},{"not_picked":["Coolheaded","Steam"],"picked":"FTL","floor":12},{"not_picked":["Rebound","Stack","Barrage"],"picked":"SKIP","floor":14},{"not_picked":["Go for the Eyes","Compile Driver"],"picked":"Conserve Battery","floor":18},{"not_picked":["Steam","Cold Snap"],"picked":"Ball Lightning+1","floor":20},{"not_picked":["Ball Lightning+1","Stack"],"picked":"Conserve Battery","floor":21}],"player_experience":205756,"relics_obtained":[{"floor":6.0,"key":"Regal Pillow"},{"floor":10,"key":"Peace Pipe"},{"floor":21,"key":"Ice Cream"},{"floor":21,"key":"The Courier"}],"event_choices":[{"damage_healed":0.0,"max_hp_gain":0.0,"max_hp_loss":0.0,"gold_gain":0.0,"event_name":"Golden Idol","player_choice":"Take Damage","floor":3.0,"gold_loss":0.0,"damage_taken":18.0,"relics_obtained":["Golden Idol"]},{"damage_healed":25.0,"max_hp_gain":0.0,"max_hp_loss":0.0,"gold_gain":0.0,"event_name":"Big Fish","player_choice":"Banana","floor":4.0,"gold_loss":0.0,"damage_taken":0.0},{"damage_healed":0.0,"max_hp_gain":0.0,"max_hp_loss":0.0,"gold_gain":53.0,"event_name":"Golden Wing","player_choice":"Gained Gold","floor":8.0,"gold_loss":0.0,"damage_taken":0.0},{"damage_healed":0,"gold_gain":0,"player_choice":"Fight","damage_taken":0,"max_hp_gain":0,"max_hp_loss":0,"event_name":"Colosseum","floor":21,"gold_loss":0},{"damage_healed":0,"gold_gain":0,"player_choice":"Fought Nobs","damage_taken":0,"max_hp_gain":0,"max_hp_loss":0,"event_name":"Colosseum","floor":21,"gold_loss":0}],"is_beta":false,"boss_relics":[{"not_picked":["Runic Dome","Philosopher\u0027s Stone"],"picked":"Black Star"}],"items_purged_floors":[],"is_endless":false,"potions_floor_spawned":[2,10,12,20,21],"killed_by":"Snake Plant","ascension_level":6}