{"gold_per_floor":[115,115,125,125,140,170,170,170,170,200,214,214,225,272,272,376,376,395,47,59,59,77,77,77,92,119,119,152,152,10,26,26,124,124,143,143,243,256,226,226,260,260,260,290,304,231,277,295,295,295],"floor_reached":50,"playtime":5345,"items_purged":["Defend_G"],"score":578,"play_id":"305e922a-ec3d-44eb-85e9-489cd91edc2b","local_time":"20190113203803","is_ascension_mode":false,"campfire_choices":[{"data":"Infinite Blades","floor":7.0,"key":"SMITH"},{"floor":12.0,"key":"REST"},{"floor":15.0,"key":"REST"},{"floor":23.0,"key":"REST"},{"floor":27.0,"key":"RECALL"},{"data":"Endless Agony","floor":29.0,"key":"SMITH"},{"data":"Envenom","floor":32.0,"key":"SMITH"},{"data":"Envenom","floor":40.0,"key":"SMITH"},{"floor":49.0,"key":"REST"}],"neow_cost":"NONE","seed_source_timestamp":104117920942489,"circlet_count":0,"master_deck":["Defend_G","Defend_G","Defend_G","Defend_G","Strike_G","Strike_G","Strike_G","Strike_G","Strike_G","Survivor","Neutralize","Cloak And Dagger+1","Infinite Blades+1","Backstab","After Image","Accuracy+1","Deflect","Footwork+1","Noxious Fumes+1","Endless Agony+1","Well Laid Plans","Envenom+1","Slice+1","Envenom+1","Madness","Madness","Deflect+1","Escape Plan+1","After Image+1","Noxious Fumes+1"],"special_seed":0,"relics":["Ring of the Snake","Orichalcum","Pantograph","Sundial","Pen Nib","Mummified Hand","Pear","Smiling Mask","Juzu Bracelet","WristBlade","Du-Vu Doll","Frozen Egg 2","Incense Burner","Anchor","Girya"],"potions_floor_usage":[50],"damage_taken":[{"damage":1.0,"enemies":"Small Slimes","floor":1.0,"turns":3.0},{"damage":0.0,"enemies":"Jaw Worm","floor":3.0,"turns":5.0},{"damage":0.0,"enemies":"Cultist","floor":5.0,"turns":4.0},{"damage":0.0,"enemies":"3 Sentries","floor":6.0,"turns":12.0},{"damage":32.0,"enemies":"Lagavulin","floor":10.0,"turns":8.0},{"damage":5.0,"enemies":"2 Fungi Beasts","floor":11.0,"turns":3.0},{"damage":16.0,"enemies":"Exordium Wildlife","floor":13.0,"turns":5.0},{"damage":27.0,"enemies":"The Guardian","floor":16.0,"turns":16.0},{"damage":15.0,"enemies":"Spheric Guardian","floor":18.0,"turns":6.0},{"damage":1.0,"enemies":"3 Byrds","floor":20.0,"turns":5.0},{"damage":6.0,"enemies":"Shelled Parasite and Fungi","floor":22.0,"turns":6.0},{"damage":1.0,"enemies":"Chosen and Byrds","floor":25.0,"turns":6.0},{"damage":2.0,"enemies":"Book of Stabbing","floor":28.0,"turns":6.0},{"damage":5.0,"enemies":"Centurion and Healer","floor":31.0,"turns":5.0},{"damage":25.0,"enemies":"Champ","floor":33.0,"turns":12.0},{"damage":7.0,"enemies":"3 Darklings","floor":35.0,"turns":4.0},{"damage":1.0,"enemies":"Mind Bloom Boss Battle","floor":37.0,"turns":7.0},{"damage":2.0,"enemies":"3 Shapes","floor":38.0,"turns":4.0},{"damage":8.0,"enemies":"Nemesis","floor":41.0,"turns":5.0},{"damage":18.0,"enemies":"Giant Head","floor":44.0,"turns":8.0},{"damage":2.0,"enemies":"3 Darklings","floor":45.0,"turns":5.0},{"damage":10.0,"enemies":"2 Orb Walkers","floor":47.0,"turns":5.0},{"damage":7.0,"enemies":"Transient","floor":48.0,"turns":5.0},{"damage":116,"enemies":"Time Eater","floor":50,"turns":10}],"seed_played":"-2342540385619587603","potions_obtained":[{"floor":3.0,"key":"EssenceOfSteel"},{"floor":10.0,"key":"PowerPotion"},{"floor":11.0,"key":"SkillPotion"},{"floor":22.0,"key":"SkillPotion"},{"floor":25.0,"key":"Block Potion"},{"floor":33.0,"key":"Weak Potion"},{"floor":37.0,"key":"Strength Potion"},{"floor":39.0,"key":"AttackPotion"},{"floor":39.0,"key":"FairyPotion"},{"floor":44.0,"key":"Fruit Juice"},{"floor":45.0,"key":"AttackPotion"},{"floor":48.0,"key":"Dexterity Potion"}],"is_trial":false,"path_per_floor":["M","?","M","?","M","E","R","$","T","E","M","R","M","T","R","B",null,"M","$","M","?","M","R","?","M","T","R","E","R","$","M","R","B",null,"M","?","?","M","?","R","E","?","T","E","M","$","?","M","R","B"],"character_chosen":"THE_SILENT","items_purchased":["Mummified Hand","Deflect","Envenom","Noxious Fumes+1"],"campfire_rested":4,"item_purchase_floors":[19,19,30,46],"current_hp_per_floor":[69,69,69,69,69,69,69,69,69,37,32,53,37,37,58,43,70,55,55,54,54,48,69,79,78,78,78,76,76,76,71,71,55,80,73,63,79,77,77,77,69,69,69,56,54,54,44,37,62,0],"gold":295,"neow_bonus":"RANDOM_COMMON_RELIC","is_prod":false,"is_daily":false,"chose_seed":false,"campfire_upgraded":4,"win_rate":0,"timestamp":1547404683,"path_taken":["M","?","M","?","M","E","R","$","T","E","M","R","M","?","R","BOSS","M","$","M","?","?","R","?","M","T","R","E","R","?","M","R","BOSS","M","?","?","M","?","R","E","?","T","E","M","$","?","M","R","BOSS"],"build_version":"2019-01-10","purchased_purges":1,"victory":false,"max_hp_per_floor":[70,70,70,70,70,70,70,70,70,70,70,70,70,70,70,70,70,70,70,70,70,70,70,80,80,80,80,80,80,80,80,80,80,80,80,80,80,80,80,80,80,80,80,85,85,85,85,85,85,85],"card_choices":[{"not_picked":["Underhanded Strike","Deadly Poison"],"picked":"Cloak And Dagger","floor":1.0},{"not_picked":["PiercingWail","Acrobatics","Deadly Poison"],"picked":"SKIP","floor":3.0},{"not_picked":["Bane","Blade Dance"],"picked":"Infinite Blades","floor":5.0},{"not_picked":["Deadly Poison","Dash","Outmaneuver"],"picked":"SKIP","floor":6.0},{"not_picked":["Dash","Malaise","PiercingWail"],"picked":"SKIP","floor":10.0},{"not_picked":["Sucker Punch","Flying Knee"],"picked":"Backstab","floor":11.0},{"not_picked":["Setup","PiercingWail"],"picked":"After Image","floor":13.0},{"not_picked":["Backflip","PiercingWail+1"],"picked":"Accuracy","floor":18.0},{"not_picked":["Blur+1","Setup"],"picked":"Footwork+1","floor":20.0},{"not_picked":["Flying Knee","Setup"],"picked":"Noxious Fumes+1","floor":22.0},{"not_picked":["Glass Knife","Tactician"],"picked":"Endless Agony","floor":25.0},{"not_picked":["Catalyst","Deflect"],"picked":"Well Laid Plans","floor":28.0},{"not_picked":["Dodge and Roll","Flying Knee"],"picked":"Slice","floor":31.0},{"not_picked":["Unload","Storm of Steel"],"picked":"Envenom","floor":33.0},{"not_picked":["Sucker Punch+1","Dodge and Roll+1","Heel Hook+1"],"picked":"SKIP","floor":35.0},{"not_picked":["Underhanded Strike","Masterful Stab+1"],"picked":"Deflect+1","floor":38.0},{"not_picked":["Catalyst","Prepared"],"picked":"Escape Plan+1","floor":41.0},{"not_picked":["Dagger Spray+1","Leg Sweep","Sucker Punch"],"picked":"SKIP","floor":44.0},{"not_picked":["PiercingWail+1","Sucker Punch+1"],"picked":"After Image+1","floor":45.0},{"not_picked":["Dodge and Roll+1","Leg Sweep","Prepared"],"picked":"SKIP","floor":48.0}],"player_experience":911282,"relics_obtained":[{"floor":6.0,"key":"Pantograph"},{"floor":10.0,"key":"Sundial"},{"floor":14.0,"key":"Pen Nib"},{"floor":26.0,"key":"Smiling Mask"},{"floor":28.0,"key":"Juzu Bracelet"},{"floor":37.0,"key":"Du-Vu Doll"},{"floor":41.0,"key":"Frozen Egg 2"},{"floor":43.0,"key":"Incense Burner"},{"floor":44.0,"key":"Anchor"},{"floor":47.0,"key":"Girya"}],"event_choices":[{"damage_healed":0.0,"max_hp_gain":0.0,"max_hp_loss":0.0,"gold_gain":0.0,"event_name":"Living Wall","player_choice":"Grow","floor":2.0,"gold_loss":0.0,"damage_taken":0.0,"cards_upgraded":["Cloak And Dagger"]},{"damage_healed":0.0,"max_hp_gain":0.0,"max_hp_loss":0.0,"gold_gain":0.0,"event_name":"Shining Light","player_choice":"Ignored","floor":4.0,"gold_loss":0.0,"damage_taken":0.0},{"damage_healed":0.0,"max_hp_gain":0.0,"max_hp_loss":0.0,"gold_gain":0.0,"event_name":"Upgrade Shrine","player_choice":"Upgraded","floor":21.0,"gold_loss":0.0,"damage_taken":0.0,"cards_upgraded":["Accuracy"]},{"damage_healed":0.0,"max_hp_gain":0.0,"max_hp_loss":0.0,"gold_gain":0.0,"event_name":"The Mausoleum","player_choice":"Opened","floor":24.0,"gold_loss":0.0,"damage_taken":0.0,"relics_obtained":["Pear"]},{"damage_healed":0.0,"max_hp_gain":0.0,"max_hp_loss":0.0,"gold_gain":0.0,"event_name":"Winding Halls","player_choice":"Embrace Madness","floor":36.0,"gold_loss":0.0,"damage_taken":10.0,"cards_obtained":["Madness","Madness"]},{"damage_healed":0.0,"max_hp_gain":0.0,"max_hp_loss":0.0,"gold_gain":0.0,"event_name":"MindBloom","player_choice":"Fight","floor":37.0,"gold_loss":0.0,"damage_taken":0.0},{"damage_healed":0.0,"max_hp_gain":0.0,"max_hp_loss":0.0,"gold_gain":0.0,"event_name":"The Woman in Blue","player_choice":"Bought 2 Potions","floor":39.0,"gold_loss":0.0,"damage_taken":0.0},{"damage_healed":0.0,"max_hp_gain":0.0,"max_hp_loss":0.0,"gold_gain":0.0,"event_name":"Accursed Blacksmith","player_choice":"Forge","floor":42.0,"gold_loss":0.0,"damage_taken":0.0,"cards_upgraded":["Slice"]},{"damage_healed":0.0,"max_hp_gain":0.0,"max_hp_loss":0.0,"gold_gain":0.0,"event_name":"Mysterious Sphere","player_choice":"Fight","floor":47.0,"gold_loss":0.0,"damage_taken":0.0}],"is_beta":false,"boss_relics":[{"not_picked":["HoveringKite","Runic Dome","Coffee Dripper"]},{"not_picked":["Orrery","Snecko Eye"],"picked":"WristBlade"}],"items_purged_floors":[19],"is_endless":false,"potions_floor_spawned":[3,10,11,22,25,33,37,44,45,48],"killed_by":"Time Eater","ascension_level":0}