{"gold_per_floor":[111,111,131,200,200,200,200,224,224,268,268,34,34,54,54,177,177,198,74,74,94,112,112,131,131],"floor_reached":25,"playtime":895,"items_purged":["Strike_B"],"score":241,"play_id":"c1fb51d6-b2c6-49d1-b0f1-6d09d57b951e","local_time":"20190420230842","is_ascension_mode":true,"campfire_choices":[{"floor":6,"key":"REST"},{"floor":13,"key":"REST"},{"floor":15,"key":"REST"},{"floor":23,"key":"REST"}],"neow_cost":"NONE","seed_source_timestamp":241340948039585,"circlet_count":0,"master_deck":["Strike_B+1","Strike_B","Strike_B","Defend_B+1","Defend_B","Defend_B","Defend_B","Zap+1","Dualcast","Melter","Double Energy","Chill","Steam","Parasite","Storm","Seek","White Noise","Conserve Battery","Ball Lightning","Biased Cognition","Capacitor+1","Coolheaded"],"relics":["Smiling Mask","Golden Idol","Pantograph","Ice Cream","Happy Flower","Runic Pyramid","Nloth\u0027s Gift"],"potions_floor_usage":[10,10,16,16,25],"damage_taken":[{"damage":0,"enemies":"Small Slimes","floor":1,"turns":3},{"damage":8,"enemies":"2 Louse","floor":3,"turns":2},{"damage":1,"enemies":"Cultist","floor":8,"turns":3},{"damage":44,"enemies":"Gremlin Nob","floor":10,"turns":5},{"damage":15,"enemies":"Gremlin Gang","floor":14,"turns":6},{"damage":69,"enemies":"Hexaghost","floor":16,"turns":13},{"damage":23,"enemies":"Shell Parasite","floor":18,"turns":5},{"damage":15,"enemies":"Chosen","floor":21,"turns":6},{"damage":9,"enemies":"Centurion and Healer","floor":22,"turns":8},{"damage":39,"enemies":"Shelled Parasite and Fungi","floor":24,"turns":7},{"damage":32,"enemies":"Snecko","floor":25,"turns":6}],"seed_played":"1363235191432462815","potions_obtained":[{"floor":1,"key":"Explosive Potion"},{"floor":8,"key":"FocusPotion"},{"floor":10,"key":"Poison Potion"},{"floor":14,"key":"EssenceOfSteel"},{"floor":24,"key":"Regen Potion"}],"is_trial":false,"path_per_floor":["M","?","M","?","?","R","?","M","T","E","?","$","R","M","R","B",null,"M","$","?","M","M","R","M","M"],"character_chosen":"DEFECT","items_purchased":["Happy Flower","Storm","Conserve Battery","Ball Lightning"],"campfire_rested":4,"item_purchase_floors":[12,12,19,19],"current_hp_per_floor":[75,60,52,52,34,56,56,55,55,11,29,29,51,36,58,6,75,52,52,52,37,28,50,11,0],"gold":131,"neow_bonus":"RANDOM_COMMON_RELIC","is_prod":false,"is_daily":false,"chose_seed":false,"campfire_upgraded":0,"win_rate":0,"timestamp":1555819722,"path_taken":["M","?","M","?","?","R","?","M","T","E","?","$","R","M","R","BOSS","M","$","?","M","?","R","?","M"],"build_version":"2019-01-23","purchased_purges":1,"victory":false,"max_hp_per_floor":[75,75,75,75,75,75,75,75,75,75,75,75,75,75,75,75,75,75,75,75,75,75,75,75,75],"card_choices":[{"not_picked":["Rip and Tear","Sweeping Beam"],"picked":"Melter","floor":1},{"not_picked":["Blizzard","Reinforced Body"],"picked":"Double Energy","floor":3},{"not_picked":["Force Field","Sunder"],"picked":"Chill","floor":8},{"not_picked":["Redo","Compile Driver"],"picked":"Steam","floor":10},{"not_picked":["Recycle","Steam","Chaos"],"picked":"SKIP","floor":14},{"not_picked":["Rainbow","Amplify"],"picked":"Seek","floor":16},{"not_picked":["Compile Driver","Redo"],"picked":"White Noise","floor":18},{"not_picked":["Heatsinks+1","Leap"],"picked":"Biased Cognition","floor":21},{"not_picked":["Steam Power","Skim"],"picked":"Capacitor+1","floor":22},{"not_picked":["Auto Shields","Beam Cell"],"picked":"Coolheaded","floor":24}],"player_experience":225896,"relics_obtained":[{"floor":9,"key":"Pantograph"},{"floor":10,"key":"Ice Cream"}],"event_choices":[{"damage_healed":0,"gold_gain":0,"player_choice":"Entered Light","damage_taken":15,"max_hp_gain":0,"max_hp_loss":0,"event_name":"Shining Light","floor":2,"gold_loss":0,"cards_upgraded":["Defend_B","Strike_B"]},{"damage_healed":0,"gold_gain":69,"player_choice":"Gained Gold","damage_taken":0,"max_hp_gain":0,"max_hp_loss":0,"event_name":"Golden Wing","floor":4,"gold_loss":0},{"damage_healed":0,"gold_gain":0,"player_choice":"Take Damage","damage_taken":18,"relics_obtained":["Golden Idol"],"max_hp_gain":0,"max_hp_loss":0,"event_name":"Golden Idol","floor":5,"gold_loss":0},{"damage_healed":0,"gold_gain":0,"player_choice":"Grow","damage_taken":0,"max_hp_gain":0,"max_hp_loss":0,"event_name":"Living Wall","floor":7,"gold_loss":0,"cards_upgraded":["Zap"]},{"damage_healed":18,"gold_gain":0,"player_choice":"Healed and dodged fight","damage_taken":0,"max_hp_gain":0,"max_hp_loss":0,"event_name":"Mushrooms","floor":11,"gold_loss":0,"cards_obtained":["Parasite"]},{"damage_healed":0,"gold_gain":0,"player_choice":"Traded Relic","damage_taken":0,"relics_obtained":["Nloth\u0027s Gift"],"max_hp_gain":0,"max_hp_loss":0,"event_name":"N\u0027loth","floor":20,"relics_lost":["Cracked Core"],"gold_loss":0}],"is_beta":false,"boss_relics":[{"not_picked":["Calling Bell","Lizard Tail"],"picked":"Runic Pyramid"}],"items_purged_floors":[19],"is_endless":false,"potions_floor_spawned":[1,8,10,14,24],"killed_by":"Snecko","ascension_level":4}