{"gold_per_floor":[117,117,30,30,43,43,70,85,139,158,185,195,205,232,232,308,308,328,328,253,253,263,263,275,275,324,324,324,342,57,57,57,131,131,144,105,105,117,134,134,164,164,164,192,192,11,11,22,22,22,22,22,22,22,54,54],"floor_reached":56,"playtime":1901,"items_purged":["Defend_B","Defend_B","Dualcast"],"score":1926,"play_id":"dfc0ea98-6d3e-464d-84f6-bfa2c0615985","local_time":"20190408151352","is_ascension_mode":true,"campfire_choices":[{"data":"Self Repair","floor":6.0,"key":"SMITH"},{"data":"Electrodynamics","floor":15.0,"key":"SMITH"},{"data":"Defragment","floor":23.0,"key":"SMITH"},{"data":"Creative AI","floor":25.0,"key":"SMITH"},{"data":"Echo Form","floor":27.0,"key":"SMITH"},{"data":"Defragment","floor":32.0,"key":"SMITH"},{"data":"Coolheaded","floor":40.0,"key":"SMITH"},{"floor":42.0,"key":"RECALL"},{"data":"Turbo","floor":47.0,"key":"SMITH"},{"data":"Echo Form","floor":49.0,"key":"SMITH"},{"data":"Discovery","floor":53.0,"key":"SMITH"}],"neow_cost":"NONE","seed_source_timestamp":132461329138300,"circlet_count":0,"master_deck":["AscendersBane","Chill+1","Self Repair+1","Coolheaded","Core Surge","Blizzard+1","White Noise","Chill","Electrodynamics+1","Creative AI+1","Thunder Strike+1","Reboot+1","Creative AI+1","Turbo+1","Defragment+1","Echo Form+1","Coolheaded+1","Defragment+1","Coolheaded+1","Echo Form+1","Glacier","Dark Shackles","Discovery+1","White Noise","Reboot"],"special_seed":0,"relics":["Cracked Core","NeowsBlessing","Dream Catcher","Tiny Chest","Ancient Tea Set","Whetstone","Astrolabe","Juzu Bracelet","Lantern","Coffee Dripper","Question Card","Sundial","Omamori","War Paint"],"potions_floor_usage":[56,56],"damage_taken":[{"damage":0.0,"enemies":"Small Slimes","floor":1.0,"turns":1.0},{"damage":0.0,"enemies":"Cultist","floor":5.0,"turns":1.0},{"damage":0.0,"enemies":"Lagavulin","floor":7.0,"turns":1.0},{"damage":7.0,"enemies":"Jaw Worm","floor":8.0,"turns":3.0},{"damage":8.0,"enemies":"3 Louse","floor":10.0,"turns":4.0},{"damage":18.0,"enemies":"Large Slime","floor":12.0,"turns":6.0},{"damage":20.0,"enemies":"Exordium Thugs","floor":13.0,"turns":4.0},{"damage":1.0,"enemies":"3 Sentries","floor":14.0,"turns":7.0},{"damage":11.0,"enemies":"Slime Boss","floor":16.0,"turns":9.0},{"damage":12.0,"enemies":"Spheric Guardian","floor":18.0,"turns":5.0},{"damage":31.0,"enemies":"Shell Parasite","floor":22.0,"turns":5.0},{"damage":13.0,"enemies":"Snecko","floor":24.0,"turns":5.0},{"damage":0.0,"enemies":"3 Cultists","floor":29.0,"turns":3.0},{"damage":24.0,"enemies":"Champ","floor":33.0,"turns":9.0},{"damage":3.0,"enemies":"3 Shapes","floor":35.0,"turns":7.0},{"damage":0.0,"enemies":"3 Darklings","floor":38.0,"turns":3.0},{"damage":8.0,"enemies":"Writhing Mass","floor":39.0,"turns":7.0},{"damage":0.0,"enemies":"Giant Head","floor":41.0,"turns":9.0},{"damage":23.0,"enemies":"Reptomancer","floor":44.0,"turns":8.0},{"damage":15.0,"enemies":"Jaw Worm Horde","floor":48.0,"turns":4.0},{"damage":1.0,"enemies":"Time Eater","floor":50.0,"turns":10.0},{"damage":56.0,"enemies":"Awakened One","floor":51.0,"turns":12.0},{"damage":55.0,"enemies":"Shield and Spear","floor":55.0,"turns":8.0},{"damage":83,"enemies":"The Heart","floor":56,"turns":2}],"seed_played":"-6571307104826140525","potions_obtained":[{"floor":5.0,"key":"Block Potion"},{"floor":8.0,"key":"AttackPotion"},{"floor":10.0,"key":"Explosive Potion"},{"floor":13.0,"key":"SkillPotion"},{"floor":22.0,"key":"Weak Potion"},{"floor":24.0,"key":"PowerPotion"},{"floor":55.0,"key":"GamblersBrew"}],"is_trial":false,"path_per_floor":["M","?","$","?","M","R","E","M","T","M","T","M","M","E","R","B",null,"M","?","$","?","M","R","M","R","T","R","T","M","$","?","R","B",null,"M","$","?","M","M","R","E","R","T","E","?","$","R","M","R","B","B",null,"R","$","E","B"],"character_chosen":"DEFECT","items_purchased":["Self Repair","Lantern","Coolheaded","Glacier","Energy Potion"],"campfire_rested":0,"item_purchase_floors":[3,30,30,36,46],"current_hp_per_floor":[64,57,57,57,57,57,57,60,60,62,62,54,44,53,53,52,66,64,64,64,64,53,53,50,50,50,50,50,50,50,50,50,46,65,71,71,61,71,71,71,71,71,71,68,71,71,71,71,71,71,35,62,62,62,17,0],"gold":54,"neow_bonus":"THREE_ENEMY_KILL","is_prod":false,"is_daily":false,"chose_seed":false,"campfire_upgraded":10,"win_rate":0,"timestamp":1554704032,"path_taken":["M","?","$","?","M","R","E","M","T","?","?","M","M","E","R","BOSS","M","?","$","?","?","R","M","R","T","R","?","M","$","?","R","BOSS","M","$","?","M","M","R","E","R","T","E","?","$","R","M","R","BOSS","BOSS","R","$","E","BOSS"],"build_version":"2019-01-23","purchased_purges":3,"victory":false,"max_hp_per_floor":[71,71,71,71,71,71,71,71,71,71,71,71,71,71,71,71,71,71,71,71,71,71,71,71,71,71,71,71,71,71,71,71,71,71,71,71,71,71,71,71,71,71,71,71,71,71,71,71,71,71,71,71,71,71,71,71],"card_choices":[{"not_picked":["Streamline","Conserve Battery"],"picked":"Chill","floor":1.0},{"not_picked":["Barrage","Stack"],"picked":"Coolheaded","floor":5.0},{"not_picked":["Beam Cell","Self Repair"],"picked":"Core Surge","floor":7.0},{"not_picked":["Barrage","Conserve Battery"],"picked":"Blizzard","floor":8.0},{"not_picked":["Tempest","Sweeping Beam"],"picked":"White Noise","floor":10.0},{"not_picked":["Turbo","Go for the Eyes","Rebound"],"picked":"SKIP","floor":12.0},{"not_picked":["Blizzard","Storm"],"picked":"Chill","floor":13.0},{"not_picked":["Streamline","Hologram"],"picked":"Electrodynamics","floor":14.0},{"not_picked":["Core Surge","Amplify"],"picked":"Creative AI","floor":16.0},{"not_picked":["Stack+1","Coolheaded"],"picked":"Turbo","floor":18.0},{"not_picked":["Compile Driver","Go for the Eyes"],"picked":"Coolheaded","floor":22.0},{"not_picked":["Self Repair","Go for the Eyes","Buffer"],"picked":"SKIP","floor":24.0},{"not_picked":["Blizzard","Rebound"],"picked":"Defragment","floor":29.0},{"not_picked":["Meteor Strike","Fission"],"picked":"Echo Form","floor":33.0},{"not_picked":["Gash","Reprogram","Hello World"],"picked":"SKIP","floor":35.0},{"not_picked":["Panache","Violence"],"picked":"Dark Shackles","floor":37.0},{"not_picked":["Trip","Sadistic Nature"],"picked":"Discovery","floor":37.0},{"not_picked":["Stack","Force Field"],"picked":"White Noise","floor":38.0},{"not_picked":["Hologram","Redo+1","Fusion"],"picked":"SKIP","floor":39.0},{"not_picked":["Steam","Leap","Redo"],"picked":"SKIP","floor":41.0},{"not_picked":["Doom and Gloom","Conserve Battery+1","Aggregate","Electrodynamics"],"picked":"SKIP","floor":44.0},{"not_picked":["Chaos+1","Ball Lightning","Compile Driver+1","Force Field"],"picked":"SKIP","floor":48.0},{"not_picked":["Scrape+1","Ball Lightning","Turbo"],"picked":"Reboot","floor":55.0}],"player_experience":2978777,"relics_obtained":[{"floor":7.0,"key":"Dream Catcher"},{"floor":9.0,"key":"Tiny Chest"},{"floor":11.0,"key":"Ancient Tea Set"},{"floor":14.0,"key":"Whetstone"},{"floor":26.0,"key":"Juzu Bracelet"},{"floor":41.0,"key":"Question Card"},{"floor":43.0,"key":"Sundial"},{"floor":44.0,"key":"Omamori"},{"floor":55.0,"key":"War Paint"}],"event_choices":[{"cards_removed":["Strike_B"],"damage_healed":0.0,"max_hp_gain":0.0,"max_hp_loss":0.0,"gold_gain":0.0,"event_name":"Golden Wing","player_choice":"Card Removal","floor":2.0,"gold_loss":0.0,"damage_taken":7.0},{"cards_removed":["Defend_B"],"damage_healed":0.0,"max_hp_gain":0.0,"max_hp_loss":0.0,"gold_gain":0.0,"event_name":"Wheel of Change","player_choice":"Card Removal","floor":4.0,"gold_loss":0.0,"damage_taken":0.0},{"damage_healed":0.0,"max_hp_gain":0.0,"max_hp_loss":0.0,"gold_gain":0.0,"event_name":"The Library","player_choice":"Read","floor":19.0,"gold_loss":0.0,"damage_taken":0.0,"cards_obtained":["Defragment"]},{"damage_healed":0.0,"max_hp_gain":0.0,"max_hp_loss":0.0,"gold_gain":0.0,"cards_transformed":["Strike_B"],"event_name":"Transmorgrifier","player_choice":"Transformed","floor":21.0,"gold_loss":0.0,"damage_taken":0.0,"cards_obtained":["Echo Form"]},{"cards_removed":["Zap"],"damage_healed":0.0,"max_hp_gain":0.0,"max_hp_loss":0.0,"gold_gain":0.0,"event_name":"Back to Basics","player_choice":"Elegance","floor":31.0,"gold_loss":0.0,"damage_taken":0.0},{"damage_healed":0.0,"max_hp_gain":0.0,"max_hp_loss":0.0,"gold_gain":0.0,"event_name":"SensoryStone","player_choice":"Memory 3","floor":37.0,"gold_loss":0.0,"damage_taken":10.0},{"damage_healed":14.0,"max_hp_gain":0.0,"max_hp_loss":0.0,"gold_gain":0.0,"event_name":"Winding Halls","player_choice":"Writhe","floor":45.0,"gold_loss":0.0,"damage_taken":0.0,"cards_obtained":["Writhe"]}],"is_beta":false,"boss_relics":[{"not_picked":["FrozenCore","Fusion Hammer"],"picked":"Astrolabe"},{"not_picked":["Lizard Tail","Tiny House"],"picked":"Coffee Dripper"}],"items_purged_floors":[20,30,46],"is_endless":false,"potions_floor_spawned":[5,8,10,13,22,24,39,41,44,55],"killed_by":"The Heart","ascension_level":20}