{"path_per_floor":["M","?","M","$","M","R","E","M","T","M","?","R","T","M","R","B",null,"M","M","?","$","M","R","?","R","T","E","M","R","?","M","R"],"character_chosen":"IRONCLAD","items_purchased":["Matryoshka","Clash","Blood for Blood"],"gold_per_floor":[116,116,130,130,147,147,180,191,240,254,219,219,272,292,292,388,388,400,416,396,3,23,23,23,23,23,55,75,75,75,90,90,90],"floor_reached":33,"campfire_rested":4,"playtime":2519,"current_hp_per_floor":[72,72,72,72,72,72,79,82,89,78,89,89,89,89,89,19,72,49,28,28,28,27,53,53,79,79,53,17,43,43,32,58,0],"items_purged":[],"gold":90,"score":360,"play_id":"06aeded2-862d-4144-9a2a-ef494c0fa134","local_time":"20180507134640","is_prod":false,"is_daily":false,"chose_seed":false,"is_ascension_mode":true,"campfire_upgraded":3,"timestamp":1525690000,"path_taken":["M","?","?","$","M","R","E","M","T","M","?","R","?","M","R","BOSS","M","M","?","$","?","R","?","R","T","E","M","R","?","?","R","BOSS"],"build_version":"2018-05-03","seed_source_timestamp":1282602437649782,"purchased_purges":0,"victory":false,"master_deck":["Strike_R","Strike_R","Strike_R","Strike_R","Strike_R","Defend_R","Defend_R","Defend_R","Defend_R","Bash","Rage+1","Intimidate","Inflame","Shockwave+1","Uppercut","Dual Wield","Shockwave+1","Offering","Metallicize","Dropkick","Clash","Blood for Blood","Rage","Shockwave","Seeing Red"],"max_hp_per_floor":[72,72,72,72,72,72,82,82,89,89,89,89,89,89,89,89,89,89,89,89,89,89,89,89,89,89,89,89,89,89,89,89,89],"relics":["Burning Blood","Sundial","Pear","Strawberry","Oddly Smooth Stone","Philosopher\u0027s Stone","Matryoshka","Self Forming Clay","Darkstone Periapt","Dodecahedron","Question Card"],"card_choices":[{"not_picked":["Havoc","Heavy Blade"],"picked":"Rage","floor":1},{"not_picked":["Headbutt","Pummel"],"picked":"Intimidate","floor":3},{"not_picked":["Clothesline","Searing Blow"],"picked":"Inflame","floor":5},{"not_picked":["Flame Barrier","Intimidate"],"picked":"Shockwave","floor":7},{"not_picked":["Headbutt","Shrug It Off"],"picked":"Uppercut","floor":8},{"not_picked":["Twin Strike","Wild Strike"],"picked":"Dual Wield","floor":10},{"not_picked":["Anger","Ghostly Armor"],"picked":"Shockwave","floor":14},{"not_picked":["Feed","Dark Embrace"],"picked":"Offering","floor":16},{"not_picked":["Body Slam","Armaments"],"picked":"Metallicize","floor":18},{"not_picked":["Pommel Strike","Clash"],"picked":"Dropkick","floor":19},{"not_picked":["Cleave","Thunderclap"],"picked":"Rage","floor":27},{"not_picked":["Sentinel","Flex"],"picked":"Shockwave","floor":28},{"not_picked":["Shockwave","Ghostly Armor","Havoc"],"picked":"Seeing Red","floor":31}],"player_experience":390664,"potions_floor_usage":[7,7,16,22,22,22,33],"damage_taken":[{"damage":3,"enemies":"2 Louse","floor":1,"turns":3},{"damage":0,"enemies":"Small Slimes","floor":3,"turns":3},{"damage":0,"enemies":"Cultist","floor":5,"turns":3},{"damage":24,"enemies":"3 Sentries","floor":7,"turns":10},{"damage":1,"enemies":"Blue Slaver","floor":8,"turns":4},{"damage":17,"enemies":"Lots of Slimes","floor":10,"turns":6},{"damage":6,"enemies":"3 Louse","floor":14,"turns":5},{"damage":76,"enemies":"The Guardian","floor":16,"turns":12},{"damage":29,"enemies":"Shell Parasite","floor":18,"turns":4},{"damage":27,"enemies":"Spheric Guardian","floor":19,"turns":4},{"damage":13,"enemies":"3 Cultists","floor":22,"turns":3},{"damage":32,"enemies":"Book of Stabbing","floor":27,"turns":5},{"damage":42,"enemies":"Slaver and Parasite","floor":28,"turns":5},{"damage":17,"enemies":"Centurion and Healer","floor":31,"turns":5},{"damage":67,"enemies":"Automaton","floor":33,"turns":10}],"event_choices":[{"event_name":"Golden Wing","player_choice":"Ignored","floor":2,"damage_taken":0},{"event_name":"The Cleric","player_choice":"Healed","floor":11,"damage_taken":0},{"event_name":"The Woman in Blue","player_choice":"Bought 1 Potion","floor":20,"damage_taken":0},{"event_name":"Addict","player_choice":"Ignored","floor":24,"damage_taken":0},{"event_name":"The Mausoleum","player_choice":"Yes","floor":30,"damage_taken":0}],"boss_relics":[{"not_picked":["Orrery","Astrolabe"],"picked":"Philosopher\u0027s Stone"}],"potions_floor_spawned":[3,5,10,16,18,31],"seed_played":"-205233705095973961","killed_by":"Automaton","ascension_level":7,"is_trial":false}