{"gold_per_floor":[116,41,41,41,51,51,77,2,2,2,29,46,46,46,46,46],"floor_reached":16,"playtime":247,"items_purged":["Regret"],"score":262,"play_id":"37e512ca-328d-4620-b129-7aa7f7e42bc1","local_time":"20190410183924","is_ascension_mode":true,"campfire_choices":[{"data":"Body Slam","floor":6,"key":"SMITH"},{"data":"Bash","floor":10,"key":"SMITH"},{"floor":13,"key":"DIG"},{"floor":15,"key":"DIG"}],"neow_cost":"NONE","seed_source_timestamp":319447537169500,"circlet_count":0,"master_deck":["AscendersBane","Strike_R","Strike_R","Strike_R","Defend_R","Defend_R","Defend_R","Defend_R","Bash+1","Body Slam+1","Dual Wield","Evolve","Corruption","Feel No Pain"],"relics":["Burning Blood","NeowsBlessing","Gremlin Horn","Potion Belt","Pantograph","Shovel","Bag of Preparation","Golden Idol","Oddly Smooth Stone"],"potions_floor_usage":[11],"damage_taken":[{"damage":0,"enemies":"Jaw Worm","floor":1,"turns":1},{"damage":3,"enemies":"2 Louse","floor":5,"turns":2},{"damage":0,"enemies":"Lagavulin","floor":7,"turns":1},{"damage":20,"enemies":"3 Sentries","floor":11,"turns":8},{"damage":15,"enemies":"Small Slimes","floor":12,"turns":4},{"damage":24,"enemies":"Hexaghost","floor":16,"turns":4}],"seed_played":"-1625002184226589344","potions_obtained":[{"floor":7,"key":"SteroidPotion"}],"is_trial":false,"path_per_floor":["M","?","?","?","M","R","E","$","T","R","E","M","R","?","R","B"],"character_chosen":"IRONCLAD","items_purchased":[],"campfire_rested":0,"item_purchase_floors":[],"current_hp_per_floor":[74,74,74,74,75,75,75,75,75,75,61,52,52,26,26,27],"gold":46,"neow_bonus":"THREE_ENEMY_KILL","is_prod":false,"is_daily":false,"chose_seed":false,"campfire_upgraded":2,"win_rate":0,"timestamp":1554889164,"path_taken":["M","?","?","?","M","R","E","$","T","R","E","M","R","?","R","BOSS"],"build_version":"2019-01-23","purchased_purges":1,"victory":false,"max_hp_per_floor":[75,75,75,75,75,75,75,75,75,75,75,75,75,75,75,75],"card_choices":[{"not_picked":["Armaments","Heavy Blade"],"picked":"Body Slam","floor":1},{"not_picked":["Intimidate","Sword Boomerang","Twin Strike"],"picked":"SKIP","floor":5},{"not_picked":["Searing Blow","Combust"],"picked":"Evolve","floor":7},{"not_picked":["Intimidate","Havoc"],"picked":"Corruption","floor":11},{"not_picked":["Sever Soul","Clash"],"picked":"Feel No Pain","floor":12}],"player_experience":3035205,"relics_obtained":[{"floor":7,"key":"Potion Belt"},{"floor":9,"key":"Pantograph"},{"floor":11,"key":"Shovel"},{"floor":13,"key":"Bag of Preparation"},{"floor":15,"key":"Oddly Smooth Stone"}],"event_choices":[{"cards_removed":["Strike_R"],"damage_healed":0,"gold_gain":0,"player_choice":"Card Removal","damage_taken":0,"max_hp_gain":0,"max_hp_loss":0,"event_name":"The Cleric","floor":2,"gold_loss":75},{"damage_healed":0,"gold_gain":0,"cards_transformed":["Strike_R"],"player_choice":"Change","damage_taken":0,"max_hp_gain":0,"max_hp_loss":0,"event_name":"Living Wall","floor":3,"gold_loss":0,"cards_obtained":["Dual Wield"]},{"damage_healed":0,"gold_gain":0,"player_choice":"Box","damage_taken":0,"relics_obtained":["Gremlin Horn"],"max_hp_gain":0,"max_hp_loss":0,"event_name":"Big Fish","floor":4,"gold_loss":0,"cards_obtained":["Regret"]},{"damage_healed":0,"gold_gain":0,"player_choice":"Take Damage","damage_taken":26,"relics_obtained":["Golden Idol"],"max_hp_gain":0,"max_hp_loss":0,"event_name":"Golden Idol","floor":14,"gold_loss":0}],"is_beta":false,"boss_relics":[],"items_purged_floors":[8],"is_endless":false,"potions_floor_spawned":[7],"killed_by":"Hexaghost","ascension_level":20}