{"gold_per_floor":[111,126,136,61,80,80,115,125,148,148,180,82,82,99,99,99],"floor_reached":16,"playtime":360,"items_purged":[],"score":224,"play_id":"cb2f7871-2fb6-440e-ad01-362d8ee901c5","local_time":"20190308114932","is_ascension_mode":true,"campfire_choices":[{"data":"Streamline","floor":6,"key":"SMITH"},{"floor":10,"key":"REST"},{"floor":13,"key":"REST"},{"data":"Creative AI","floor":15,"key":"SMITH"}],"neow_cost":"NONE","seed_source_timestamp":73406677672800,"circlet_count":0,"master_deck":["AscendersBane","Strike_B","Strike_B","Strike_B","Strike_B","Defend_B","Defend_B","Defend_B","Zap","Dualcast","Loop","Cold Snap","Streamline+1","Darkness","Discovery","Creative AI+1"],"relics":["Cracked Core","NeowsBlessing","Oddly Smooth Stone","Juzu Bracelet"],"potions_floor_usage":[8,16,16],"damage_taken":[{"damage":0,"enemies":"2 Louse","floor":1,"turns":1},{"damage":0,"enemies":"Small Slimes","floor":2,"turns":1},{"damage":0,"enemies":"Jaw Worm","floor":3,"turns":1},{"damage":8,"enemies":"3 Louse","floor":5,"turns":3},{"damage":23,"enemies":"Lagavulin","floor":7,"turns":7},{"damage":18,"enemies":"Lots of Slimes","floor":8,"turns":5},{"damage":32,"enemies":"Gremlin Nob","floor":11,"turns":4},{"damage":2,"enemies":"Blue Slaver","floor":14,"turns":3},{"damage":24,"enemies":"Slime Boss","floor":16,"turns":3}],"seed_played":"207293273113172562","potions_obtained":[{"floor":3,"key":"Strength Potion"},{"floor":5,"key":"Dexterity Potion"},{"floor":8,"key":"EssenceOfSteel"}],"is_trial":false,"path_per_floor":["M","M","M","?","M","R","E","M","T","R","E","$","R","M","R","B"],"character_chosen":"DEFECT","items_purchased":["Discovery"],"campfire_rested":2,"item_purchase_floors":[12],"current_hp_per_floor":[64,64,64,64,56,56,33,15,15,36,4,4,25,23,23,0],"gold":99,"neow_bonus":"THREE_ENEMY_KILL","is_prod":false,"is_daily":false,"chose_seed":false,"campfire_upgraded":2,"win_rate":0,"timestamp":1552013372,"path_taken":["M","M","M","?","M","R","E","M","T","R","E","$","R","M","R","BOSS"],"build_version":"2019-01-23","purchased_purges":0,"victory":false,"max_hp_per_floor":[71,71,71,71,71,71,71,71,71,71,71,71,71,71,71,71],"card_choices":[{"not_picked":["Conserve Battery","Force Field"],"picked":"Loop","floor":1},{"not_picked":["Conserve Battery","Leap"],"picked":"Cold Snap","floor":2},{"not_picked":["Steam","Melter"],"picked":"Streamline","floor":3},{"not_picked":["Leap","Doom and Gloom","Fusion"],"picked":"SKIP","floor":5},{"not_picked":["Leap","Turbo"],"picked":"Darkness","floor":7},{"not_picked":["Rebound","Double Energy","Tempest"],"picked":"SKIP","floor":8},{"not_picked":["Go for the Eyes","Doom and Gloom","Leap"],"picked":"SKIP","floor":11},{"not_picked":["Lockon","Rebound"],"picked":"Creative AI","floor":14}],"player_experience":2064424,"relics_obtained":[{"floor":7,"key":"Oddly Smooth Stone"},{"floor":11,"key":"Juzu Bracelet"}],"event_choices":[{"cards_removed":["Defend_B"],"damage_healed":0,"gold_gain":0,"player_choice":"Card Removal","damage_taken":0,"max_hp_gain":0,"max_hp_loss":0,"event_name":"The Cleric","floor":4,"gold_loss":75}],"is_beta":false,"boss_relics":[],"items_purged_floors":[],"is_endless":false,"potions_floor_spawned":[3,5,8],"killed_by":"Slime Boss","ascension_level":20}