{"path_per_floor":["M","?","M","$","?","E","R","$","T","R","M","?","M","M","R"],"character_chosen":"IRONCLAD","items_purchased":["Regen Potion","Pummel","Havoc"],"gold_per_floor":[361,536,556,272,272,297,297,297,297,297,308,368,380,399,399,399],"floor_reached":16,"campfire_rested":3,"playtime":888,"current_hp_per_floor":[34,34,29,29,29,18,42,42,42,66,72,19,25,31,55,0],"items_purged":["Doubt"],"gold":399,"score":140,"play_id":"969181d4-d88c-4db9-a6be-724b43e737f4","local_time":"20180522205525","is_prod":false,"is_daily":false,"chose_seed":false,"is_ascension_mode":true,"campfire_upgraded":0,"timestamp":1527011725,"campfire_choices":[{"floor":7,"key":"REST"},{"floor":10,"key":"REST"},{"floor":15,"key":"REST"}],"path_taken":["M","?","M","$","?","E","R","$","T","R","M","?","M","M","R","BOSS"],"build_version":"2018-05-17","seed_source_timestamp":81519995728501,"purchased_purges":1,"victory":false,"master_deck":["Strike_R","Strike_R","Strike_R","Strike_R","Strike_R","Defend_R","Defend_R","Defend_R","Defend_R","Bash","Corruption","Havoc","Pummel+1","Havoc","Metallicize","Second Wind","Metallicize","Corruption","Flex"],"max_hp_per_floor":[80,80,80,80,80,80,80,80,80,80,80,80,80,80,80,80],"relics":["Burning Blood","Lantern","Vajra","Anchor"],"card_choices":[{"not_picked":["Sentinel","Iron Wave"],"picked":"Corruption","floor":1},{"not_picked":["Headbutt","Twin Strike"],"picked":"Havoc","floor":3},{"not_picked":["Shrug It Off","Juggernaut"],"picked":"Metallicize","floor":6},{"not_picked":["Pommel Strike","Dropkick"],"picked":"Second Wind","floor":11},{"not_picked":["Hemokinesis","Clothesline"],"picked":"Metallicize","floor":12},{"not_picked":["Hemokinesis","Inflame"],"picked":"Corruption","floor":13},{"not_picked":["Armaments","Dual Wield"],"picked":"Flex","floor":14}],"player_experience":430387,"potions_floor_usage":[3,6,6,14,16],"damage_taken":[{"damage":8,"enemies":"Small Slimes","floor":1,"turns":5},{"damage":11,"enemies":"2 Louse","floor":3,"turns":5},{"damage":44,"enemies":"3 Sentries","floor":6,"turns":9},{"damage":0,"enemies":"Cultist","floor":11,"turns":2},{"damage":59,"enemies":"Lagavulin Event","floor":12,"turns":7},{"damage":0,"enemies":"2 Fungi Beasts","floor":13,"turns":4},{"damage":0,"enemies":"Large Slime","floor":14,"turns":8},{"damage":75,"enemies":"Slime Boss","floor":16,"turns":7}],"relics_obtained":[{"floor":6,"key":"Lantern"},{"floor":9,"key":"Vajra"}],"event_choices":[{"event_name":"Liars Game","player_choice":"agreed","floor":2,"damage_taken":0},{"event_name":"Upgrade Shrine","player_choice":"Upgraded","floor":5,"damage_taken":0},{"event_name":"Dead Adventurer","player_choice":"Searched \u00273\u0027 times","floor":12,"damage_taken":0}],"boss_relics":[],"potions_floor_spawned":[1,3,12,12,14],"seed_played":"-4586071891759990156","killed_by":"Slime Boss","ascension_level":8,"potions_obtained":[{"floor":1,"key":"Swift Potion"},{"floor":3,"key":"AttackPotion"},{"floor":12,"key":"GamblersBrew"},{"floor":12,"key":"Fire Potion"},{"floor":14,"key":"FairyPotion"}],"is_trial":false}