{"gold_per_floor":[113,113,31,31,41,41,76,76,102,102,115,115,126,138,138,216,216,236,236,236,236,256,256,272,300,324,324,334,352,380,400,400,476,476,490,509,509,509,509,509,529,529,529,557,557,572,589,601,601,601,601,601,601,30,30],"floor_reached":55,"playtime":2719,"items_purged":["Bite"],"score":1878,"play_id":"2712833c-09da-4d87-88de-890b1195eae9","local_time":"20190310001839","is_ascension_mode":true,"campfire_choices":[{"data":"Biased Cognition","floor":6,"key":"SMITH"},{"data":"Defragment","floor":8,"key":"SMITH"},{"data":"Zap","floor":12,"key":"SMITH"},{"data":"Genetic Algorithm","floor":15,"key":"SMITH"},{"data":"Buffer","floor":23,"key":"SMITH"},{"floor":27,"key":"REST"},{"data":"Capacitor","floor":32,"key":"SMITH"},{"data":"Consume","floor":40,"key":"SMITH"},{"data":"Loop","floor":42,"key":"SMITH"},{"data":"Discovery","floor":45,"key":"SMITH"},{"floor":49,"key":"RECALL"},{"data":"Capacitor","floor":53,"key":"SMITH"}],"neow_cost":"TEN_PERCENT_HP_LOSS","seed_source_timestamp":48351260198000,"circlet_count":0,"master_deck":["AscendersBane","Defend_B","Defend_B","Defend_B","Zap+1","Dualcast","Biased Cognition+1","Gash","Core Surge","Cold Snap","Glacier","Defragment+1","Genetic Algorithm+1","Buffer+1","Gash","Bite","Bite","Bite","Capacitor+1","Reboot","Glacier+1","All For One","Echo Form","Consume+1","Chill+1","PanicButton","Discovery+1","Parasite","Loop+1","Loop+1","Capacitor+1","Barrage+1"],"relics":["Cracked Core","Emotion Chip","Shuriken","Velvet Choker","Blood Vial","Anchor","Nunchaku","Orrery","Meat on the Bone","Blue Candle","StoneCalendar","Happy Flower","Boot"],"potions_floor_usage":[13,16,16,19,25,29,35,50,50,55],"damage_taken":[{"damage":2,"enemies":"2 Louse","floor":1,"turns":2},{"damage":10,"enemies":"Small Slimes","floor":5,"turns":2},{"damage":8,"enemies":"3 Sentries","floor":7,"turns":9},{"damage":5,"enemies":"Jaw Worm","floor":11,"turns":2},{"damage":7,"enemies":"3 Louse","floor":13,"turns":2},{"damage":3,"enemies":"Blue Slaver","floor":14,"turns":3},{"damage":12,"enemies":"Hexaghost","floor":16,"turns":12},{"damage":1,"enemies":"2 Thieves","floor":18,"turns":5},{"damage":22,"enemies":"Colosseum Slavers","floor":19,"turns":4},{"damage":9,"enemies":"Spheric Guardian","floor":22,"turns":4},{"damage":9,"enemies":"Snake Plant","floor":24,"turns":4},{"damage":20,"enemies":"Slavers","floor":25,"turns":8},{"damage":7,"enemies":"Cultist and Chosen","floor":28,"turns":5},{"damage":0,"enemies":"Chosen and Byrds","floor":29,"turns":7},{"damage":0,"enemies":"Book of Stabbing","floor":30,"turns":7},{"damage":0,"enemies":"3 Cultists","floor":31,"turns":7},{"damage":6,"enemies":"Automaton","floor":33,"turns":12},{"damage":0,"enemies":"3 Darklings","floor":35,"turns":7},{"damage":0,"enemies":"Orb Walker","floor":36,"turns":4},{"damage":0,"enemies":"Writhing Mass","floor":41,"turns":10},{"damage":1,"enemies":"Giant Head","floor":44,"turns":11},{"damage":3,"enemies":"4 Shapes","floor":46,"turns":7},{"damage":2,"enemies":"Transient","floor":47,"turns":6},{"damage":0,"enemies":"Spire Growth","floor":48,"turns":5},{"damage":15,"enemies":"Time Eater","floor":50,"turns":16},{"damage":28,"enemies":"Donu and Deca","floor":51,"turns":15},{"damage":54,"enemies":"Shield and Spear","floor":55,"turns":3}],"seed_played":"4353515170303660482","potions_obtained":[{"floor":5,"key":"Block Potion"},{"floor":13,"key":"AttackPotion"},{"floor":16,"key":"Poison Potion"},{"floor":22,"key":"Poison Potion"},{"floor":25,"key":"Fire Potion"},{"floor":28,"key":"GamblersBrew"},{"floor":30,"key":"SpeedPotion"},{"floor":35,"key":"EssenceOfSteel"},{"floor":47,"key":"Weak Potion"},{"floor":48,"key":"Block Potion"}],"is_trial":false,"path_per_floor":["M","?","$","?","M","R","E","R","T","?","M","R","M","M","R","B",null,"M","?","?","?","M","R","M","E","T","R","M","M","E","M","R","B",null,"M","M","T","?","?","R","M","R","T","E","R","M","M","M","R","B","B",null,"R","$","E"],"character_chosen":"DEFECT","items_purchased":["Cold Snap","AttackPotion","FairyPotion","SkillPotion","Happy Flower","Boot"],"campfire_rested":1,"item_purchase_floors":[3,3,54,54,54,54],"current_hp_per_floor":[62,62,62,57,47,47,39,39,39,32,27,27,20,17,17,5,49,48,26,26,26,25,25,24,12,12,25,30,40,44,44,44,44,44,44,44,44,34,34,34,44,44,44,44,44,44,44,44,44,44,42,44,44,44,8],"gold":30,"neow_bonus":"THREE_RARE_CARDS","is_prod":false,"is_daily":false,"chose_seed":false,"campfire_upgraded":10,"win_rate":0,"timestamp":1552144719,"path_taken":["M","?","$","?","M","R","E","R","T","?","M","R","M","M","R","BOSS","M","?","?","?","M","R","M","E","T","R","M","?","E","M","R","BOSS","M","M","?","?","?","R","M","R","T","E","R","M","?","M","R","BOSS","BOSS","R","$","E"],"build_version":"2019-01-23","purchased_purges":1,"victory":false,"max_hp_per_floor":[64,64,64,64,64,64,64,64,64,64,64,64,64,64,64,64,64,64,64,44,44,44,44,44,44,44,44,44,44,44,44,44,44,44,44,44,44,44,44,44,44,44,44,44,44,44,44,44,44,44,44,44,44,44,44],"card_choices":[{"not_picked":["Reboot","Core Surge"],"picked":"Biased Cognition","floor":0},{"not_picked":["Compile Driver","Go for the Eyes"],"picked":"Gash","floor":1},{"not_picked":["Doom and Gloom","Steam"],"picked":"Glacier","floor":5},{"not_picked":["Darkness","All For One"],"picked":"Defragment","floor":7},{"not_picked":["Reprogram","Fusion","BootSequence"],"picked":"SKIP","floor":11},{"not_picked":["Reprogram","Fusion","BootSequence"],"picked":"SKIP","floor":11},{"not_picked":["BootSequence","Leap"],"picked":"Go for the Eyes","floor":13},{"not_picked":["Force Field","Hello World"],"picked":"Genetic Algorithm","floor":14},{"not_picked":["Meteor Strike","Hyperbeam"],"picked":"Buffer","floor":16},{"not_picked":["Leap","Cold Snap"],"picked":"Gash","floor":18},{"not_picked":["White Noise","Redo"],"picked":"Capacitor","floor":22},{"not_picked":["Reprogram+1","Ball Lightning"],"picked":"Reboot","floor":24},{"not_picked":["Compile Driver","Sunder","Turbo"],"picked":"SKIP","floor":25},{"not_picked":["Go for the Eyes","Rebound"],"picked":"Glacier+1","floor":28},{"not_picked":["Tempest","Ball Lightning","Double Energy"],"picked":"SKIP","floor":29},{"not_picked":["Hyperbeam","Stack"],"picked":"All For One","floor":30},{"not_picked":["Static Discharge","Leap","Darkness"],"picked":"SKIP","floor":31},{"not_picked":["Rainbow","Buffer"],"picked":"Echo Form","floor":33},{"not_picked":["Defragment","Melter+1"],"picked":"Consume","floor":34},{"not_picked":["Leap","Redo+1"],"picked":"Chill+1","floor":35},{"not_picked":["Turbo+1","Scrape+1","Rebound+1"],"picked":"SKIP","floor":36},{"not_picked":["Swift Strike","Violence"],"picked":"PanicButton","floor":38},{"not_picked":["Bandage Up","Forethought"],"picked":"Discovery","floor":38},{"not_picked":["Rebound+1","Compile Driver"],"picked":"Loop","floor":41},{"not_picked":["Hello World","Stack"],"picked":"Loop+1","floor":44},{"not_picked":["Tempest+1","Beam Cell"],"picked":"Capacitor","floor":46},{"not_picked":["Beam Cell","Sweeping Beam"],"picked":"Barrage+1","floor":47},{"not_picked":["Rebound","Fusion","Steam"],"picked":"SKIP","floor":48}],"player_experience":2121125,"relics_obtained":[{"floor":7,"key":"Shuriken"},{"floor":25,"key":"Blood Vial"},{"floor":26,"key":"Anchor"},{"floor":30,"key":"Nunchaku"},{"floor":37,"key":"Meat on the Bone"},{"floor":43,"key":"Blue Candle"},{"floor":44,"key":"StoneCalendar"}],"event_choices":[{"damage_healed":0,"gold_gain":0,"cards_transformed":["Strike_B"],"player_choice":"Change","damage_taken":0,"max_hp_gain":0,"max_hp_loss":0,"event_name":"Living Wall","floor":2,"gold_loss":0,"cards_obtained":["Core Surge"]},{"damage_healed":0,"gold_gain":0,"player_choice":"Success","damage_taken":5,"relics_obtained":["Emotion Chip"],"max_hp_gain":0,"max_hp_loss":0,"event_name":"Scrap Ooze","floor":4,"gold_loss":0},{"cards_removed":["Defend_B"],"damage_healed":0,"gold_gain":0,"player_choice":"Card Removal","damage_taken":7,"max_hp_gain":0,"max_hp_loss":0,"event_name":"Golden Wing","floor":10,"gold_loss":0},{"damage_healed":0,"gold_gain":0,"player_choice":"Fight","damage_taken":0,"max_hp_gain":0,"max_hp_loss":0,"event_name":"Colosseum","floor":19,"gold_loss":0},{"damage_healed":0,"gold_gain":0,"player_choice":"Fled From Nobs","damage_taken":0,"max_hp_gain":0,"max_hp_loss":0,"event_name":"Colosseum","floor":19,"gold_loss":0},{"damage_healed":0,"gold_gain":0,"player_choice":"Became a vampire","damage_taken":0,"max_hp_gain":0,"max_hp_loss":20,"event_name":"Vampires","floor":20,"gold_loss":0,"cards_obtained":["Bite","Bite","Bite","Bite","Bite"]},{"cards_removed":["Bite"],"damage_healed":0,"gold_gain":0,"player_choice":"Elegance","damage_taken":0,"max_hp_gain":0,"max_hp_loss":0,"event_name":"Back to Basics","floor":21,"gold_loss":0},{"damage_healed":0,"gold_gain":0,"player_choice":"Memory 3","damage_taken":10,"max_hp_gain":0,"max_hp_loss":0,"event_name":"SensoryStone","floor":38,"gold_loss":0},{"cards_removed":["Go for the Eyes"],"damage_healed":0,"gold_gain":0,"player_choice":"Removed Attack","damage_taken":0,"max_hp_gain":0,"max_hp_loss":0,"event_name":"Falling","floor":39,"gold_loss":0}],"is_beta":false,"boss_relics":[{"not_picked":["White Beast Statue","Tiny House"],"picked":"Velvet Choker"},{"not_picked":["Sozu","Eternal Feather"],"picked":"Orrery"}],"items_purged_floors":[54],"is_endless":false,"potions_floor_spawned":[5,13,16,19,22,25,28,30,35,47,48],"killed_by":"Shield and Spear","ascension_level":20}