{"gold_per_floor":[109,109,123,135,147,147,247,247,273,290,216,216,242,252,252,353,353,367,385,465,465,465,495,514,514],"floor_reached":25,"playtime":933,"items_purged":["Strike_B"],"score":256,"play_id":"f4d534e7-1a24-4b66-8251-ee0c9d7a5b08","local_time":"20190418214857","is_ascension_mode":true,"campfire_choices":[{"data":"Defragment","floor":6,"key":"SMITH"},{"data":"Self Repair","floor":8,"key":"SMITH"},{"data":"Conserve Battery","floor":12,"key":"SMITH"},{"data":"Gash","floor":15,"key":"SMITH"}],"neow_cost":"NONE","seed_source_timestamp":63716368526543,"circlet_count":0,"master_deck":["Strike_B+1","Strike_B+1","Defend_B+1","Defend_B+1","Defend_B+1","Defend_B+1","Zap+1","Dualcast","Defragment+1","Steam","Self Repair+1","Ball Lightning","Conserve Battery+1","Ball Lightning","Gash","Gash+1","Machine Learning","Glacier+1","Redo+1","Cold Snap"],"relics":["Cracked Core","Smiling Mask","Anchor","Runic Pyramid","Sundial","Strawberry"],"potions_floor_usage":[16,16,16,25,25,25,25,25,25],"damage_taken":[{"damage":0,"enemies":"2 Louse","floor":1,"turns":3},{"damage":12,"enemies":"Jaw Worm","floor":3,"turns":3},{"damage":0,"enemies":"Cultist","floor":4,"turns":4},{"damage":0,"enemies":"Red Slaver","floor":5,"turns":3},{"damage":5,"enemies":"2 Fungi Beasts","floor":10,"turns":3},{"damage":24,"enemies":"Gremlin Nob","floor":13,"turns":4},{"damage":1,"enemies":"3 Louse","floor":14,"turns":3},{"damage":40,"enemies":"Hexaghost","floor":16,"turns":7},{"damage":4,"enemies":"Shell Parasite","floor":18,"turns":5},{"damage":12,"enemies":"3 Byrds","floor":19,"turns":5},{"damage":52,"enemies":"Slavers","floor":23,"turns":7},{"damage":6,"enemies":"Centurion and Healer","floor":24,"turns":6},{"damage":29,"enemies":"Gremlin Leader","floor":25,"turns":3}],"seed_played":"1398882837451768324","potions_obtained":[{"floor":4,"key":"Strength Potion"},{"floor":5,"key":"FearPotion"},{"floor":10,"key":"Poison Potion"},{"floor":16,"key":"EntropicBrew"},{"floor":19,"key":"LiquidBronze"},{"floor":23,"key":"PowerPotion"}],"is_trial":false,"path_per_floor":["M","?","M","M","M","R","?","R","T","M","$","R","E","M","R","B",null,"M","M","T","?","?","E","M","E"],"character_chosen":"DEFECT","items_purchased":["Ball Lightning"],"campfire_rested":0,"item_purchase_floors":[11],"current_hp_per_floor":[75,75,63,63,70,70,70,70,70,75,75,75,61,70,70,40,75,75,73,73,73,59,24,28,0],"gold":514,"neow_bonus":"REMOVE_CARD","is_prod":false,"is_daily":false,"chose_seed":false,"campfire_upgraded":4,"win_rate":0,"timestamp":1555642137,"path_taken":["M","?","M","M","M","R","?","R","T","M","$","R","E","M","R","BOSS","M","?","?","?","?","E","M","E"],"build_version":"2019-01-23","purchased_purges":1,"victory":false,"max_hp_per_floor":[75,75,75,75,75,75,75,75,75,75,75,75,75,75,75,75,75,75,75,75,75,80,87,87,87],"card_choices":[{"not_picked":["Coolheaded","Hologram"],"picked":"Defragment","floor":1},{"not_picked":["Fusion","Beam Cell"],"picked":"Steam","floor":3},{"not_picked":["Go for the Eyes","Streamline"],"picked":"Self Repair","floor":4},{"not_picked":["Rip and Tear","Sweeping Beam"],"picked":"Ball Lightning","floor":5},{"not_picked":["Multi-Cast","Doom and Gloom"],"picked":"Conserve Battery","floor":10},{"not_picked":["Ball Lightning","Streamline"],"picked":"Gash","floor":13},{"not_picked":["Go for the Eyes","Hologram"],"picked":"Gash","floor":14},{"not_picked":["Reboot","Meteor Strike"],"picked":"Machine Learning","floor":16},{"not_picked":["Hologram","Streamline+1"],"picked":"Glacier+1","floor":18},{"not_picked":["Hologram","Rebound+1"],"picked":"Redo+1","floor":19},{"not_picked":["Stack","Hello World","Redo"],"picked":"SKIP","floor":23},{"not_picked":["Barrage","Reprogram"],"picked":"Cold Snap","floor":24}],"player_experience":212264,"relics_obtained":[{"floor":9,"key":"Smiling Mask"},{"floor":13,"key":"Anchor"},{"floor":20,"key":"Sundial"},{"floor":23,"key":"Strawberry"}],"event_choices":[{"damage_healed":0,"gold_gain":0,"player_choice":"Grow","damage_taken":0,"max_hp_gain":0,"max_hp_loss":0,"event_name":"Living Wall","floor":2,"gold_loss":0,"cards_upgraded":["Zap"]},{"damage_healed":0,"gold_gain":100,"player_choice":"Pray","damage_taken":0,"max_hp_gain":0,"max_hp_loss":0,"event_name":"Golden Shrine","floor":7,"gold_loss":0},{"damage_healed":0,"gold_gain":0,"player_choice":"Simplicity","damage_taken":0,"max_hp_gain":0,"max_hp_loss":0,"event_name":"Back to Basics","floor":21,"gold_loss":0,"cards_upgraded":["Strike_B","Strike_B","Defend_B","Defend_B","Defend_B","Defend_B"]},{"damage_healed":0,"gold_gain":0,"player_choice":"Shed Blood","damage_taken":19,"max_hp_gain":5,"max_hp_loss":0,"event_name":"Forgotten Altar","floor":22,"gold_loss":0}],"is_beta":false,"boss_relics":[{"not_picked":["Sozu","Orrery"],"picked":"Runic Pyramid"}],"items_purged_floors":[11],"is_endless":false,"potions_floor_spawned":[4,5,10,16,19,23,24],"killed_by":"Gremlin Leader","ascension_level":3}