{"gold_per_floor":[117,82,82,92,144,173,173,173,173,173,348,363,420,436,436,436],"floor_reached":16,"playtime":670,"items_purged":[],"score":162,"play_id":"5cc9e247-0737-416b-91df-3c4abd273935","local_time":"20180919184052","is_ascension_mode":true,"campfire_choices":[{"floor":7,"key":"REST"},{"floor":8,"key":"REST"},{"data":"Fusion","floor":10,"key":"SMITH"},{"floor":15,"key":"REST"}],"neow_cost":"","seed_source_timestamp":432670917913517,"circlet_count":0,"master_deck":["Strike_B","Strike_B","Strike_B","Strike_B","Defend_B","Defend_B","Defend_B","Defend_B","Zap","Dualcast","AscendersBane","Genetic Algorithm","Fusion+1","Sunder","Doubt","Capacitor","Redo"],"relics":["Cracked Core","Bronze Scales","WingedGreaves","Meat on the Bone","Blue Candle"],"potions_floor_usage":[13,14,16],"damage_taken":[{"damage":0,"enemies":"Small Slimes","floor":1,"turns":2},{"damage":3,"enemies":"Jaw Worm","floor":4,"turns":5},{"damage":47,"enemies":"Lagavulin","floor":6,"turns":8},{"damage":1,"enemies":"Cultist","floor":12,"turns":3},{"damage":25,"enemies":"3 Sentries","floor":13,"turns":5},{"damage":11,"enemies":"Exordium Thugs","floor":14,"turns":4},{"damage":67,"enemies":"The Guardian","floor":16,"turns":9}],"seed_played":"3885332105964983489","potions_obtained":[{"floor":1,"key":"LiquidBronze"},{"floor":13,"key":"Explosive Potion"},{"floor":13,"key":"PowerPotion"}],"is_trial":false,"path_per_floor":["M","?","$","M","T","E","R","R","T","R","?","M","?","M","R"],"character_chosen":"DEFECT","items_purchased":[],"campfire_rested":3,"item_purchase_floors":[],"current_hp_per_floor":[68,75,75,72,72,25,47,69,69,69,69,68,43,44,66,0],"gold":436,"neow_bonus":"","is_prod":false,"is_daily":false,"chose_seed":false,"campfire_upgraded":1,"win_rate":0,"timestamp":1537371652,"path_taken":["M","?","$","M","?","E","R","R","T","R","?","?","?","M","R","BOSS"],"build_version":"2018-09-06","purchased_purges":0,"victory":false,"max_hp_per_floor":[75,75,75,75,75,75,75,75,75,75,75,75,75,75,75,75],"card_choices":[{"not_picked":["Steam","Beam Cell"],"picked":"Genetic Algorithm","floor":1},{"not_picked":["Streamline","Coolheaded"],"picked":"Fusion","floor":4},{"not_picked":["Leap","Turbo"],"picked":"Sunder","floor":6},{"not_picked":["Compile Driver","Skim","Sweeping Beam"],"picked":"SKIP","floor":12},{"not_picked":["Sweeping Beam","Stack"],"picked":"Capacitor","floor":13},{"not_picked":["Conserve Battery","Tempest"],"picked":"Redo","floor":14}],"player_experience":716056,"relics_obtained":[{"floor":5,"key":"Bronze Scales"},{"floor":6,"key":"WingedGreaves"},{"floor":9,"key":"Meat on the Bone"},{"floor":13,"key":"Blue Candle"}],"event_choices":[{"event_name":"The Cleric","player_choice":"Healed","floor":2,"damage_taken":0},{"event_name":"Liars Game","player_choice":"agreed","floor":11,"damage_taken":0},{"event_name":"Dead Adventurer","player_choice":"Searched \u00272\u0027 times","floor":13,"damage_taken":0}],"is_beta":false,"boss_relics":[],"items_purged_floors":[],"is_endless":false,"potions_floor_spawned":[1,13,13],"killed_by":"The Guardian","ascension_level":13}