{"gold_per_floor":[109,34,34,109,24,24,51,51,105,138,161,161,187,187,187,278,278,301,481,505,0,0,0,31,51,105,105,105,138,63,5,5,103,103,127,127,150,63,78,102,102,138,162,162,87,212,247,268,268,268,268,268,268,14,49,49],"floor_reached":57,"playtime":2485,"items_purged":["Strike_R+1"],"score":3116,"play_id":"63e80a1a-a1b6-4a50-9092-a27c1c7c8b47","local_time":"20190427210759","is_ascension_mode":true,"campfire_choices":[{"data":"Bash","floor":6,"key":"SMITH"},{"data":"Strike_R","floor":8,"key":"SMITH"},{"data":"Feel No Pain","floor":12,"key":"SMITH"},{"data":"Heavy Blade","floor":15,"key":"SMITH"},{"floor":23,"key":"REST"},{"data":"Barricade","floor":28,"key":"SMITH"},{"data":"Havoc","floor":32,"key":"SMITH"},{"data":"Armaments","floor":41,"key":"SMITH"},{"floor":49,"key":"RECALL"},{"data":"Discovery","floor":53,"key":"SMITH"}],"neow_cost":"CURSE","seed_source_timestamp":27253826602100,"circlet_count":0,"master_deck":["AscendersBane","Defend_R","Defend_R","Defend_R","Defend_R","Bash+1","Flame Barrier","Shrug It Off","Feel No Pain+1","Second Wind","Heavy Blade+1","Offering","True Grit","Cleave","Barricade+1","Armaments+1","Havoc+1","Ghostly","Ghostly","Ghostly","True Grit","Juggernaut","Flame Barrier+1","Reaper+1","Disarm+1","Discovery+1","Madness","Secret Technique","Fiend Fire","Body Slam","Shrug It Off","Infernal Blade+1","Barricade","Disarm","Ghostly Armor"],"relics":["Burning Blood","Turnip","Red Skull","Vajra","Whetstone","Happy Flower","Pen Nib","Golden Idol","Philosopher\u0027s Stone","Dead Branch","Lantern","Potion Belt","Omamori","Gremlin Horn","Astrolabe","Torii","Prayer Wheel","Strawberry","Anchor","Kunai"],"potions_floor_usage":[7,10,16,24,50,50,56,56,56],"damage_taken":[{"damage":0,"enemies":"Small Slimes","floor":1,"turns":6},{"damage":33,"enemies":"Lagavulin","floor":7,"turns":8},{"damage":8,"enemies":"Gremlin Nob","floor":10,"turns":3},{"damage":16,"enemies":"3 Sentries","floor":13,"turns":11},{"damage":11,"enemies":"Slime Boss","floor":16,"turns":6},{"damage":17,"enemies":"Spheric Guardian","floor":18,"turns":6},{"damage":6,"enemies":"Chosen","floor":20,"turns":2},{"damage":26,"enemies":"Book of Stabbing","floor":24,"turns":4},{"damage":6,"enemies":"Centurion and Healer","floor":25,"turns":4},{"damage":7,"enemies":"Gremlin Leader","floor":29,"turns":9},{"damage":15,"enemies":"Automaton","floor":33,"turns":8},{"damage":6,"enemies":"3 Darklings","floor":35,"turns":7},{"damage":0,"enemies":"3 Shapes","floor":37,"turns":5},{"damage":6,"enemies":"Maw","floor":39,"turns":8},{"damage":2,"enemies":"Writhing Mass","floor":40,"turns":9},{"damage":1,"enemies":"Nemesis","floor":42,"turns":7},{"damage":1,"enemies":"Mind Bloom Boss Battle","floor":46,"turns":7},{"damage":12,"enemies":"Giant Head","floor":47,"turns":6},{"damage":6,"enemies":"Sphere and 2 Shapes","floor":48,"turns":3},{"damage":0,"enemies":"Time Eater","floor":50,"turns":8},{"damage":15,"enemies":"Awakened One","floor":51,"turns":14},{"damage":37,"enemies":"Shield and Spear","floor":55,"turns":8},{"damage":6,"enemies":"The Heart","floor":56,"turns":7}],"seed_played":"3282466188907826269","potions_obtained":[{"floor":7,"key":"Strength Potion"},{"floor":10,"key":"Strength Potion"},{"floor":20,"key":"SkillPotion"},{"floor":29,"key":"Poison Potion"},{"floor":35,"key":"Dexterity Potion"},{"floor":40,"key":"Block Potion"},{"floor":46,"key":"Block Potion"}],"is_trial":false,"path_per_floor":["M","?","?","?","$","R","E","R","T","E","T","R","E","?","R","B",null,"M","?","M","$","?","R","E","M","T","?","R","E","?","$","R","B",null,"M","?","M","$","M","M","R","E","T","?","$","?","E","M","R","B","B",null,"R","$","E","B",null],"character_chosen":"IRONCLAD","items_purchased":["AttackPotion","Shrug It Off","Dead Branch","Lantern","True Grit","Fiend Fire","Ancient Potion","Anchor"],"campfire_rested":1,"item_purchase_floors":[5,5,21,21,31,38,54,54],"current_hp_per_floor":[74,74,79,68,68,68,41,41,41,39,39,39,29,29,29,24,60,49,28,28,28,28,49,29,29,29,29,29,28,28,28,28,19,32,36,26,32,32,36,36,36,36,36,36,36,36,43,43,43,43,41,43,43,43,12,12],"gold":49,"neow_bonus":"ONE_RARE_RELIC","is_prod":false,"is_daily":false,"chose_seed":false,"campfire_upgraded":8,"win_rate":0,"timestamp":1556366879,"path_taken":["M","?","?","?","$","R","E","R","T","E","?","R","E","?","R","BOSS","M","?","M","?","?","R","E","?","T","?","R","E","?","$","R","BOSS","M","?","M","$","M","M","R","E","T","?","$","?","E","M","R","BOSS","BOSS","R","$","E","BOSS"],"build_version":"2019-01-23","purchased_purges":1,"victory":true,"max_hp_per_floor":[75,75,80,80,80,80,80,80,80,80,80,80,80,72,72,72,72,72,72,72,72,72,72,72,72,72,36,36,36,36,36,36,36,36,36,36,36,36,36,36,36,36,36,36,36,36,43,43,43,43,43,43,43,43,43,43],"card_choices":[{"not_picked":["Havoc","Thunderclap"],"picked":"Flame Barrier","floor":1},{"not_picked":["Cleave","Battle Trance"],"picked":"Feel No Pain","floor":7},{"not_picked":["Corruption","Flex"],"picked":"Second Wind","floor":10},{"not_picked":["Searing Blow","Fire Breathing"],"picked":"Heavy Blade","floor":13},{"not_picked":["Exhume","Reaper"],"picked":"Offering","floor":16},{"not_picked":["Wild Strike","Second Wind"],"picked":"True Grit","floor":18},{"not_picked":["Armaments","Wild Strike"],"picked":"Cleave","floor":20},{"not_picked":["Intimidate","Thunderclap","Armaments"],"picked":"SKIP","floor":24},{"not_picked":["Intimidate","Thunderclap"],"picked":"Armaments","floor":24},{"not_picked":["Bloodletting","Armaments"],"picked":"Havoc","floor":25},{"not_picked":["Double Tap","Headbutt","Cleave"],"picked":"SKIP","floor":29},{"not_picked":["Double Tap","Offering"],"picked":"Juggernaut","floor":33},{"not_picked":["Dual Wield","Armaments","Thunderclap"],"picked":"SKIP","floor":35},{"not_picked":["Bandage Up","Metamorphosis"],"picked":"Discovery","floor":36},{"not_picked":["Mind Blast","HandOfGreed"],"picked":"Madness","floor":36},{"not_picked":["Finesse","Dramatic Entrance"],"picked":"Secret Technique","floor":36},{"not_picked":["Flex","Clash","Twin Strike"],"picked":"SKIP","floor":37},{"not_picked":["Anger","Thunderclap"],"picked":"Body Slam","floor":39},{"not_picked":["Anger","Carnage+1"],"picked":"Shrug It Off","floor":40},{"not_picked":["Iron Wave","Rage+1"],"picked":"Infernal Blade+1","floor":42},{"not_picked":["Havoc","Headbutt"],"picked":"Barricade","floor":47},{"not_picked":["Disarm","Heavy Blade","Cleave"],"picked":"SKIP","floor":48},{"not_picked":["Wild Strike","Heavy Blade","Thunderclap+1"],"picked":"SKIP","floor":48},{"not_picked":["Heavy Blade","Cleave"],"picked":"Disarm","floor":48},{"not_picked":["Wild Strike","Heavy Blade","Thunderclap+1"],"picked":"SKIP","floor":48},{"not_picked":["Anger","Spot Weakness"],"picked":"Ghostly Armor","floor":55}],"player_experience":3430744,"relics_obtained":[{"floor":7,"key":"Red Skull"},{"floor":9,"key":"Vajra"},{"floor":10,"key":"Whetstone"},{"floor":11,"key":"Happy Flower"},{"floor":13,"key":"Pen Nib"},{"floor":24,"key":"Potion Belt"},{"floor":26,"key":"Omamori"},{"floor":29,"key":"Gremlin Horn"},{"floor":42,"key":"Torii"},{"floor":46,"key":"Prayer Wheel"},{"floor":47,"key":"Strawberry"},{"floor":55,"key":"Kunai"}],"event_choices":[{"cards_removed":["Writhe"],"damage_healed":0,"gold_gain":0,"player_choice":"Card Removal","damage_taken":0,"max_hp_gain":0,"max_hp_loss":0,"event_name":"The Cleric","floor":2,"gold_loss":75},{"damage_healed":0,"gold_gain":0,"player_choice":"Donut","damage_taken":0,"max_hp_gain":5,"max_hp_loss":0,"event_name":"Big Fish","floor":3,"gold_loss":0},{"damage_healed":0,"gold_gain":75,"player_choice":"Gather Gold","damage_taken":11,"max_hp_gain":0,"max_hp_loss":0,"event_name":"World of Goop","floor":4,"gold_loss":0},{"damage_healed":0,"gold_gain":0,"player_choice":"Lose Max HP","damage_taken":0,"relics_obtained":["Golden Idol"],"max_hp_gain":0,"max_hp_loss":8,"event_name":"Golden Idol","floor":14,"gold_loss":0},{"damage_healed":0,"gold_gain":180,"player_choice":"GOLD GOLD ","damage_taken":21,"max_hp_gain":0,"max_hp_loss":0,"event_name":"Knowing Skull","floor":19,"potions_obtained":[],"gold_loss":0,"cards_obtained":[]},{"damage_healed":0,"gold_gain":0,"player_choice":"1 cards matched","damage_taken":0,"max_hp_gain":0,"max_hp_loss":0,"event_name":"Match and Keep!","floor":22,"gold_loss":0,"cards_obtained":["Barricade"]},{"damage_healed":0,"gold_gain":0,"player_choice":"Became a Ghost","damage_taken":0,"max_hp_gain":0,"max_hp_loss":36,"event_name":"Ghosts","floor":27,"gold_loss":0,"cards_obtained":["Ghostly","Ghostly","Ghostly"]},{"cards_removed":["Strike_R"],"damage_healed":0,"gold_gain":0,"player_choice":"Gave Gold","damage_taken":0,"max_hp_gain":0,"max_hp_loss":0,"event_name":"Beggar","floor":30,"gold_loss":75},{"damage_healed":0,"gold_gain":0,"player_choice":"Memory 3","damage_taken":10,"max_hp_gain":0,"max_hp_loss":0,"event_name":"SensoryStone","floor":36,"gold_loss":0},{"damage_healed":0,"gold_gain":0,"player_choice":"Ignored","damage_taken":0,"max_hp_gain":0,"max_hp_loss":0,"event_name":"Tomb of Lord Red Mask","floor":44,"gold_loss":0},{"damage_healed":0,"gold_gain":0,"player_choice":"Fight","damage_taken":0,"max_hp_gain":0,"max_hp_loss":0,"event_name":"MindBloom","floor":46,"gold_loss":0}],"is_beta":false,"boss_relics":[{"not_picked":["Ectoplasm","Runic Cube"],"picked":"Philosopher\u0027s Stone"},{"not_picked":["Empty Cage","White Beast Statue"],"picked":"Astrolabe"}],"items_purged_floors":[45],"is_endless":false,"potions_floor_spawned":[7,10,20,29,35,40,46,47],"ascension_level":20}