{"gold_per_floor":[111,111,186,111,122,122,156,171,171,171,191,191,253,278,278,353,353,363,363],"floor_reached":19,"playtime":439,"items_purged":[],"score":400,"play_id":"d8321971-0f1a-421d-9b17-cfa7076bf648","local_time":"20190424140507","is_ascension_mode":true,"campfire_choices":[{"data":"Bash","floor":6,"key":"SMITH"},{"data":"Limit Break","floor":15,"key":"SMITH"}],"neow_cost":"NONE","seed_source_timestamp":180986694410800,"circlet_count":0,"master_deck":["AscendersBane","Strike_R","Strike_R","Strike_R","Strike_R","Defend_R","Defend_R","Defend_R","Defend_R","Bash+1","True Grit","Inflame","Pummel","Second Wind","Pain","Evolve","Limit Break+1","Reaper","Sword Boomerang"],"relics":["Burning Blood","NeowsBlessing","Vajra","Dodecahedron","Ornamental Fan","WarpedTongs","Centennial Puzzle","Tiny Chest","Odd Mushroom","Mark of Pain"],"potions_floor_usage":[11,13,14,16,19],"damage_taken":[{"damage":0,"enemies":"2 Louse","floor":1,"turns":1},{"damage":0,"enemies":"Cultist","floor":5,"turns":1},{"damage":0,"enemies":"3 Sentries","floor":7,"turns":2},{"damage":7,"enemies":"Jaw Worm","floor":8,"turns":3},{"damage":9,"enemies":"3 Louse","floor":11,"turns":2},{"damage":23,"enemies":"Gremlin Nob","floor":13,"turns":4},{"damage":6,"enemies":"The Mushroom Lair","floor":14,"turns":3},{"damage":20,"enemies":"Hexaghost","floor":16,"turns":8},{"damage":57,"enemies":"Shell Parasite","floor":18,"turns":8},{"damage":69,"enemies":"Masked Bandits","floor":19,"turns":3}],"seed_played":"8450649025383414921","potions_obtained":[{"floor":7,"key":"FearPotion"},{"floor":8,"key":"Explosive Potion"},{"floor":11,"key":"Explosive Potion"},{"floor":13,"key":"Swift Potion"},{"floor":18,"key":"Regen Potion"}],"is_trial":false,"path_per_floor":["M","?","?","?","M","R","E","M","T","?","M","T","E","?","R","B",null,"M","?"],"character_chosen":"IRONCLAD","items_purchased":[],"campfire_rested":0,"item_purchase_floors":[],"current_hp_per_floor":[74,63,52,52,58,58,64,63,63,63,60,60,43,43,43,29,64,38,0],"gold":363,"neow_bonus":"THREE_ENEMY_KILL","is_prod":false,"is_daily":false,"chose_seed":false,"campfire_upgraded":2,"win_rate":0,"timestamp":1556082307,"path_taken":["M","?","?","?","M","R","E","M","T","?","?","?","E","?","R","BOSS","M","?"],"build_version":"2019-01-23","purchased_purges":0,"victory":false,"max_hp_per_floor":[75,75,75,75,75,75,75,75,75,75,75,75,75,75,75,75,75,75,75],"card_choices":[{"not_picked":["Sword Boomerang","Anger"],"picked":"True Grit","floor":1},{"not_picked":["Combust","Dual Wield"],"picked":"Inflame","floor":5},{"not_picked":["Wild Strike","Cleave"],"picked":"Pummel","floor":7},{"not_picked":["Sword Boomerang","Inflame"],"picked":"Second Wind","floor":8},{"not_picked":["Dual Wield","Perfected Strike"],"picked":"Evolve","floor":11},{"not_picked":["Armaments","Shrug It Off"],"picked":"Limit Break","floor":13},{"not_picked":["Double Tap","Berserk"],"picked":"Reaper","floor":16},{"not_picked":["Cleave","Hemokinesis"],"picked":"Sword Boomerang","floor":18}],"player_experience":3337114,"relics_obtained":[{"floor":7,"key":"Dodecahedron"},{"floor":9,"key":"Ornamental Fan"},{"floor":12,"key":"Centennial Puzzle"},{"floor":13,"key":"Tiny Chest"},{"floor":14,"key":"Odd Mushroom"}],"event_choices":[{"damage_healed":0,"gold_gain":0,"player_choice":"Success","damage_taken":11,"relics_obtained":["Vajra"],"max_hp_gain":0,"max_hp_loss":0,"event_name":"Scrap Ooze","floor":2,"gold_loss":0},{"damage_healed":0,"gold_gain":75,"player_choice":"Gather Gold","damage_taken":11,"max_hp_gain":0,"max_hp_loss":0,"event_name":"World of Goop","floor":3,"gold_loss":0},{"cards_removed":["Strike_R"],"damage_healed":0,"gold_gain":0,"player_choice":"Card Removal","damage_taken":0,"max_hp_gain":0,"max_hp_loss":0,"event_name":"The Cleric","floor":4,"gold_loss":75},{"damage_healed":0,"gold_gain":0,"player_choice":"Rummage","damage_taken":0,"relics_obtained":["WarpedTongs"],"max_hp_gain":0,"max_hp_loss":0,"event_name":"Accursed Blacksmith","floor":10,"gold_loss":0,"cards_obtained":["Pain"]},{"damage_healed":0,"gold_gain":0,"player_choice":"Fought Mushrooms","damage_taken":0,"max_hp_gain":0,"max_hp_loss":0,"event_name":"Mushrooms","floor":14,"gold_loss":0},{"damage_healed":0,"gold_gain":0,"player_choice":"Fought Bandits","damage_taken":0,"max_hp_gain":0,"max_hp_loss":0,"event_name":"Masked Bandits","floor":19,"gold_loss":0}],"is_beta":false,"boss_relics":[{"not_picked":["Astrolabe","Orrery"],"picked":"Mark of Pain"}],"items_purged_floors":[],"is_endless":false,"potions_floor_spawned":[7,8,11,13,18],"killed_by":"Masked Bandits","ascension_level":20}