{"gold_per_floor":[112,112,112,131,88,119,119,151,151,151,151,178,190,213,225,316,328,355,367,429,38,55,55,55,55,79,92,125,125,125,143,143,217,217,235,1234,1234,583,98,126,143,143,143,156,156,184,200,200,200,200,200,200,200,50,84,84],"floor_reached":57,"playtime":2794,"items_purged":["Strike_B","Normality","Normality","Strike_B"],"score":3009,"play_id":"d474a5f6-3f54-4b7f-a842-02c1c497f596","local_time":"20190219220536","is_ascension_mode":true,"campfire_choices":[{"data":"Sunder","floor":7.0,"key":"SMITH"},{"data":"Defragment","floor":13.0,"key":"SMITH"},{"data":"Consume","floor":15.0,"key":"SMITH"},{"floor":23.0,"key":"REST"},{"floor":25.0,"key":"REST"},{"floor":29.0,"key":"REST"},{"data":"Blizzard","floor":32.0,"key":"SMITH"},{"data":"Capacitor","floor":42.0,"key":"SMITH"},{"data":"Coolheaded","floor":45.0,"key":"SMITH"},{"floor":49,"key":"RECALL"},{"data":"Reboot","floor":53,"key":"SMITH"}],"neow_cost":"NONE","seed_source_timestamp":473593589319700,"circlet_count":0,"master_deck":["AscendersBane","Strike_B+1","Defend_B","Defend_B+1","Defend_B","Defend_B","Zap","Dualcast","Coolheaded+1","Sunder+1","Reboot+1","Defragment+1","Capacitor+1","Consume+1","Hyperbeam+1","Coolheaded","Cold Snap+1","Blizzard+1","Capacitor","Reboot","Parasite","Core Surge","Capacitor","Reboot+1","BootSequence","Capacitor","Cold Snap","Hologram+1","White Noise","Chill"],"special_seed":0,"relics":["Cracked Core","NeowsBlessing","Pantograph","Anchor","Omamori","Boot","Bag of Preparation","MawBank","Busted Crown","Runic Capacitor","Potion Belt","Whetstone","Calling Bell","Oddly Smooth Stone","Blue Candle","Dead Branch","Art of War","Cables","Juzu Bracelet","Ancient Tea Set","Mercury Hourglass","War Paint"],"potions_floor_usage":[51],"damage_taken":[{"damage":0.0,"enemies":"Jaw Worm","floor":1.0,"turns":1.0},{"damage":0.0,"enemies":"Small Slimes","floor":4.0,"turns":1.0},{"damage":0.0,"enemies":"Lagavulin","floor":6.0,"turns":1.0},{"damage":15.0,"enemies":"3 Sentries","floor":8.0,"turns":5.0},{"damage":4.0,"enemies":"Lagavulin","floor":12.0,"turns":7.0},{"damage":0.0,"enemies":"2 Louse","floor":14.0,"turns":2.0},{"damage":36.0,"enemies":"Slime Boss","floor":16.0,"turns":11.0},{"damage":13.0,"enemies":"Chosen","floor":18.0,"turns":4.0},{"damage":5.0,"enemies":"3 Byrds","floor":22.0,"turns":6.0},{"damage":21.0,"enemies":"3 Cultists","floor":27.0,"turns":4.0},{"damage":13.0,"enemies":"Book of Stabbing","floor":28.0,"turns":9.0},{"damage":20.0,"enemies":"Shelled Parasite and Fungi","floor":31.0,"turns":7.0},{"damage":0.0,"enemies":"Champ","floor":33.0,"turns":14.0},{"damage":1.0,"enemies":"Orb Walker","floor":35.0,"turns":4.0},{"damage":1.0,"enemies":"Giant Head","floor":40.0,"turns":8.0},{"damage":17.0,"enemies":"3 Darklings","floor":41.0,"turns":6.0},{"damage":7.0,"enemies":"Writhing Mass","floor":44.0,"turns":8.0},{"damage":44.0,"enemies":"Reptomancer","floor":46.0,"turns":10.0},{"damage":0.0,"enemies":"Jaw Worm Horde","floor":47.0,"turns":3.0},{"damage":0,"enemies":"Donu and Deca","floor":50,"turns":12},{"damage":43,"enemies":"Awakened One","floor":51,"turns":17},{"damage":16,"enemies":"Shield and Spear","floor":55,"turns":15},{"damage":72,"enemies":"The Heart","floor":56,"turns":12}],"seed_played":"-1564698607667333882","potions_obtained":[{"floor":6.0,"key":"Energy Potion"},{"floor":8.0,"key":"Poison Potion"},{"floor":14.0,"key":"SteroidPotion"},{"floor":27.0,"key":"FocusPotion"},{"floor":28.0,"key":"Dexterity Potion"},{"floor":31.0,"key":"Strength Potion"},{"floor":35.0,"key":"Dexterity Potion"},{"floor":47.0,"key":"Fruit Juice"}],"is_trial":false,"path_per_floor":["M","?","?","M","$","E","R","E","T","?","?","E","R","M","R","B",null,"M","?","?","$","M","R","?","R","T","M","E","R","?","M","R","B",null,"M","?","?","$","$","E","M","R","T","M","R","E","M","T","R","B","B",null,"R","$","E","B",null],"character_chosen":"DEFECT","items_purchased":["Sunder","Runic Capacitor","Coolheaded","Cold Snap","Core Surge","Capacitor","Reboot","BootSequence","Art of War","Cables","Capacitor"],"campfire_rested":3,"item_purchase_floors":[5,21,21,21,38,38,38,38,38,39,39],"current_hp_per_floor":[64,64,64,64,64,64,64,49,49,23,23,19,19,19,19,8,55,42,22,22,22,17,39,39,61,61,40,27,49,49,29,29,54,71,70,70,70,70,70,69,52,52,52,45,45,1,6,6,6,31,13,64,64,64,48,1],"gold":84,"neow_bonus":"THREE_ENEMY_KILL","is_prod":false,"is_daily":false,"chose_seed":false,"campfire_upgraded":7,"win_rate":0,"timestamp":1550581536,"path_taken":["M","?","?","M","$","E","R","E","T","?","?","E","R","?","R","BOSS","M","?","?","$","M","R","?","R","T","?","E","R","?","M","R","BOSS","M","?","?","?","$","E","M","R","T","M","R","E","M","?","R","BOSS","BOSS","R","$","E","BOSS"],"build_version":"2019-01-23","purchased_purges":4,"victory":true,"max_hp_per_floor":[71,71,71,71,71,71,71,71,71,71,71,71,71,71,71,71,71,71,76,76,76,76,76,76,76,76,76,76,76,76,76,76,76,76,76,76,76,76,76,76,76,76,76,76,76,76,81,81,81,81,81,81,81,81,81,81],"card_choices":[{"not_picked":["Steam","BootSequence"],"picked":"Coolheaded","floor":1.0},{"not_picked":["Leap","Skim","Tempest"],"picked":"SKIP","floor":4.0},{"not_picked":["Rebound","Gash"],"picked":"Reboot","floor":6.0},{"not_picked":["Turbo","Undo"],"picked":"Defragment","floor":8.0},{"not_picked":["Rip and Tear","Steam"],"picked":"Capacitor","floor":12.0},{"not_picked":["Compile Driver","Doom and Gloom"],"picked":"Consume","floor":14.0},{"not_picked":["Creative AI","Machine Learning"],"picked":"Hyperbeam","floor":16.0},{"not_picked":["Barrage"],"picked":"SKIP","floor":18.0},{"not_picked":[],"picked":"Blizzard","floor":22.0},{"not_picked":["Stack"],"picked":"SKIP","floor":27.0},{"not_picked":["Lockon"],"picked":"SKIP","floor":28.0},{"not_picked":["Turbo"],"picked":"SKIP","floor":31.0},{"not_picked":[],"picked":"Reboot","floor":33.0},{"not_picked":["FTL"],"picked":"SKIP","floor":35.0},{"not_picked":["Compile Driver+1"],"picked":"SKIP","floor":40.0},{"not_picked":[],"picked":"Cold Snap","floor":41.0},{"not_picked":[],"picked":"Hologram+1","floor":44.0},{"not_picked":["Sweeping Beam"],"picked":"SKIP","floor":46.0},{"not_picked":[],"picked":"White Noise","floor":47.0},{"not_picked":[],"picked":"Chill","floor":55}],"player_experience":1651654,"relics_obtained":[{"floor":6.0,"key":"Anchor"},{"floor":8.0,"key":"Omamori"},{"floor":9.0,"key":"Boot"},{"floor":12.0,"key":"MawBank"},{"floor":26.0,"key":"Potion Belt"},{"floor":28.0,"key":"Whetstone"},{"floor":34.0,"key":"Oddly Smooth Stone"},{"floor":34.0,"key":"Blue Candle"},{"floor":34.0,"key":"Dead Branch"},{"floor":40.0,"key":"Juzu Bracelet"},{"floor":46.0,"key":"Ancient Tea Set"},{"floor":48.0,"key":"Mercury Hourglass"},{"floor":55,"key":"War Paint"}],"event_choices":[{"damage_healed":0.0,"max_hp_gain":0.0,"max_hp_loss":0.0,"gold_gain":0.0,"event_name":"Big Fish","player_choice":"Box","floor":2.0,"gold_loss":0.0,"damage_taken":0.0,"relics_obtained":["Pantograph"],"cards_obtained":["Regret"]},{"cards_removed":["Regret"],"damage_healed":0.0,"max_hp_gain":0.0,"max_hp_loss":0.0,"gold_gain":0.0,"event_name":"Living Wall","player_choice":"Forget","floor":3.0,"gold_loss":0.0,"damage_taken":0.0},{"damage_healed":0.0,"max_hp_gain":0.0,"max_hp_loss":0.0,"gold_gain":0.0,"event_name":"Scrap Ooze","player_choice":"Success","floor":10.0,"gold_loss":0.0,"damage_taken":26.0,"relics_obtained":["Bag of Preparation"]},{"cards_removed":["Strike_B"],"damage_healed":0.0,"max_hp_gain":0.0,"max_hp_loss":0.0,"gold_gain":0.0,"event_name":"Purifier","player_choice":"Purged","floor":11.0,"gold_loss":0.0,"damage_taken":0.0},{"damage_healed":0.0,"max_hp_gain":5.0,"max_hp_loss":0.0,"gold_gain":0.0,"event_name":"Forgotten Altar","player_choice":"Shed Blood","floor":19.0,"gold_loss":0.0,"damage_taken":25.0},{"damage_healed":0.0,"max_hp_gain":0.0,"max_hp_loss":0.0,"gold_gain":50.0,"event_name":"Nest","player_choice":"Stole From Cult","floor":20.0,"gold_loss":0.0,"damage_taken":0.0},{"damage_healed":0.0,"max_hp_gain":0.0,"max_hp_loss":0.0,"gold_gain":0.0,"event_name":"Upgrade Shrine","player_choice":"Upgraded","floor":24.0,"gold_loss":0.0,"damage_taken":0.0,"cards_upgraded":["Hyperbeam"]},{"damage_healed":0.0,"max_hp_gain":0.0,"max_hp_loss":0.0,"gold_gain":0.0,"event_name":"The Library","player_choice":"Read","floor":30.0,"gold_loss":0.0,"damage_taken":0.0,"cards_obtained":["Capacitor"]},{"damage_healed":0.0,"max_hp_gain":0.0,"max_hp_loss":0.0,"gold_gain":999.0,"event_name":"MindBloom","player_choice":"Gold","floor":36.0,"gold_loss":0.0,"damage_taken":0.0,"cards_obtained":["Normality","Normality"]},{"damage_healed":0.0,"max_hp_gain":0.0,"max_hp_loss":0.0,"gold_gain":0.0,"event_name":"Mysterious Sphere","player_choice":"Ignored","floor":37.0,"gold_loss":0.0,"damage_taken":0.0}],"is_beta":false,"boss_relics":[{"not_picked":["Astrolabe","Empty Cage"],"picked":"Busted Crown"},{"not_picked":["Coffee Dripper","Fusion Hammer"],"picked":"Calling Bell"}],"items_purged_floors":[21,38,39,54],"is_endless":false,"potions_floor_spawned":[6,8,14,27,28,31,35,40,47],"ascension_level":20}