{"gold_per_floor":[109,139,156,78,93,119,119,119,144,144,109,259,41,60,60,138,138,149,166,166],"floor_reached":20,"playtime":815,"items_purged":["Doubt"],"score":335,"play_id":"504f2337-26b5-4bb2-997a-935b8c8a2c0e","local_time":"20190420112311","is_ascension_mode":true,"campfire_choices":[{"floor":7,"key":"REST"},{"floor":10,"key":"REST"},{"data":"Static Discharge","floor":15,"key":"SMITH"}],"neow_cost":"NONE","seed_source_timestamp":755209134636883,"circlet_count":0,"master_deck":["AscendersBane","Strike_B","Strike_B","Strike_B","Strike_B","Defend_B","Defend_B","Defend_B","Defend_B","Zap","Dualcast","Force Field","Storm+1","Chaos","Self Repair","Static Discharge+1","Melter","Fission","Redo","Stack"],"relics":["Cracked Core","Blood Vial","Tiny Chest","Juzu Bracelet","Smiling Mask","Nuclear Battery"],"potions_floor_usage":[6,20],"damage_taken":[{"damage":2,"enemies":"Jaw Worm","floor":1,"turns":4},{"damage":6,"enemies":"Cultist","floor":3,"turns":3},{"damage":2,"enemies":"2 Louse","floor":5,"turns":3},{"damage":55,"enemies":"Lagavulin","floor":6,"turns":9},{"damage":6,"enemies":"Exordium Thugs","floor":14,"turns":4},{"damage":65,"enemies":"Hexaghost","floor":16,"turns":10},{"damage":6,"enemies":"3 Byrds","floor":18,"turns":1},{"damage":24,"enemies":"Chosen","floor":19,"turns":5},{"damage":44,"enemies":"Shelled Parasite and Fungi","floor":20,"turns":6}],"seed_played":"249545242376527164","potions_obtained":[{"floor":5,"key":"Regen Potion"},{"floor":14,"key":"Explosive Potion"}],"is_trial":false,"path_per_floor":["M","?","M","$","M","E","R","?","T","R","?","?","$","M","R","B",null,"M","M","M"],"character_chosen":"DEFECT","items_purchased":["Storm","Static Discharge","Melter"],"campfire_rested":2,"item_purchase_floors":[4,13,13],"current_hp_per_floor":[64,64,60,60,60,19,40,40,40,61,71,71,71,71,71,13,57,53,38,0],"gold":166,"neow_bonus":"RANDOM_COMMON_RELIC","is_prod":false,"is_daily":false,"chose_seed":false,"campfire_upgraded":1,"win_rate":0,"timestamp":1555748591,"path_taken":["M","?","?","$","M","E","R","?","T","R","?","?","$","M","R","BOSS","M","M","M"],"build_version":"2019-01-23","purchased_purges":1,"victory":false,"max_hp_per_floor":[71,71,71,71,71,71,71,71,71,71,71,71,71,71,71,71,71,71,71,71],"card_choices":[{"not_picked":["Turbo","Undo"],"picked":"Sweeping Beam","floor":1},{"not_picked":["Steam Power","Gash"],"picked":"Force Field","floor":3},{"not_picked":["Gash","Aggregate"],"picked":"Chaos","floor":5},{"not_picked":["Conserve Battery","Go for the Eyes"],"picked":"Self Repair","floor":6},{"not_picked":["Gash","Hologram","Multi-Cast"],"picked":"SKIP","floor":14},{"not_picked":["Multi-Cast","Machine Learning"],"picked":"Fission","floor":16},{"not_picked":["Coolheaded","Rebound+1"],"picked":"Redo","floor":18},{"not_picked":["Turbo","Hologram"],"picked":"Stack","floor":19}],"player_experience":1217182,"relics_obtained":[{"floor":6,"key":"Juzu Bracelet"},{"floor":9,"key":"Smiling Mask"}],"event_choices":[{"cards_removed":["Sweeping Beam"],"damage_healed":0,"gold_gain":0,"player_choice":"Gave Card","damage_taken":0,"relics_obtained":["Tiny Chest"],"max_hp_gain":0,"max_hp_loss":0,"event_name":"WeMeetAgain","floor":2,"gold_loss":0},{"damage_healed":0,"gold_gain":0,"player_choice":"Grow","damage_taken":0,"max_hp_gain":0,"max_hp_loss":0,"event_name":"Living Wall","floor":8,"gold_loss":0,"cards_upgraded":["Storm"]},{"damage_healed":17,"gold_gain":0,"player_choice":"Healed","damage_taken":0,"max_hp_gain":0,"max_hp_loss":0,"event_name":"The Cleric","floor":11,"gold_loss":35},{"damage_healed":0,"gold_gain":150,"player_choice":"AGREE","damage_taken":0,"max_hp_gain":0,"max_hp_loss":0,"event_name":"Liars Game","floor":12,"gold_loss":0,"cards_obtained":["Doubt"]}],"is_beta":false,"boss_relics":[{"not_picked":["Pandora\u0027s Box","Empty Cage"],"picked":"Nuclear Battery"}],"items_purged_floors":[13],"is_endless":false,"potions_floor_spawned":[5,14],"killed_by":"Shelled Parasite and Fungi","ascension_level":19}