{"gold_per_floor":[115,126,126,137,201,201,232,232,255,275,275,292,80,5,5,79,79,91,101,151,166,216,216,216],"floor_reached":24,"playtime":855,"items_purged":["Strike_R"],"score":392,"play_id":"e84611fc-b676-43d2-a089-1488f2e13aed","local_time":"20190323161036","is_ascension_mode":true,"campfire_choices":[{"data":"Armaments","floor":6,"key":"SMITH"},{"floor":8,"key":"REST"},{"data":"Offering","floor":11,"key":"SMITH"},{"data":"Body Slam","floor":15,"key":"SMITH"},{"floor":23,"key":"REST"}],"neow_cost":"TEN_PERCENT_HP_LOSS","seed_source_timestamp":336335750609000,"circlet_count":0,"master_deck":["AscendersBane","Defend_R","Defend_R","Defend_R","Defend_R","Bash","Armaments+1","Body Slam+1","Offering+1","Shrug It Off","Barricade","Heavy Blade+1","Reckless Charge+1","Rampage+1","Seeing Red+1"],"relics":["Burning Blood","FossilizedHelix","SsserpentHead","Juzu Bracelet","Blood Vial","Toxic Egg 2","Astrolabe"],"potions_floor_usage":[7,16,21,24,24],"damage_taken":[{"damage":0,"enemies":"2 Louse","floor":1,"turns":3},{"damage":1,"enemies":"Cultist","floor":2,"turns":4},{"damage":0,"enemies":"Jaw Worm","floor":4,"turns":4},{"damage":25,"enemies":"Exordium Thugs","floor":5,"turns":7},{"damage":60,"enemies":"Lagavulin","floor":7,"turns":11},{"damage":0,"enemies":"Red Slaver","floor":10,"turns":3},{"damage":0,"enemies":"2 Fungi Beasts","floor":12,"turns":3},{"damage":30,"enemies":"Slime Boss","floor":16,"turns":14},{"damage":6,"enemies":"2 Thieves","floor":18,"turns":5},{"damage":23,"enemies":"Spheric Guardian","floor":21,"turns":5},{"damage":46,"enemies":"Slavers","floor":24,"turns":6}],"seed_played":"-4648216436540947142","potions_obtained":[{"floor":5,"key":"Regen Potion"},{"floor":10,"key":"Poison Potion"},{"floor":19,"key":"Dexterity Potion"},{"floor":19,"key":"Explosive Potion"},{"floor":21,"key":"Fire Potion"}],"is_trial":false,"path_per_floor":["M","M","?","M","M","R","E","R","T","M","R","M","$","$","R","B",null,"M","?","?","M","?","R","E"],"character_chosen":"IRONCLAD","items_purchased":["Toxic Egg 2"],"campfire_rested":2,"item_purchase_floors":[13],"current_hp_per_floor":[68,68,68,68,49,49,10,30,30,38,38,46,46,46,46,24,57,59,59,40,25,25,46,2],"gold":216,"neow_bonus":"ONE_RARE_RELIC","is_prod":false,"is_daily":false,"chose_seed":false,"campfire_upgraded":3,"win_rate":0,"timestamp":1553325036,"path_taken":["M","M","?","M","?","R","E","R","T","M","R","M","?","$","R","BOSS","M","?","?","M","?","R","E"],"build_version":"2019-01-23","purchased_purges":1,"victory":false,"max_hp_per_floor":[68,68,68,68,68,68,68,68,68,68,68,68,68,68,68,68,68,68,68,73,73,73,73,73],"card_choices":[{"not_picked":["Headbutt","Flex"],"picked":"Armaments","floor":1},{"not_picked":["Heavy Blade","Rage"],"picked":"Body Slam","floor":2},{"not_picked":["Cleave","Sword Boomerang","Perfected Strike"],"picked":"SKIP","floor":4},{"not_picked":["Headbutt","Dropkick","Anger"],"picked":"SKIP","floor":5},{"not_picked":["Intimidate","Blood for Blood"],"picked":"Offering","floor":7},{"not_picked":["Wild Strike","Metallicize"],"picked":"Shrug It Off","floor":10},{"not_picked":["Anger","Iron Wave","Body Slam"],"picked":"SKIP","floor":12},{"not_picked":["Brutality","Bludgeon"],"picked":"Barricade","floor":16},{"not_picked":["Pummel","Thunderclap","Sword Boomerang"],"picked":"SKIP","floor":18},{"not_picked":["Twin Strike","Warcry+1"],"picked":"Seeing Red+1","floor":21}],"player_experience":2505410,"relics_obtained":[{"floor":7,"key":"Juzu Bracelet"},{"floor":9,"key":"Blood Vial"}],"event_choices":[{"damage_healed":0,"gold_gain":0,"player_choice":"Trade","damage_taken":0,"relics_obtained":["SsserpentHead"],"max_hp_gain":0,"max_hp_loss":0,"event_name":"FaceTrader","floor":3,"gold_loss":0},{"damage_healed":0,"gold_gain":0,"player_choice":"Bought 3 Potions","damage_taken":0,"max_hp_gain":0,"max_hp_loss":0,"event_name":"The Woman in Blue","floor":19,"gold_loss":0},{"damage_healed":0,"gold_gain":0,"player_choice":"Shed Blood","damage_taken":24,"max_hp_gain":5,"max_hp_loss":0,"event_name":"Forgotten Altar","floor":20,"gold_loss":0},{"cards_removed":["Strike_R"],"damage_healed":0,"gold_gain":0,"player_choice":"Purged","damage_taken":0,"max_hp_gain":0,"max_hp_loss":0,"event_name":"Purifier","floor":22,"gold_loss":0}],"is_beta":false,"boss_relics":[{"not_picked":["Calling Bell","Empty Cage"],"picked":"Astrolabe"}],"items_purged_floors":[14],"is_endless":false,"potions_floor_spawned":[5,10,21],"killed_by":"Slavers","ascension_level":20}