{"gold_per_floor":[109,120,120,131,145,145,170,170,170,170,95,95,42,76,76,76],"floor_reached":16,"playtime":503,"items_purged":[],"score":216,"play_id":"44610a64-c42e-4cbc-84ad-ab500e438f3c","local_time":"20190316122743","is_ascension_mode":true,"campfire_choices":[{"data":"Bash","floor":6,"key":"SMITH"},{"floor":10,"key":"REST"},{"data":"Battle Trance","floor":12,"key":"SMITH"},{"data":"Body Slam","floor":15,"key":"SMITH"}],"neow_cost":"NONE","seed_source_timestamp":181188713957000,"circlet_count":0,"master_deck":["AscendersBane","Strike_R","Strike_R","Strike_R","Defend_R","Defend_R+1","Defend_R","Defend_R","Bash+1","Flame Barrier+1","Battle Trance+1","Body Slam+1","Blood for Blood"],"relics":["Burning Blood","Regal Pillow","Letter Opener","Matryoshka","PreservedInsect"],"potions_floor_usage":[7,7],"damage_taken":[{"damage":14,"enemies":"Jaw Worm","floor":1,"turns":4},{"damage":1,"enemies":"2 Louse","floor":2,"turns":3},{"damage":1,"enemies":"Cultist","floor":4,"turns":5},{"damage":9,"enemies":"Exordium Thugs","floor":5,"turns":9},{"damage":42,"enemies":"Lagavulin","floor":7,"turns":7},{"damage":21,"enemies":"3 Sentries","floor":14,"turns":11},{"damage":30,"enemies":"Hexaghost","floor":16,"turns":7}],"seed_played":"1458366505966649338","potions_obtained":[{"floor":1,"key":"LiquidBronze"},{"floor":4,"key":"LiquidBronze"}],"is_trial":false,"path_per_floor":["M","M","?","M","M","R","E","?","T","R","?","R","$","E","R","B"],"character_chosen":"IRONCLAD","items_purchased":["Body Slam"],"campfire_rested":1,"item_purchase_floors":[13],"current_hp_per_floor":[60,65,42,47,44,44,8,8,8,45,45,45,45,30,30,0],"gold":76,"neow_bonus":"RANDOM_COMMON_RELIC","is_prod":false,"is_daily":false,"chose_seed":false,"campfire_upgraded":3,"win_rate":0,"timestamp":1552706863,"path_taken":["M","M","?","M","M","R","E","?","T","R","?","R","$","E","R","BOSS"],"build_version":"2019-01-23","purchased_purges":0,"victory":false,"max_hp_per_floor":[75,75,75,75,75,75,75,75,75,75,75,75,75,75,75,75],"card_choices":[{"not_picked":["Dual Wield","Heavy Blade"],"picked":"Flame Barrier","floor":1},{"not_picked":["Perfected Strike","Cleave","Warcry"],"picked":"SKIP","floor":2},{"not_picked":["Cleave","Ghostly Armor"],"picked":"Battle Trance","floor":4},{"not_picked":["Uppercut","Rage","Wild Strike"],"picked":"SKIP","floor":5},{"not_picked":["Wild Strike","Uppercut","Pommel Strike"],"picked":"SKIP","floor":7},{"not_picked":["Sever Soul","Body Slam"],"picked":"Blood for Blood","floor":14}],"player_experience":2300226,"relics_obtained":[{"floor":7,"key":"Letter Opener"},{"floor":9,"key":"Matryoshka"},{"floor":14,"key":"PreservedInsect"}],"event_choices":[{"damage_healed":0,"gold_gain":0,"player_choice":"Entered Light","damage_taken":23,"max_hp_gain":0,"max_hp_loss":0,"event_name":"Shining Light","floor":3,"gold_loss":0,"cards_upgraded":["Defend_R","Flame Barrier"]},{"cards_removed":["Strike_R"],"damage_healed":0,"gold_gain":0,"player_choice":"Forget","damage_taken":0,"max_hp_gain":0,"max_hp_loss":0,"event_name":"Living Wall","floor":8,"gold_loss":0},{"cards_removed":["Strike_R"],"damage_healed":0,"gold_gain":0,"player_choice":"Card Removal","damage_taken":0,"max_hp_gain":0,"max_hp_loss":0,"event_name":"The Cleric","floor":11,"gold_loss":75}],"is_beta":false,"boss_relics":[],"items_purged_floors":[],"is_endless":false,"potions_floor_spawned":[1,4],"killed_by":"Hexaghost","ascension_level":20}