{"gold_per_floor":[118,118,118,31,43,43,77,97,151,151,181,196,213,227,227,306,306,317,332,332,342,63,93,103,138,209,209,209,229,256,268,268,345,345,355,355,103,121,133,166,166,201,201,221,321,321,345,371,371,371,371,371,371,101,127,127],"floor_reached":57,"playtime":2069,"items_purged":["Regret","Strike_R","Strike_R","Strike_R"],"score":3624,"play_id":"75944fb2-0e13-4a9e-835b-995f935618e5","local_time":"20190408202826","is_ascension_mode":true,"campfire_choices":[{"data":"Bash","floor":6,"key":"SMITH"},{"data":"Barricade","floor":15,"key":"SMITH"},{"data":"Body Slam","floor":28,"key":"SMITH"},{"floor":32,"key":"RECALL"},{"data":"Defend_R","floor":41,"key":"SMITH"},{"data":"Defend_R","floor":46,"key":"SMITH"},{"data":"Defend_R","floor":49,"key":"SMITH"},{"data":"Headbutt","floor":53,"key":"SMITH"}],"neow_cost":"NONE","seed_source_timestamp":151359301134100,"circlet_count":0,"master_deck":["AscendersBane","Defend_R+1","Defend_R","Defend_R+1","Defend_R+1","Bash+1","Disarm+1","Shrug It Off+1","Headbutt+1","Disarm+1","Entrench+1","Barricade+1","Shrug It Off+1","Impervious+1","Body Slam+1","Seeing Red+1","Battle Trance+1","Power Through+1","True Grit+1","Burning Pact+1","Master of Strategy+1","Evolve+1","Entrench+1"],"relics":["Burning Blood","NeowsBlessing","Smiling Mask","Toxic Egg 2","Gambling Chip","Regal Pillow","Mercury Hourglass","Velvet Choker","Medical Kit","Dodecahedron","Anchor","FossilizedHelix","Coffee Dripper","Turnip","Thread and Needle","Bottled Tornado","Ice Cream","Boot","Juzu Bracelet","ClockworkSouvenir","Strawberry"],"potions_floor_usage":[14,21,23,23,56,56],"damage_taken":[{"damage":0,"enemies":"Cultist","floor":1,"turns":1},{"damage":0,"enemies":"2 Louse","floor":5,"turns":2},{"damage":0,"enemies":"Lagavulin","floor":7,"turns":1},{"damage":1,"enemies":"Small Slimes","floor":8,"turns":4},{"damage":36,"enemies":"3 Sentries","floor":11,"turns":15},{"damage":6,"enemies":"2 Fungi Beasts","floor":12,"turns":3},{"damage":3,"enemies":"Looter","floor":13,"turns":4},{"damage":18,"enemies":"Gremlin Gang","floor":14,"turns":4},{"damage":0,"enemies":"Hexaghost","floor":16,"turns":23},{"damage":4,"enemies":"Shell Parasite","floor":18,"turns":8},{"damage":0,"enemies":"3 Byrds","floor":19,"turns":6},{"damage":0,"enemies":"3 Cultists","floor":21,"turns":7},{"damage":0,"enemies":"Slavers","floor":23,"turns":9},{"damage":0,"enemies":"Centurion and Healer","floor":24,"turns":5},{"damage":0,"enemies":"Book of Stabbing","floor":25,"turns":5},{"damage":0,"enemies":"Snecko","floor":29,"turns":7},{"damage":0,"enemies":"Gremlin Leader","floor":30,"turns":6},{"damage":0,"enemies":"Snake Plant","floor":31,"turns":1},{"damage":0,"enemies":"Collector","floor":33,"turns":6},{"damage":0,"enemies":"3 Shapes","floor":35,"turns":7},{"damage":0,"enemies":"Orb Walker","floor":38,"turns":4},{"damage":0,"enemies":"Maw","floor":39,"turns":5},{"damage":0,"enemies":"Nemesis","floor":40,"turns":5},{"damage":0,"enemies":"Giant Head","floor":42,"turns":4},{"damage":0,"enemies":"Spire Growth","floor":44,"turns":3},{"damage":0,"enemies":"Mind Bloom Boss Battle","floor":45,"turns":4},{"damage":0,"enemies":"Nemesis","floor":48,"turns":5},{"damage":0,"enemies":"Awakened One","floor":50,"turns":6},{"damage":0,"enemies":"Donu and Deca","floor":51,"turns":5},{"damage":0,"enemies":"Shield and Spear","floor":55,"turns":4},{"damage":0,"enemies":"The Heart","floor":56,"turns":7}],"seed_played":"-6304292901397657203","potions_obtained":[{"floor":5,"key":"GamblersBrew"},{"floor":7,"key":"Swift Potion"},{"floor":16,"key":"Block Potion"},{"floor":19,"key":"Swift Potion"},{"floor":21,"key":"Block Potion"},{"floor":29,"key":"Fire Potion"},{"floor":35,"key":"LiquidBronze"},{"floor":48,"key":"SkillPotion"}],"is_trial":false,"path_per_floor":["M","?","?","$","M","R","E","M","T","?","E","M","M","M","R","B",null,"M","M","?","M","$","E","M","E","T","?","R","M","E","M","R","B",null,"M","?","$","M","M","E","R","E","T","M","?","R","T","E","R","B","B",null,"R","$","E","B",null],"character_chosen":"IRONCLAD","items_purchased":["Disarm+1","Medical Kit","Master of Strategy+1","ClockworkSouvenir"],"campfire_rested":0,"item_purchase_floors":[4,22,37,54],"current_hp_per_floor":[74,74,69,69,75,75,75,75,75,75,45,45,48,36,36,42,67,69,75,85,85,85,85,85,85,85,85,85,85,85,85,85,85,85,85,85,85,85,85,85,85,85,85,85,85,85,85,85,85,85,85,85,85,85,92,92],"gold":127,"neow_bonus":"THREE_ENEMY_KILL","is_prod":false,"is_daily":false,"chose_seed":false,"campfire_upgraded":7,"win_rate":0,"timestamp":1554722906,"path_taken":["M","?","?","$","M","R","E","M","T","?","E","?","M","M","R","BOSS","M","M","?","M","$","E","?","E","T","?","R","M","E","M","R","BOSS","M","?","$","M","?","E","R","E","T","M","?","R","?","E","R","BOSS","BOSS","R","$","E","BOSS"],"build_version":"2019-01-23","purchased_purges":4,"victory":true,"max_hp_per_floor":[75,75,75,75,75,75,75,75,75,75,75,75,75,75,75,75,75,75,75,85,85,85,85,85,85,85,85,85,85,85,85,85,85,85,85,85,85,85,85,85,85,85,85,85,85,85,85,85,85,85,85,85,85,85,92,92],"card_choices":[{"not_picked":["Heavy Blade","Perfected Strike","Sword Boomerang"],"picked":"SKIP","floor":1},{"not_picked":["Sentinel+1","Thunderclap","Uppercut"],"picked":"SKIP","floor":5},{"not_picked":["Cleave","Blood for Blood"],"picked":"Limit Break+1","floor":7},{"not_picked":["Seeing Red+1","Rage+1"],"picked":"Shrug It Off+1","floor":8},{"not_picked":["Rage+1","Flex+1"],"picked":"Disarm+1","floor":11},{"not_picked":["Metallicize","Pommel Strike"],"picked":"Entrench+1","floor":12},{"not_picked":["Intimidate+1","Clash"],"picked":"Barricade","floor":13},{"not_picked":["Headbutt","Warcry+1"],"picked":"Shrug It Off+1","floor":14},{"not_picked":["Double Tap+1","Immolate"],"picked":"Impervious+1","floor":16},{"not_picked":["Bloodletting+1","Cleave"],"picked":"Body Slam","floor":18},{"not_picked":["Body Slam","Shrug It Off+1"],"picked":"Seeing Red+1","floor":19},{"not_picked":["Anger","Pommel Strike+1","Sword Boomerang"],"picked":"SKIP","floor":21},{"not_picked":["Pommel Strike","Havoc+1","Sentinel+1"],"picked":"SKIP","floor":23},{"not_picked":["Pommel Strike","Havoc+1","Sentinel+1"],"picked":"SKIP","floor":23},{"not_picked":["Warcry+1","Brutality"],"picked":"Battle Trance+1","floor":24},{"not_picked":["Ghostly Armor+1","Clothesline"],"picked":"Power Through+1","floor":25},{"not_picked":["Havoc+1","Anger"],"picked":"True Grit+1","floor":29},{"not_picked":["Havoc+1","Flex+1","Clash"],"picked":"SKIP","floor":30},{"not_picked":["Cleave","Pummel"],"picked":"Burning Pact+1","floor":31},{"not_picked":["Perfected Strike","Flex+1","Warcry+1"],"picked":"SKIP","floor":35},{"not_picked":["Iron Wave","Heavy Blade+1","Ghostly Armor+1"],"picked":"SKIP","floor":38},{"not_picked":["Havoc+1","Limit Break+1","Sentinel+1"],"picked":"SKIP","floor":39},{"not_picked":["Iron Wave","Warcry+1","Rampage"],"picked":"SKIP","floor":40},{"not_picked":["Warcry+1","Armaments+1","Anger"],"picked":"SKIP","floor":42},{"not_picked":["Body Slam","Sword Boomerang"],"picked":"Evolve+1","floor":44},{"not_picked":["Berserk","Feel No Pain"],"picked":"Entrench+1","floor":48},{"not_picked":["Evolve","Shrug It Off+1","Uppercut"],"picked":"SKIP","floor":55}],"player_experience":2987256,"relics_obtained":[{"floor":7,"key":"Gambling Chip"},{"floor":9,"key":"Regal Pillow"},{"floor":11,"key":"Mercury Hourglass"},{"floor":23,"key":"Dodecahedron"},{"floor":25,"key":"Anchor"},{"floor":30,"key":"FossilizedHelix"},{"floor":40,"key":"Turnip"},{"floor":42,"key":"Thread and Needle"},{"floor":43,"key":"Bottled Tornado"},{"floor":45,"key":"Ice Cream"},{"floor":47,"key":"Boot"},{"floor":48,"key":"Juzu Bracelet"},{"floor":55,"key":"Strawberry"}],"event_choices":[{"damage_healed":0,"gold_gain":0,"player_choice":"Box","damage_taken":0,"relics_obtained":["Smiling Mask"],"max_hp_gain":0,"max_hp_loss":0,"event_name":"Big Fish","floor":2,"gold_loss":0,"cards_obtained":["Regret"]},{"damage_healed":0,"gold_gain":0,"player_choice":"Success","damage_taken":5,"relics_obtained":["Toxic Egg 2"],"max_hp_gain":0,"max_hp_loss":0,"event_name":"Scrap Ooze","floor":3,"gold_loss":0},{"damage_healed":0,"gold_gain":0,"cards_transformed":["Strike_R"],"player_choice":"Transformed","damage_taken":0,"max_hp_gain":0,"max_hp_loss":0,"event_name":"Transmorgrifier","floor":10,"gold_loss":0,"cards_obtained":["Headbutt"]},{"cards_removed":["Limit Break"],"damage_healed":0,"gold_gain":0,"player_choice":"Offered Rare","damage_taken":0,"max_hp_gain":10,"max_hp_loss":0,"event_name":"Bonfire Elementals","floor":20,"gold_loss":0},{"cards_removed":["Strike_R"],"damage_healed":0,"gold_gain":0,"player_choice":"Elegance","damage_taken":0,"max_hp_gain":0,"max_hp_loss":0,"event_name":"Back to Basics","floor":27,"gold_loss":0},{"damage_healed":0,"gold_gain":0,"player_choice":"0 cards matched","damage_taken":0,"max_hp_gain":0,"max_hp_loss":0,"event_name":"Match and Keep!","floor":36,"gold_loss":0,"cards_obtained":[]},{"damage_healed":0,"gold_gain":0,"player_choice":"Fight","damage_taken":0,"max_hp_gain":0,"max_hp_loss":0,"event_name":"MindBloom","floor":45,"gold_loss":0}],"is_beta":false,"boss_relics":[{"not_picked":["Black Blood","Runic Pyramid"],"picked":"Velvet Choker"},{"not_picked":["Fusion Hammer","Lizard Tail"],"picked":"Coffee Dripper"}],"items_purged_floors":[4,22,37,54],"is_endless":false,"potions_floor_spawned":[5,7,11,13,16,19,21,29,35,44,45,48],"ascension_level":20}