{"gold_per_floor":[113,113,125,50,60,60,60,76,125,125,145,175,185,22,22,101,101,119,119,129,129,143,171,171,181,207,207,236,236,236,16,16,90,90,100,114,130,38,0,0,25,37,37,65,81,81,81,81,81,81,81,81,81,25,52,52],"floor_reached":57,"playtime":2120,"items_purged":["Strike_R","Strike_R","Heavy Blade"],"score":3200,"play_id":"7031fb0b-68f2-4a89-8ad3-5ed721c3e709","local_time":"20190311203839","is_ascension_mode":true,"campfire_choices":[{"data":"Bash","floor":6.0,"key":"SMITH"},{"data":"Impervious","floor":10.0,"key":"SMITH"},{"data":"Whirlwind","floor":15.0,"key":"SMITH"},{"floor":24.0,"key":"REST"},{"data":"True Grit","floor":27.0,"key":"SMITH"},{"data":"Shockwave","floor":29.0,"key":"SMITH"},{"floor":32.0,"key":"REST"},{"floor":40.0,"key":"RECALL"},{"floor":49,"key":"REST"},{"floor":53,"key":"REST"}],"neow_cost":"NONE","seed_source_timestamp":208518492492000,"circlet_count":0,"master_deck":["AscendersBane","Defend_R","Defend_R","Defend_R","Defend_R","Corruption","Impervious+1","Sentinel","Spot Weakness","Whirlwind+1","Entrench","Barricade","Body Slam+1","Warcry+1","Entrench","True Grit+1","Power Through","Shockwave+1","Impervious","Entrench","Offering","Ghostly Armor","Burning Pact","Corruption","Exhume","Shrug It Off","Disarm"],"special_seed":0,"relics":["Snecko Eye","Art of War","Happy Flower","Black Star","Red Skull","Smiling Mask","Bronze Scales","Anchor","Juzu Bracelet","Lantern","Fusion Hammer","Red Mask","Whetstone","Blue Candle","Mercury Hourglass","Molten Egg 2","Vajra","Bag of Marbles"],"potions_floor_usage":[50,56,56],"damage_taken":[{"damage":0.0,"enemies":"2 Louse","floor":1.0,"turns":3.0},{"damage":7.0,"enemies":"Small Slimes","floor":3.0,"turns":2.0},{"damage":2.0,"enemies":"Jaw Worm","floor":5.0,"turns":2.0},{"damage":6.0,"enemies":"Looter","floor":8.0,"turns":3.0},{"damage":4.0,"enemies":"Red Slaver","floor":11.0,"turns":3.0},{"damage":20.0,"enemies":"3 Sentries","floor":12.0,"turns":7.0},{"damage":3.0,"enemies":"Blue Slaver","floor":13.0,"turns":3.0},{"damage":1.0,"enemies":"The Guardian","floor":16.0,"turns":6.0},{"damage":0.0,"enemies":"Chosen","floor":18.0,"turns":4.0},{"damage":0.0,"enemies":"2 Thieves","floor":20.0,"turns":3.0},{"damage":0.0,"enemies":"Centurion and Healer","floor":22.0,"turns":3.0},{"damage":18.0,"enemies":"Book of Stabbing","floor":23.0,"turns":3.0},{"damage":0.0,"enemies":"Snake Plant","floor":25.0,"turns":3.0},{"damage":14.0,"enemies":"Slavers","floor":28.0,"turns":5.0},{"damage":0.0,"enemies":"Collector","floor":33.0,"turns":5.0},{"damage":0.0,"enemies":"Orb Walker","floor":35.0,"turns":4.0},{"damage":6.0,"enemies":"3 Darklings","floor":36.0,"turns":4.0},{"damage":0.0,"enemies":"Transient","floor":37.0,"turns":6.0},{"damage":23.0,"enemies":"Reptomancer","floor":41.0,"turns":4.0},{"damage":0,"enemies":"Spire Growth","floor":42,"turns":4},{"damage":6,"enemies":"Nemesis","floor":44,"turns":5},{"damage":0,"enemies":"Writhing Mass","floor":45,"turns":4},{"damage":6,"enemies":"Donu and Deca","floor":50,"turns":5},{"damage":6,"enemies":"Awakened One","floor":51,"turns":5},{"damage":0,"enemies":"Shield and Spear","floor":55,"turns":5},{"damage":6,"enemies":"The Heart","floor":56,"turns":7}],"seed_played":"3626399893059354993","potions_obtained":[{"floor":1.0,"key":"Block Potion"},{"floor":5.0,"key":"Strength Potion"},{"floor":12.0,"key":"Swift Potion"},{"floor":13.0,"key":"PowerPotion"},{"floor":25.0,"key":"Dexterity Potion"},{"floor":28.0,"key":"Weak Potion"},{"floor":37.0,"key":"PowerPotion"},{"floor":42,"key":"Swift Potion"}],"is_trial":false,"path_per_floor":["M","?","M","?","M","R","$","M","T","R","M","E","M","$","R","B",null,"M","?","M","?","M","E","R","M","T","R","E","R","T","$","R","B",null,"M","M","M","$","?","R","E","M","T","E","M","?","?","?","R","B","B",null,"R","$","E","B",null],"character_chosen":"IRONCLAD","items_purchased":["Entrench","Impervious","Entrench","Corruption","Block Potion"],"campfire_rested":4,"item_purchase_floors":[14,31,31,38,54],"current_hp_per_floor":[68,68,61,61,59,59,59,53,53,53,49,29,26,26,26,25,63,63,63,63,42,42,24,48,48,48,48,34,34,34,34,58,58,75,75,69,69,69,69,69,46,46,46,40,40,40,40,40,64,58,52,73,80,80,80,74],"gold":52,"neow_bonus":"BOSS_RELIC","is_prod":false,"is_daily":false,"chose_seed":false,"campfire_upgraded":5,"win_rate":0,"timestamp":1552304319,"path_taken":["M","?","M","?","M","R","$","M","T","R","M","E","M","?","R","BOSS","M","?","?","?","M","E","R","M","T","R","E","R","?","?","R","BOSS","M","M","M","$","?","R","E","M","T","E","M","?","?","?","R","BOSS","BOSS","R","$","E","BOSS"],"build_version":"2019-01-23","purchased_purges":3,"victory":true,"max_hp_per_floor":[75,75,75,75,75,75,75,75,75,75,75,75,75,75,75,75,75,75,75,75,80,80,80,80,80,80,80,80,80,80,80,80,80,80,80,80,80,80,80,80,80,80,80,80,80,80,80,80,80,80,80,80,80,80,80,80],"card_choices":[{"not_picked":["Pummel","Armaments"],"picked":"Heavy Blade","floor":1.0},{"not_picked":["Pummel","Heavy Blade","Flex"],"picked":"SKIP","floor":3.0},{"not_picked":["Body Slam","Thunderclap","Heavy Blade"],"picked":"SKIP","floor":5.0},{"not_picked":["Clash","Sentinel"],"picked":"Impervious","floor":8.0},{"not_picked":["Iron Wave","Metallicize"],"picked":"Sentinel","floor":11.0},{"not_picked":["Iron Wave","Body Slam"],"picked":"Spot Weakness","floor":12.0},{"not_picked":["Iron Wave","True Grit"],"picked":"Whirlwind","floor":13.0},{"not_picked":["Brutality","Bludgeon"],"picked":"Barricade","floor":16.0},{"not_picked":["Sword Boomerang","True Grit"],"picked":"Body Slam","floor":18.0},{"not_picked":["Sword Boomerang","Second Wind"],"picked":"Warcry+1","floor":20.0},{"not_picked":["Clash","Pommel Strike"],"picked":"Entrench","floor":22.0},{"not_picked":["Flex","Heavy Blade"],"picked":"True Grit","floor":23.0},{"not_picked":["Dropkick","Intimidate"],"picked":"Power Through","floor":25.0},{"not_picked":["Battle Trance","Sentinel"],"picked":"Shockwave","floor":28.0},{"not_picked":["Bludgeon","Dark Embrace"],"picked":"Offering","floor":33.0},{"not_picked":["Ghostly Armor","Pommel Strike+1","Searing Blow+1"],"picked":"SKIP","floor":35.0},{"not_picked":["Pommel Strike+1","Searing Blow+1"],"picked":"Ghostly Armor","floor":35.0},{"not_picked":["Spot Weakness","Shockwave"],"picked":"Burning Pact","floor":36.0},{"not_picked":["Infernal Blade","Metallicize","Pommel Strike"],"picked":"SKIP","floor":37.0},{"not_picked":["Sentinel+1","Warcry"],"picked":"Exhume","floor":41},{"not_picked":["Perfected Strike","Heavy Blade"],"picked":"Shrug It Off","floor":42},{"not_picked":["Pummel","True Grit","Wild Strike"],"picked":"SKIP","floor":44},{"not_picked":["Fire Breathing","Combust"],"picked":"Disarm","floor":45},{"not_picked":["Twin Strike+1","Warcry","Inflame"],"picked":"SKIP","floor":55}],"player_experience":2194286,"relics_obtained":[{"floor":9.0,"key":"Art of War"},{"floor":12.0,"key":"Happy Flower"},{"floor":23.0,"key":"Red Skull"},{"floor":23.0,"key":"Smiling Mask"},{"floor":26.0,"key":"Bronze Scales"},{"floor":28.0,"key":"Anchor"},{"floor":28.0,"key":"Juzu Bracelet"},{"floor":30.0,"key":"Lantern"},{"floor":41,"key":"Whetstone"},{"floor":41,"key":"Blue Candle"},{"floor":44,"key":"Mercury Hourglass"},{"floor":44,"key":"Molten Egg 2"},{"floor":55,"key":"Vajra"},{"floor":55,"key":"Bag of Marbles"}],"event_choices":[{"damage_healed":0.0,"max_hp_gain":0.0,"max_hp_loss":0.0,"gold_gain":0.0,"cards_transformed":["Strike_R"],"event_name":"Living Wall","player_choice":"Change","floor":2.0,"gold_loss":0.0,"damage_taken":0.0,"cards_obtained":["Corruption"]},{"cards_removed":["Strike_R"],"damage_healed":0.0,"max_hp_gain":0.0,"max_hp_loss":0.0,"gold_gain":0.0,"event_name":"The Cleric","player_choice":"Card Removal","floor":4.0,"gold_loss":75.0,"damage_taken":0.0},{"cards_removed":["Strike_R"],"damage_healed":0.0,"max_hp_gain":0.0,"max_hp_loss":0.0,"gold_gain":0.0,"event_name":"Bonfire Elementals","player_choice":"Offered Basic","floor":19.0,"gold_loss":0.0,"damage_taken":0.0},{"damage_healed":0.0,"max_hp_gain":5.0,"max_hp_loss":0.0,"gold_gain":0.0,"event_name":"Forgotten Altar","player_choice":"Shed Blood","floor":21.0,"gold_loss":0.0,"damage_taken":26.0},{"damage_healed":0.0,"max_hp_gain":0.0,"max_hp_loss":0.0,"gold_gain":0.0,"event_name":"Tomb of Lord Red Mask","player_choice":"Paid","floor":39.0,"gold_loss":38.0,"damage_taken":0.0,"relics_obtained":["Red Mask"]},{"damage_healed":0,"gold_gain":0,"player_choice":"Ignored","damage_taken":0,"max_hp_gain":0,"max_hp_loss":0,"event_name":"Mysterious Sphere","floor":46,"gold_loss":0},{"damage_healed":0,"gold_gain":0,"player_choice":"Ignored","damage_taken":0,"max_hp_gain":0,"max_hp_loss":0,"event_name":"The Moai Head","floor":47,"gold_loss":0},{"cards_removed":["Bash"],"damage_healed":0,"gold_gain":0,"player_choice":"Removed Attack","damage_taken":0,"max_hp_gain":0,"max_hp_loss":0,"event_name":"Falling","floor":48,"gold_loss":0}],"is_beta":false,"boss_relics":[{"not_picked":["Ectoplasm","Coffee Dripper"],"picked":"Black Star"},{"not_picked":["Philosopher\u0027s Stone","Velvet Choker"],"picked":"Fusion Hammer"}],"items_purged_floors":[14,31,38],"is_endless":false,"potions_floor_spawned":[1,5,12,13,25,28,37,42,44,45],"ascension_level":20}