{"gold_per_floor":[109,109,109,122,47,47,80,155,234,234,234,13,24,44,44,122,122,134,134,44,62,62,62,96,96,121,137,137,137,237,253,253,324,324,343,391,391,402,415,447,447,476,530,530,300,300,329,229,229,229,229,229,229,17,45,45],"floor_reached":57,"playtime":3255,"items_purged":["Bash+1","Immolate+1"],"score":3304,"play_id":"21c375df-2644-4338-8036-24cfcc7ea14e","local_time":"20190302143946","is_ascension_mode":true,"campfire_choices":[{"data":"Bash","floor":6,"key":"SMITH"},{"data":"Feel No Pain","floor":10,"key":"SMITH"},{"data":"Disarm","floor":15,"key":"SMITH"},{"data":"Immolate","floor":23,"key":"SMITH"},{"data":"Rampage","floor":28,"key":"SMITH"},{"data":"Ghostly","floor":32,"key":"SMITH"},{"floor":44,"key":"RECALL"},{"data":"Demon Form","floor":49,"key":"SMITH"},{"data":"Seeing Red","floor":53,"key":"SMITH"}],"neow_cost":"NONE","seed_source_timestamp":49581879288100,"circlet_count":0,"master_deck":["AscendersBane","Feel No Pain+1","Power Through","Disarm+1","Pommel Strike+1","Battle Trance","Battle Trance","Impervious","Whirlwind","Headbutt+1","Flex","Shrug It Off","Shrug It Off+1","Ghostly+1","Ghostly","Ghostly","Offering","Sentinel+1","Shrug It Off","Seeing Red+1","Demon Form+1","Enlightenment","Body Slam+1"],"relics":["Burning Blood","NeowsBlessing","War Paint","FossilizedHelix","Mercury Hourglass","Dream Catcher","Omamori","Pandora\u0027s Box","Darkstone Periapt","Whetstone","Anchor","Enchiridion","Peace Pipe","Matryoshka","Cursed Key","Dead Branch","Letter Opener","Art of War","Ancient Tea Set","Vajra","Du-Vu Doll","Bag of Marbles","Bag of Preparation","Bottled Lightning"],"potions_floor_usage":[16,16,56,56],"damage_taken":[{"damage":0,"enemies":"Jaw Worm","floor":1,"turns":1},{"damage":0,"enemies":"2 Louse","floor":4,"turns":2},{"damage":0,"enemies":"Gremlin Nob","floor":7,"turns":1},{"damage":0,"enemies":"Small Slimes","floor":13,"turns":3},{"damage":0,"enemies":"2 Fungi Beasts","floor":14,"turns":4},{"damage":69,"enemies":"Hexaghost","floor":16,"turns":12},{"damage":0,"enemies":"2 Thieves","floor":18,"turns":4},{"damage":3,"enemies":"3 Byrds","floor":21,"turns":4},{"damage":21,"enemies":"Slavers","floor":24,"turns":2},{"damage":0,"enemies":"Sentry and Sphere","floor":27,"turns":4},{"damage":0,"enemies":"Colosseum Slavers","floor":30,"turns":3},{"damage":0,"enemies":"Colosseum Nobs","floor":30,"turns":3},{"damage":0,"enemies":"Cultist and Chosen","floor":31,"turns":4},{"damage":0,"enemies":"Collector","floor":33,"turns":10},{"damage":0,"enemies":"3 Shapes","floor":35,"turns":2},{"damage":0,"enemies":"2 Orb Walkers","floor":36,"turns":4},{"damage":0,"enemies":"3 Darklings","floor":38,"turns":3},{"damage":1,"enemies":"Spire Growth","floor":39,"turns":6},{"damage":20,"enemies":"Reptomancer","floor":40,"turns":6},{"damage":3,"enemies":"Nemesis","floor":42,"turns":7},{"damage":0,"enemies":"Reptomancer","floor":47,"turns":5},{"damage":6,"enemies":"Awakened One","floor":50,"turns":11},{"damage":0,"enemies":"Donu and Deca","floor":51,"turns":5},{"damage":0,"enemies":"Shield and Spear","floor":55,"turns":1},{"damage":0,"enemies":"The Heart","floor":56,"turns":7}],"seed_played":"2174984622001429802","potions_obtained":[{"floor":1,"key":"BloodPotion"},{"floor":4,"key":"EssenceOfSteel"},{"floor":7,"key":"AttackPotion"},{"floor":24,"key":"Fire Potion"},{"floor":30,"key":"SteroidPotion"},{"floor":47,"key":"SteroidPotion"},{"floor":55,"key":"GamblersBrew"}],"is_trial":false,"path_per_floor":["M","?","?","M","?","R","E","?","T","R","?","$","M","M","R","B",null,"M","?","$","M","$","R","E","?","T","M","R","?","?","M","R","B",null,"M","?","?","M","M","E","?","E","T","R","$","T","E","$","R","B","B",null,"R","$","E","B",null],"character_chosen":"IRONCLAD","items_purchased":["PowerPotion","Omamori","Rampage","PowerPotion","Enlightenment","Bag of Preparation","SkillPotion"],"campfire_rested":0,"item_purchase_floors":[12,12,20,45,45,54,54],"current_hp_per_floor":[74,67,67,73,73,73,75,64,64,64,59,59,65,71,71,8,58,64,64,64,67,67,67,52,37,37,37,37,16,28,34,34,37,37,37,37,37,37,37,23,23,26,26,26,26,26,32,32,32,32,37,37,37,37,37,37],"gold":45,"neow_bonus":"THREE_ENEMY_KILL","is_prod":false,"is_daily":false,"chose_seed":false,"campfire_upgraded":8,"win_rate":0,"timestamp":1551505186,"path_taken":["M","?","?","M","?","R","E","?","T","R","?","?","M","M","R","BOSS","M","?","$","?","$","R","E","?","T","M","R","?","?","M","R","BOSS","M","?","?","M","M","E","?","E","T","R","$","?","E","?","R","BOSS","BOSS","R","$","E","BOSS"],"build_version":"2019-01-23","purchased_purges":2,"victory":true,"max_hp_per_floor":[75,75,75,75,75,75,75,75,75,75,75,75,75,75,75,75,75,75,75,75,75,75,75,75,37,37,37,37,37,37,37,37,37,37,37,37,37,37,37,37,37,37,37,37,37,37,37,37,37,37,37,37,37,37,37,37],"card_choices":[{"not_picked":["Clash","Uppercut"],"picked":"Feel No Pain","floor":1},{"not_picked":["Uppercut","Ghostly Armor","Perfected Strike"],"picked":"SKIP","floor":4},{"not_picked":["Wild Strike","Pommel Strike"],"picked":"Power Through","floor":7},{"not_picked":["Pommel Strike","Flex"],"picked":"Disarm","floor":13},{"not_picked":["Perfected Strike","Wild Strike","Armaments"],"picked":"SKIP","floor":14},{"not_picked":["Perfected Strike","Wild Strike","Armaments"],"picked":"SKIP","floor":14},{"not_picked":["Impervious","Brutality"],"picked":"Immolate","floor":16},{"not_picked":["Intimidate","Body Slam"],"picked":"Shrug It Off","floor":18},{"not_picked":["Corruption","Reckless Charge","Havoc"],"picked":"SKIP","floor":21},{"not_picked":["Corruption","Clothesline"],"picked":"Shrug It Off+1","floor":24},{"not_picked":["Twin Strike","Body Slam","Dropkick"],"picked":"SKIP","floor":27},{"not_picked":["Hemokinesis","Iron Wave","Anger"],"picked":"SKIP","floor":31},{"not_picked":["Juggernaut","Demon Form"],"picked":"Offering","floor":33},{"not_picked":["Clash+1","Shrug It Off","Perfected Strike"],"picked":"SKIP","floor":35},{"not_picked":["Perfected Strike","Sever Soul"],"picked":"Sentinel+1","floor":36},{"not_picked":["Headbutt","Shrug It Off","Thunderclap"],"picked":"SKIP","floor":38},{"not_picked":["Headbutt","Thunderclap"],"picked":"Shrug It Off","floor":38},{"not_picked":["Brutality","Headbutt"],"picked":"Seeing Red","floor":39},{"not_picked":["Uppercut+1","Dropkick"],"picked":"Demon Form","floor":40},{"not_picked":["Flex","Fire Breathing","Sword Boomerang+1"],"picked":"SKIP","floor":42},{"not_picked":["Hemokinesis","Rampage"],"picked":"Body Slam+1","floor":47},{"not_picked":["Pummel","Armaments","Sword Boomerang"],"picked":"SKIP","floor":55}],"player_experience":1936492,"relics_obtained":[{"floor":7,"key":"FossilizedHelix"},{"floor":9,"key":"Mercury Hourglass"},{"floor":24,"key":"Whetstone"},{"floor":26,"key":"Anchor"},{"floor":29,"key":"Enchiridion"},{"floor":30,"key":"Peace Pipe"},{"floor":30,"key":"Matryoshka"},{"floor":36,"key":"Dead Branch"},{"floor":40,"key":"Letter Opener"},{"floor":42,"key":"Art of War"},{"floor":43,"key":"Ancient Tea Set"},{"floor":46,"key":"Vajra"},{"floor":46,"key":"Du-Vu Doll"},{"floor":47,"key":"Bag of Marbles"},{"floor":55,"key":"Bottled Lightning"}],"event_choices":[{"cards_removed":["Strike_R"],"damage_healed":0,"gold_gain":0,"player_choice":"Card Removal","damage_taken":7,"max_hp_gain":0,"max_hp_loss":0,"event_name":"Golden Wing","floor":2,"gold_loss":0},{"damage_healed":0,"gold_gain":0,"player_choice":"Box","damage_taken":0,"relics_obtained":["War Paint"],"max_hp_gain":0,"max_hp_loss":0,"event_name":"Big Fish","floor":3,"gold_loss":0,"cards_obtained":["Regret"]},{"cards_removed":["Regret"],"damage_healed":0,"gold_gain":0,"player_choice":"Card Removal","damage_taken":0,"max_hp_gain":0,"max_hp_loss":0,"event_name":"The Cleric","floor":5,"gold_loss":75},{"damage_healed":0,"gold_gain":75,"player_choice":"Gather Gold","damage_taken":11,"max_hp_gain":0,"max_hp_loss":0,"event_name":"World of Goop","floor":8,"gold_loss":0},{"damage_healed":0,"gold_gain":0,"player_choice":"Success","damage_taken":5,"relics_obtained":["Dream Catcher"],"max_hp_gain":0,"max_hp_loss":0,"event_name":"Scrap Ooze","floor":11,"gold_loss":0},{"cards_removed":["Dual Wield"],"damage_healed":0,"gold_gain":0,"player_choice":"Gave Card","damage_taken":0,"relics_obtained":["Darkstone Periapt"],"max_hp_gain":0,"max_hp_loss":0,"event_name":"WeMeetAgain","floor":19,"gold_loss":0},{"damage_healed":0,"gold_gain":0,"player_choice":"Became a Ghost","damage_taken":0,"max_hp_gain":0,"max_hp_loss":38,"event_name":"Ghosts","floor":25,"gold_loss":0,"cards_obtained":["Ghostly","Ghostly","Ghostly"]},{"damage_healed":0,"gold_gain":0,"player_choice":"Obtained Book","damage_taken":21,"max_hp_gain":0,"max_hp_loss":0,"event_name":"Cursed Tome","floor":29,"gold_loss":0},{"damage_healed":0,"gold_gain":0,"player_choice":"Fight","damage_taken":0,"max_hp_gain":0,"max_hp_loss":0,"event_name":"Colosseum","floor":30,"gold_loss":0},{"damage_healed":0,"gold_gain":0,"player_choice":"Fought Nobs","damage_taken":0,"max_hp_gain":0,"max_hp_loss":0,"event_name":"Colosseum","floor":30,"gold_loss":0},{"damage_healed":0,"gold_gain":0,"player_choice":"Fight","damage_taken":0,"max_hp_gain":0,"max_hp_loss":0,"event_name":"Mysterious Sphere","floor":36,"gold_loss":0},{"damage_healed":0,"gold_gain":0,"player_choice":"Ignored","damage_taken":0,"max_hp_gain":0,"max_hp_loss":0,"event_name":"Tomb of Lord Red Mask","floor":37,"gold_loss":0},{"cards_removed":["Rampage"],"damage_healed":0,"gold_gain":0,"player_choice":"Removed Attack","damage_taken":0,"max_hp_gain":0,"max_hp_loss":0,"event_name":"Falling","floor":41,"gold_loss":0}],"is_beta":false,"boss_relics":[{"not_picked":["Black Blood","Tiny House"],"picked":"Pandora\u0027s Box"},{"not_picked":["Orrery","Runic Dome"],"picked":"Cursed Key"}],"items_purged_floors":[45,48],"is_endless":false,"potions_floor_spawned":[1,4,7,14,24,30,33,35,39,42,47,55],"ascension_level":20}