{"gold_per_floor":[111,111,111,121,121,121,149,162,162,162,176,176,208,219,219,296,296,314,314,314,331,281,281,296,296,345,345,61,88,88,102,102,102],"floor_reached":33,"playtime":829,"items_purged":[],"score":596,"play_id":"4d5de358-4f12-4ef3-b229-e5c146d7690d","local_time":"20190413135531","is_ascension_mode":true,"campfire_choices":[{"data":"Perfected Strike","floor":6,"key":"SMITH"},{"data":"Bash","floor":12,"key":"SMITH"},{"data":"Second Wind","floor":15,"key":"SMITH"},{"data":"Fiend Fire","floor":23,"key":"SMITH"},{"data":"True Grit","floor":25,"key":"SMITH"},{"data":"Pommel Strike","floor":27,"key":"SMITH"},{"data":"Pommel Strike","floor":30,"key":"SMITH"},{"data":"Shockwave","floor":32,"key":"SMITH"}],"neow_cost":"NONE","seed_source_timestamp":94389784774300,"circlet_count":0,"master_deck":["AscendersBane","Strike_R+1","Strike_R+1","Strike_R+1","Strike_R+1","Defend_R+1","Defend_R+1","Defend_R+1","Defend_R+1","Bash+1","Perfected Strike+1","Pommel Strike","Second Wind+1","Pommel Strike+1","Fiend Fire+1","True Grit+1","Dual Wield+1","Pommel Strike+1","Shockwave+1"],"relics":["Burning Blood","NeowsBlessing","Gremlin Horn","The Courier","Orichalcum","Pear","Coffee Dripper","Nilry\u0027s Codex","Potion Belt","Pocketwatch","War Paint"],"potions_floor_usage":[16,16,33],"damage_taken":[{"damage":0,"enemies":"2 Louse","floor":1,"turns":1},{"damage":0,"enemies":"Jaw Worm","floor":4,"turns":1},{"damage":0,"enemies":"Gremlin Nob","floor":7,"turns":1},{"damage":0,"enemies":"Small Slimes","floor":8,"turns":2},{"damage":25,"enemies":"Exordium Thugs","floor":11,"turns":5},{"damage":8,"enemies":"3 Sentries","floor":13,"turns":7},{"damage":15,"enemies":"Large Slime","floor":14,"turns":5},{"damage":24,"enemies":"Hexaghost","floor":16,"turns":9},{"damage":12,"enemies":"3 Byrds","floor":18,"turns":5},{"damage":12,"enemies":"Spheric Guardian","floor":21,"turns":4},{"damage":3,"enemies":"Snecko","floor":24,"turns":3},{"damage":27,"enemies":"Gremlin Leader","floor":29,"turns":5},{"damage":13,"enemies":"3 Cultists","floor":31,"turns":5},{"damage":14,"enemies":"Automaton","floor":33,"turns":4}],"seed_played":"-2870845604757694684","potions_obtained":[{"floor":1,"key":"PowerPotion"},{"floor":8,"key":"Poison Potion"},{"floor":13,"key":"GamblersBrew"},{"floor":24,"key":"Strength Potion"},{"floor":31,"key":"LiquidBronze"}],"is_trial":false,"path_per_floor":["M","?","?","M","$","R","E","M","T","?","M","R","E","M","R","B",null,"M","?","?","M","?","R","M","R","T","R","$","E","R","M","R","B"],"character_chosen":"IRONCLAD","items_purchased":["Dual Wield","Pocketwatch"],"campfire_rested":0,"item_purchase_floors":[28,28],"current_hp_per_floor":[74,51,46,52,52,52,58,64,64,64,45,45,53,44,44,26,70,64,43,43,37,37,37,40,40,40,40,40,19,19,12,12,0],"gold":102,"neow_bonus":"THREE_ENEMY_KILL","is_prod":false,"is_daily":false,"chose_seed":false,"campfire_upgraded":8,"win_rate":0,"timestamp":1555131331,"path_taken":["M","?","?","M","$","R","E","M","T","?","M","R","E","M","R","BOSS","M","?","?","M","?","R","?","R","T","R","$","E","R","M","R","BOSS"],"build_version":"2019-01-23","purchased_purges":0,"victory":false,"max_hp_per_floor":[75,75,75,75,75,75,75,75,75,75,75,75,85,85,85,85,85,85,85,85,85,85,85,85,85,85,85,85,85,85,85,85,85],"card_choices":[{"not_picked":["Sword Boomerang","Dropkick"],"picked":"Perfected Strike","floor":1},{"not_picked":["Spot Weakness","Searing Blow"],"picked":"Pommel Strike","floor":4},{"not_picked":["Brutality","Clothesline"],"picked":"Second Wind","floor":7},{"not_picked":["Sword Boomerang","Heavy Blade"],"picked":"Pommel Strike","floor":8},{"not_picked":["Reckless Charge","Sever Soul","Headbutt"],"picked":"SKIP","floor":11},{"not_picked":["Clash","Anger","Dark Embrace"],"picked":"SKIP","floor":13},{"not_picked":["Iron Wave","Armaments","Body Slam"],"picked":"SKIP","floor":14},{"not_picked":["Brutality","Demon Form"],"picked":"Fiend Fire","floor":16},{"not_picked":["Cleave","Bloodletting"],"picked":"True Grit","floor":18},{"not_picked":["Armaments","Thunderclap","Carnage"],"picked":"SKIP","floor":21},{"not_picked":["Iron Wave","Intimidate","Thunderclap"],"picked":"SKIP","floor":24},{"not_picked":["Bludgeon","Body Slam"],"picked":"Pommel Strike","floor":29},{"not_picked":["Thunderclap","Clothesline"],"picked":"Shockwave","floor":31}],"player_experience":3098156,"relics_obtained":[{"floor":7,"key":"The Courier"},{"floor":9,"key":"Orichalcum"},{"floor":13,"key":"Pear"},{"floor":19,"key":"Nilry\u0027s Codex"},{"floor":26,"key":"Potion Belt"},{"floor":29,"key":"War Paint"}],"event_choices":[{"damage_healed":0,"gold_gain":0,"player_choice":"Entered Light","damage_taken":23,"max_hp_gain":0,"max_hp_loss":0,"event_name":"Shining Light","floor":2,"gold_loss":0,"cards_upgraded":["Strike_R","Defend_R"]},{"damage_healed":0,"gold_gain":0,"player_choice":"Success","damage_taken":5,"relics_obtained":["Gremlin Horn"],"max_hp_gain":0,"max_hp_loss":0,"event_name":"Scrap Ooze","floor":3,"gold_loss":0},{"cards_removed":["Strike_R"],"damage_healed":0,"gold_gain":0,"player_choice":"Offered Basic","damage_taken":0,"max_hp_gain":0,"max_hp_loss":0,"event_name":"Bonfire Elementals","floor":10,"gold_loss":0},{"damage_healed":0,"gold_gain":0,"player_choice":"Obtained Book","damage_taken":21,"max_hp_gain":0,"max_hp_loss":0,"event_name":"Cursed Tome","floor":19,"gold_loss":0},{"damage_healed":0,"gold_gain":0,"player_choice":"Simplicity","damage_taken":0,"max_hp_gain":0,"max_hp_loss":0,"event_name":"Back to Basics","floor":20,"gold_loss":0,"cards_upgraded":["Strike_R","Strike_R","Strike_R","Defend_R","Defend_R","Defend_R"]},{"damage_healed":0,"gold_gain":0,"player_choice":"Bet on Murderer","damage_taken":0,"max_hp_gain":0,"max_hp_loss":0,"event_name":"The Joust","floor":22,"gold_loss":50}],"is_beta":false,"boss_relics":[{"not_picked":["Lizard Tail","Runic Pyramid"],"picked":"Coffee Dripper"}],"items_purged_floors":[],"is_endless":false,"potions_floor_spawned":[1,8,11,13,14,24,31],"killed_by":"Automaton","ascension_level":20}