{"gold_per_floor":[115,390,400,42,7,7,60,60,86,148,148,148,148,214,214,310,310,310,310,585,585,10,10,54,77,77,135,135,135,60,98,98,98],"floor_reached":33,"playtime":1051,"items_purged":["Regret","Regret"],"score":595,"play_id":"6ff75a4e-6a3a-4f04-9bd6-112e9f62c0b2","local_time":"20190223101521","is_ascension_mode":true,"campfire_choices":[{"data":"HandOfGreed","floor":6,"key":"SMITH"},{"data":"Consume","floor":8,"key":"SMITH"},{"data":"Streamline","floor":13,"key":"SMITH"},{"data":"Defend_B","floor":15,"key":"SMITH"},{"data":"Chill","floor":23,"key":"SMITH"},{"floor":29,"key":"REST"},{"data":"Loop","floor":32,"key":"SMITH"}],"neow_cost":"NONE","seed_source_timestamp":252861932346500,"circlet_count":0,"master_deck":["AscendersBane","Strike_B","Strike_B","Strike_B","Strike_B","Defend_B","Defend_B","Defend_B+1","Zap","Dualcast","Streamline+1","Consume+1","Chill+1","HandOfGreed+1","White Noise","Biased Cognition","Loop+1","Consume+1","Cold Snap","Ghostly","Ghostly","Ghostly"],"relics":["Velvet Choker","Juzu Bracelet","Centennial Puzzle","Golden Idol","Torii","Cursed Key","Medical Kit","Bronze Scales","Pen Nib","Potion Belt"],"potions_floor_usage":[16,24,24,27],"damage_taken":[{"damage":4,"enemies":"Small Slimes","floor":1,"turns":3},{"damage":1,"enemies":"Cultist","floor":3,"turns":3},{"damage":31,"enemies":"Gremlin Nob","floor":7,"turns":4},{"damage":5,"enemies":"Lagavulin","floor":14,"turns":7},{"damage":9,"enemies":"The Guardian","floor":16,"turns":10},{"damage":17,"enemies":"2 Thieves","floor":18,"turns":4},{"damage":40,"enemies":"Book of Stabbing","floor":24,"turns":5},{"damage":2,"enemies":"Spheric Guardian","floor":25,"turns":6},{"damage":15,"enemies":"Slavers","floor":27,"turns":8},{"damage":0,"enemies":"Snecko","floor":31,"turns":6},{"damage":15,"enemies":"Automaton","floor":33,"turns":6}],"seed_played":"-2881785048598777367","potions_obtained":[{"floor":1,"key":"SteroidPotion"},{"floor":7,"key":"Weak Potion"},{"floor":14,"key":"LiquidBronze"},{"floor":24,"key":"Strength Potion"},{"floor":25,"key":"FairyPotion"},{"floor":31,"key":"Weak Potion"}],"is_trial":false,"path_per_floor":["M","?","M","$","?","R","E","R","T","?","?","$","R","E","R","B",null,"M","?","?","?","$","R","E","M","T","E","?","R","?","M","R","B"],"character_chosen":"DEFECT","items_purchased":["Chill","HandOfGreed","Medical Kit","Bronze Scales","Regen Potion"],"campfire_rested":1,"item_purchase_floors":[4,4,22,22,22],"current_hp_per_floor":[60,60,59,59,71,71,40,40,40,40,40,40,40,35,35,26,55,38,38,38,38,38,38,13,11,11,2,2,11,11,11,11,0],"gold":98,"neow_bonus":"BOSS_RELIC","is_prod":false,"is_daily":false,"chose_seed":false,"campfire_upgraded":6,"win_rate":0,"timestamp":1550884521,"path_taken":["M","?","?","?","?","R","E","R","T","?","?","$","R","E","R","BOSS","M","?","?","?","$","R","E","M","T","E","?","R","?","M","R","BOSS"],"build_version":"2019-01-23","purchased_purges":2,"victory":false,"max_hp_per_floor":[71,71,71,71,71,71,71,71,71,71,64,64,64,64,64,64,64,64,64,64,64,64,64,64,64,64,64,32,32,32,32,32,32],"card_choices":[{"not_picked":["Tempest","Chaos"],"picked":"Streamline","floor":1},{"not_picked":["Steam","Compile Driver"],"picked":"Consume","floor":3},{"not_picked":["Rebound","Rip and Tear"],"picked":"White Noise","floor":7},{"not_picked":["Streamline","Stack","Redo"],"picked":"SKIP","floor":14},{"not_picked":["Amplify","Buffer"],"picked":"Biased Cognition","floor":16},{"not_picked":["Compile Driver","Ball Lightning"],"picked":"Loop","floor":18},{"not_picked":["Auto Shields","Storm","Go for the Eyes"],"picked":"SKIP","floor":24},{"not_picked":["Gash","Compile Driver+1","Heatsinks"],"picked":"SKIP","floor":25},{"not_picked":["Doom and Gloom","Gash"],"picked":"Cold Snap","floor":27},{"not_picked":["Go for the Eyes","Stack+1","Chaos"],"picked":"SKIP","floor":31}],"player_experience":1758291,"relics_obtained":[{"floor":7,"key":"Juzu Bracelet"},{"floor":9,"key":"Centennial Puzzle"},{"floor":14,"key":"Torii"},{"floor":24,"key":"Pen Nib"},{"floor":27,"key":"Potion Belt"}],"event_choices":[{"damage_healed":0,"gold_gain":275,"player_choice":"Desecrate","damage_taken":0,"max_hp_gain":0,"max_hp_loss":0,"event_name":"Golden Shrine","floor":2,"gold_loss":0,"cards_obtained":["Regret"]},{"damage_healed":17,"gold_gain":0,"player_choice":"Healed","damage_taken":0,"max_hp_gain":0,"max_hp_loss":0,"event_name":"The Cleric","floor":5,"gold_loss":35},{"damage_healed":0,"gold_gain":62,"player_choice":"Gained Gold","damage_taken":0,"max_hp_gain":0,"max_hp_loss":0,"event_name":"Golden Wing","floor":10,"gold_loss":0},{"damage_healed":0,"gold_gain":0,"player_choice":"Lose Max HP","damage_taken":0,"relics_obtained":["Golden Idol"],"max_hp_gain":0,"max_hp_loss":7,"event_name":"Golden Idol","floor":11,"gold_loss":0},{"cards_removed":["Defend_B"],"damage_healed":0,"gold_gain":0,"player_choice":"Elegance","damage_taken":0,"max_hp_gain":0,"max_hp_loss":0,"event_name":"Back to Basics","floor":19,"gold_loss":0},{"damage_healed":0,"gold_gain":275,"player_choice":"Desecrate","damage_taken":0,"max_hp_gain":0,"max_hp_loss":0,"event_name":"Golden Shrine","floor":20,"gold_loss":0,"cards_obtained":["Regret"]},{"damage_healed":0,"gold_gain":0,"player_choice":"Copied","damage_taken":0,"max_hp_gain":0,"max_hp_loss":0,"event_name":"Duplicator","floor":21,"gold_loss":0,"cards_obtained":["Consume"]},{"damage_healed":0,"gold_gain":0,"player_choice":"Became a Ghost","damage_taken":0,"max_hp_gain":0,"max_hp_loss":32,"event_name":"Ghosts","floor":28,"gold_loss":0,"cards_obtained":["Ghostly","Ghostly","Ghostly"]},{"cards_removed":["Pain"],"damage_healed":0,"gold_gain":0,"player_choice":"Gave Gold","damage_taken":0,"max_hp_gain":0,"max_hp_loss":0,"event_name":"Beggar","floor":30,"gold_loss":75}],"is_beta":false,"boss_relics":[{"not_picked":["Calling Bell","Lizard Tail"],"picked":"Cursed Key"}],"items_purged_floors":[4,22],"is_endless":false,"potions_floor_spawned":[1,7,14,24,25,31],"killed_by":"Automaton","ascension_level":20}