{"gold_per_floor":[116,135,185,199,54,54,87,87,110,129,129,145,163,194,194,194],"floor_reached":16,"playtime":492,"items_purged":[],"score":224,"play_id":"0a170c8f-2fde-473e-a1d5-356fa5105cb6","local_time":"20190211104013","is_ascension_mode":true,"campfire_choices":[{"data":"Defragment","floor":6,"key":"SMITH"},{"data":"Zap","floor":8,"key":"SMITH"},{"data":"Genetic Algorithm","floor":11,"key":"SMITH"},{"data":"Gash","floor":15,"key":"SMITH"}],"neow_cost":"TEN_PERCENT_HP_LOSS","seed_source_timestamp":491295611749900,"circlet_count":0,"master_deck":["AscendersBane","Strike_B","Strike_B","Strike_B","Strike_B","Defend_B","Defend_B","Defend_B","Defend_B","Zap+1","Dualcast","Gash+1","Defragment+1","Bandage Up","Genetic Algorithm+1","Cold Snap","Self Repair","Leap"],"relics":["Cracked Core","Emotion Chip","Ancient Tea Set","Potion Belt","The Courier"],"potions_floor_usage":[7,10,16,16],"damage_taken":[{"damage":1,"enemies":"Cultist","floor":1,"turns":3},{"damage":7,"enemies":"Jaw Worm","floor":2,"turns":3},{"damage":3,"enemies":"2 Louse","floor":4,"turns":3},{"damage":24,"enemies":"Gremlin Nob","floor":7,"turns":4},{"damage":5,"enemies":"Gremlin Gang","floor":10,"turns":6},{"damage":10,"enemies":"Exordium Wildlife","floor":12,"turns":3},{"damage":4,"enemies":"3 Louse","floor":13,"turns":4},{"damage":8,"enemies":"Lagavulin","floor":14,"turns":5},{"damage":50,"enemies":"Hexaghost","floor":16,"turns":11}],"seed_played":"-338714706884369886","potions_obtained":[{"floor":4,"key":"Weak Potion"},{"floor":7,"key":"Regen Potion"},{"floor":10,"key":"FocusPotion"},{"floor":12,"key":"GamblersBrew"}],"is_trial":false,"path_per_floor":["M","M","?","M","$","R","E","R","T","M","R","M","M","E","R","B"],"character_chosen":"DEFECT","items_purchased":["Defragment","Bandage Up"],"campfire_rested":0,"item_purchase_floors":[5,5],"current_hp_per_floor":[63,56,50,47,47,47,23,23,23,34,34,28,35,38,38,0],"gold":194,"neow_bonus":"ONE_RARE_RELIC","is_prod":false,"is_daily":false,"chose_seed":false,"campfire_upgraded":4,"win_rate":0,"timestamp":1549849213,"path_taken":["M","M","?","?","$","R","E","R","T","M","R","M","M","E","R","BOSS"],"build_version":"2019-01-23","purchased_purges":0,"victory":false,"max_hp_per_floor":[64,64,64,64,64,64,64,64,64,64,64,64,64,64,64,64],"card_choices":[{"not_picked":["Stack","Fusion","Force Field"],"picked":"SKIP","floor":1},{"not_picked":["Tempest","Auto Shields","Stack"],"picked":"SKIP","floor":2},{"not_picked":["Skim","Force Field"],"picked":"Gash","floor":4},{"not_picked":["Fusion","Sweeping Beam"],"picked":"Genetic Algorithm","floor":7},{"not_picked":["Steam Power","Beam Cell"],"picked":"Cold Snap","floor":10},{"not_picked":["Compile Driver","Lockon"],"picked":"Self Repair","floor":12},{"not_picked":["Hello World","Steam Power","Rainbow"],"picked":"SKIP","floor":13},{"not_picked":["Redo","Compile Driver"],"picked":"Leap","floor":14}],"player_experience":1508444,"relics_obtained":[{"floor":7,"key":"Ancient Tea Set"},{"floor":9,"key":"Potion Belt"},{"floor":14,"key":"The Courier"}],"event_choices":[{"damage_healed":0,"gold_gain":50,"player_choice":"Touch","damage_taken":6,"max_hp_gain":0,"max_hp_loss":0,"event_name":"FaceTrader","floor":3,"gold_loss":0}],"is_beta":false,"boss_relics":[],"items_purged_floors":[],"is_endless":false,"potions_floor_spawned":[4,7,10,12],"killed_by":"Hexaghost","ascension_level":20}