{"gold_per_floor":[210,17,17,17,17,17,49,65,65,13,32,32,46,66,66,66],"floor_reached":16,"playtime":611,"items_purged":[],"score":170,"play_id":"6d922659-d241-4a78-9b5b-e3b653f67356","local_time":"20180925202047","is_ascension_mode":true,"campfire_choices":[{"floor":6,"key":"REST"},{"floor":15,"key":"REST"}],"neow_cost":"NONE","seed_source_timestamp":957113910779408,"circlet_count":0,"master_deck":["Strike_B","Strike_B","Strike_B","Strike_B","Defend_B","Defend_B","Defend_B","Defend_B","Zap+1","Dualcast","AscendersBane","Steam","Dash","Pommel Strike"],"relics":["Cracked Core","PrismaticShard","Happy Flower","Dodecahedron"],"potions_floor_usage":[7,11,13,14],"damage_taken":[{"damage":7,"enemies":"2 Louse","floor":1,"turns":3},{"damage":28,"enemies":"Lagavulin","floor":7,"turns":7},{"damage":1,"enemies":"Cultist","floor":8,"turns":3},{"damage":0,"enemies":"Small Slimes","floor":11,"turns":3},{"damage":2,"enemies":"Exordium Thugs","floor":13,"turns":4},{"damage":0,"enemies":"Large Slime","floor":14,"turns":4},{"damage":61,"enemies":"Hexaghost","floor":16,"turns":11}],"seed_played":"-7542609055080782402","potions_obtained":[{"floor":1,"key":"PowerPotion"},{"floor":8,"key":"SpeedPotion"},{"floor":11,"key":"GamblersBrew"}],"is_trial":false,"path_per_floor":["M","$","?","?","$","R","E","M","T","$","M","$","M","M","R"],"character_chosen":"DEFECT","items_purchased":["PrismaticShard","PowerPotion"],"campfire_rested":2,"item_purchase_floors":[2,10],"current_hp_per_floor":[57,57,57,62,62,71,43,42,42,42,42,42,40,40,61,0],"gold":66,"neow_bonus":"HUNDRED_GOLD","is_prod":false,"is_daily":false,"chose_seed":false,"campfire_upgraded":0,"win_rate":0,"timestamp":1537896047,"path_taken":["M","$","?","?","?","R","E","M","T","$","M","$","?","M","R","BOSS"],"build_version":"2018-09-20","purchased_purges":0,"victory":false,"max_hp_per_floor":[71,71,71,71,71,71,71,71,71,71,71,71,71,71,71,71],"card_choices":[{"not_picked":["Skim","Turbo"],"picked":"Stack","floor":1},{"not_picked":["Riddle With Holes","Aggregate"],"picked":"Steam","floor":7},{"not_picked":["Tempest","Reckless Charge"],"picked":"Dash","floor":8},{"not_picked":["Slice","Outmaneuver","Searing Blow"],"picked":"SKIP","floor":11},{"not_picked":["Slice","Poisoned Stab","Bloodletting"],"picked":"SKIP","floor":13},{"not_picked":["Outmaneuver","Armaments"],"picked":"Pommel Strike","floor":14}],"player_experience":729886,"relics_obtained":[{"floor":7,"key":"Happy Flower"},{"floor":9,"key":"Dodecahedron"}],"event_choices":[{"event_name":"Accursed Blacksmith","player_choice":"Forge","floor":3,"damage_taken":0},{"event_name":"Bonfire Elementals","player_choice":"COMMON","floor":4,"damage_taken":0}],"is_beta":false,"boss_relics":[],"items_purged_floors":[],"is_endless":false,"potions_floor_spawned":[1,8,11],"killed_by":"Hexaghost","ascension_level":14}