{"gold_per_floor":[117,117,129,143,62,62,80,150,150,178,223,223,243,258,258,258],"floor_reached":16,"playtime":650,"items_purged":[],"score":194,"play_id":"20c162ac-4e67-4e81-993f-c81c195ba788","local_time":"20190321191057","is_ascension_mode":true,"campfire_choices":[{"floor":6,"key":"REST"},{"data":"Storm","floor":12,"key":"SMITH"},{"data":"Storm","floor":15,"key":"SMITH"}],"neow_cost":"NONE","seed_source_timestamp":622931531547546,"circlet_count":0,"master_deck":["AscendersBane","Strike_B","Strike_B","Strike_B","Strike_B","Defend_B","Defend_B","Defend_B","Defend_B","Zap","Dualcast","Doom and Gloom","Steam","Cold Snap","Storm+1","Redo","Self Repair","Cold Snap","Storm+1"],"relics":["Cracked Core","Oddly Smooth Stone","Pantograph","Bag of Preparation","Juzu Bracelet"],"potions_floor_usage":[7,10],"damage_taken":[{"damage":0,"enemies":"2 Louse","floor":1,"turns":2},{"damage":0,"enemies":"Jaw Worm","floor":3,"turns":3},{"damage":0,"enemies":"Cultist","floor":4,"turns":3},{"damage":5,"enemies":"Gremlin Gang","floor":7,"turns":2},{"damage":4,"enemies":"Gremlin Nob","floor":10,"turns":3},{"damage":27,"enemies":"Exordium Thugs","floor":13,"turns":5},{"damage":3,"enemies":"Looter","floor":14,"turns":3},{"damage":78,"enemies":"Hexaghost","floor":16,"turns":14}],"seed_played":"4522211688914662749","potions_obtained":[{"floor":3,"key":"FocusPotion"},{"floor":4,"key":"SteroidPotion"},{"floor":13,"key":"LiquidBronze"}],"is_trial":false,"path_per_floor":["M","?","M","M","$","R","M","?","T","E","T","R","M","M","R","B"],"character_chosen":"DEFECT","items_purchased":["Storm"],"campfire_rested":1,"item_purchase_floors":[5],"current_hp_per_floor":[64,53,53,53,53,71,66,66,66,62,62,62,42,46,46,0],"gold":258,"neow_bonus":"THREE_CARDS","is_prod":false,"is_daily":false,"chose_seed":false,"campfire_upgraded":2,"win_rate":0,"timestamp":1553188257,"path_taken":["M","?","M","M","$","R","M","?","T","E","?","R","M","M","R","BOSS"],"build_version":"2019-01-23","purchased_purges":0,"victory":false,"max_hp_per_floor":[71,71,71,71,71,71,71,71,71,71,71,71,71,71,71,71],"card_choices":[{"not_picked":["Chill","Heatsinks"],"picked":"Doom and Gloom","floor":0},{"not_picked":["Go for the Eyes","Streamline"],"picked":"Steam","floor":1},{"not_picked":["Beam Cell","Tempest"],"picked":"Cold Snap","floor":3},{"not_picked":["Gash","Recycle","Hologram"],"picked":"SKIP","floor":4},{"not_picked":["Reinforced Body","Turbo"],"picked":"Redo","floor":7},{"not_picked":["Chill","Ball Lightning"],"picked":"Self Repair","floor":10},{"not_picked":["Rebound","Sweeping Beam"],"picked":"Cold Snap","floor":13},{"not_picked":["Redo","Force Field"],"picked":"Storm","floor":14}],"player_experience":1119210,"relics_obtained":[{"floor":9,"key":"Pantograph"},{"floor":10,"key":"Bag of Preparation"},{"floor":11,"key":"Juzu Bracelet"}],"event_choices":[{"damage_healed":0,"gold_gain":0,"player_choice":"Success","damage_taken":11,"relics_obtained":["Oddly Smooth Stone"],"max_hp_gain":0,"max_hp_loss":0,"event_name":"Scrap Ooze","floor":2,"gold_loss":0},{"damage_healed":0,"gold_gain":70,"player_choice":"Gained Gold","damage_taken":0,"max_hp_gain":0,"max_hp_loss":0,"event_name":"Golden Wing","floor":8,"gold_loss":0}],"is_beta":false,"boss_relics":[],"items_purged_floors":[],"is_endless":false,"potions_floor_spawned":[3,4,13],"killed_by":"Hexaghost","ascension_level":18}