{"gold_per_floor":[119,36,36,56,69,69,101,101,149,74,101,176,193,59,59,133,133,153,153,153,165,181,181,216,1,76,76,109,159,159,186,186,186],"floor_reached":33,"playtime":965,"items_purged":["Pain"],"score":668,"play_id":"9453f410-a4b9-481a-9db0-7ef5ea737164","local_time":"20190327133316","is_ascension_mode":true,"campfire_choices":[{"data":"Whirlwind","floor":6,"key":"SMITH"},{"data":"Bash","floor":8,"key":"SMITH"},{"data":"Sword Boomerang","floor":15,"key":"SMITH"},{"data":"Shrug It Off","floor":23,"key":"SMITH"},{"data":"True Grit","floor":27,"key":"SMITH"},{"floor":32,"key":"REST"}],"neow_cost":"TEN_PERCENT_HP_LOSS","seed_source_timestamp":39308683147300,"circlet_count":0,"master_deck":["AscendersBane","Strike_R","Strike_R","Strike_R","Defend_R","Defend_R","Defend_R","Defend_R","Bash+1","Whirlwind+1","Spot Weakness+1","Power Through","Sword Boomerang+1","Shrug It Off+1","Impervious","Battle Trance","Shrug It Off","True Grit+1","Entrench","Fiend Fire"],"relics":["Burning Blood","Pocketwatch","Juzu Bracelet","Orichalcum","Lantern","Mark of Pain","WarpedTongs","Bag of Marbles","Singing Bowl","Smiling Mask","Dodecahedron","Bag of Preparation"],"potions_floor_usage":[13,13,16,24,24,28,33],"damage_taken":[{"damage":0,"enemies":"2 Louse","floor":1,"turns":2},{"damage":0,"enemies":"Small Slimes","floor":4,"turns":2},{"damage":9,"enemies":"Jaw Worm","floor":5,"turns":5},{"damage":32,"enemies":"Gremlin Nob","floor":7,"turns":4},{"damage":32,"enemies":"Lagavulin","floor":11,"turns":5},{"damage":0,"enemies":"Lots of Slimes","floor":13,"turns":2},{"damage":6,"enemies":"Hexaghost","floor":16,"turns":6},{"damage":0,"enemies":"3 Byrds","floor":18,"turns":4},{"damage":1,"enemies":"Chosen","floor":21,"turns":3},{"damage":11,"enemies":"Snake Plant","floor":22,"turns":3},{"damage":7,"enemies":"Gremlin Leader","floor":24,"turns":4},{"damage":19,"enemies":"Book of Stabbing","floor":28,"turns":5},{"damage":50,"enemies":"Gremlin Leader","floor":31,"turns":6},{"damage":0,"enemies":"Collector","floor":33,"turns":3}],"seed_played":"684399810284567687","potions_obtained":[{"floor":1,"key":"Ancient Potion"},{"floor":7,"key":"FearPotion"},{"floor":11,"key":"PowerPotion"},{"floor":16,"key":"Strength Potion"},{"floor":21,"key":"GamblersBrew"},{"floor":31,"key":"Poison Potion"}],"is_trial":false,"path_per_floor":["M","$","?","M","M","R","E","R","T","?","E","?","M","$","R","B",null,"M","?","?","M","M","R","E","$","T","R","E","?","T","E","R","B"],"character_chosen":"IRONCLAD","items_purchased":["Whirlwind","Shrug It Off","Regen Potion","Entrench","Strength Potion"],"campfire_rested":1,"item_purchase_floors":[2,14,14,25,25],"current_hp_per_floor":[68,68,68,68,65,65,39,39,39,39,13,2,8,8,8,22,57,63,63,63,68,63,63,62,62,62,62,51,51,51,7,28,28],"gold":186,"neow_bonus":"ONE_RARE_RELIC","is_prod":false,"is_daily":false,"chose_seed":false,"campfire_upgraded":5,"win_rate":0,"timestamp":1553661196,"path_taken":["M","$","?","M","M","R","E","R","T","?","E","?","M","$","R","BOSS","M","?","?","M","M","R","E","$","T","R","E","?","?","E","R","BOSS"],"build_version":"2019-01-23","purchased_purges":1,"victory":false,"max_hp_per_floor":[68,68,68,68,68,68,68,68,68,68,68,68,68,68,68,68,68,68,68,68,68,68,68,68,68,68,68,70,70,70,70,70,70],"card_choices":[{"not_picked":["Rupture","Twin Strike","Clash"],"picked":"SKIP","floor":1},{"not_picked":["Clothesline","Armaments"],"picked":"Spot Weakness","floor":4},{"not_picked":["Flex","Hemokinesis","Iron Wave"],"picked":"SKIP","floor":5},{"not_picked":["Pummel","Body Slam","Warcry"],"picked":"SKIP","floor":7},{"not_picked":["Clothesline","Heavy Blade"],"picked":"Power Through","floor":11},{"not_picked":["Clash","Corruption","Sword Boomerang"],"picked":"SKIP","floor":13},{"not_picked":["Clash","Corruption"],"picked":"Sword Boomerang","floor":13},{"not_picked":["Brutality","Exhume"],"picked":"Impervious","floor":16},{"not_picked":["Uppercut","Havoc","Burning Pact"],"picked":"SKIP","floor":18},{"not_picked":["Corruption","Blood for Blood+1"],"picked":"Battle Trance","floor":21},{"not_picked":["Warcry","Perfected Strike"],"picked":"Shrug It Off","floor":22},{"not_picked":["Bloodletting","Dropkick"],"picked":"True Grit","floor":24},{"not_picked":["Disarm","Headbutt","Heavy Blade"],"picked":"Singing Bowl","floor":28},{"not_picked":["Clothesline","Bloodletting"],"picked":"Fiend Fire","floor":31}],"player_experience":2627613,"relics_obtained":[{"floor":7,"key":"Juzu Bracelet"},{"floor":9,"key":"Orichalcum"},{"floor":11,"key":"Lantern"},{"floor":24,"key":"Bag of Marbles"},{"floor":26,"key":"Singing Bowl"},{"floor":28,"key":"Smiling Mask"},{"floor":30,"key":"Dodecahedron"},{"floor":31,"key":"Bag of Preparation"}],"event_choices":[{"cards_removed":["Strike_R"],"damage_healed":0,"gold_gain":0,"player_choice":"Forget","damage_taken":0,"max_hp_gain":0,"max_hp_loss":0,"event_name":"Living Wall","floor":3,"gold_loss":0},{"cards_removed":["Strike_R"],"damage_healed":0,"gold_gain":0,"player_choice":"Card Removal","damage_taken":0,"max_hp_gain":0,"max_hp_loss":0,"event_name":"The Cleric","floor":10,"gold_loss":75},{"damage_healed":0,"gold_gain":75,"player_choice":"Gather Gold","damage_taken":11,"max_hp_gain":0,"max_hp_loss":0,"event_name":"World of Goop","floor":12,"gold_loss":0},{"damage_healed":0,"gold_gain":0,"player_choice":"Rummage","damage_taken":0,"relics_obtained":["WarpedTongs"],"max_hp_gain":0,"max_hp_loss":0,"event_name":"Accursed Blacksmith","floor":19,"gold_loss":0,"cards_obtained":["Pain"]},{"damage_healed":0,"gold_gain":0,"player_choice":"Upgraded","damage_taken":0,"max_hp_gain":0,"max_hp_loss":0,"event_name":"Upgrade Shrine","floor":20,"gold_loss":0,"cards_upgraded":["Spot Weakness"]},{"damage_healed":0,"gold_gain":50,"player_choice":"Stole From Cult","damage_taken":0,"max_hp_gain":0,"max_hp_loss":0,"event_name":"Nest","floor":29,"gold_loss":0}],"is_beta":false,"boss_relics":[{"not_picked":["Black Star","Empty Cage"],"picked":"Mark of Pain"}],"items_purged_floors":[25],"is_endless":false,"potions_floor_spawned":[1,7,11,16,21,22,31],"killed_by":"Collector","ascension_level":20}