{"path_per_floor":["M","?","M","M","T","R","E","M","T","E","M","?","R","E","R","B",null,"M","?","$","?","$","R","M","$","T","R","E","R","E","?","R"],"character_chosen":"DEFECT","items_purchased":["Gash","Finesse","Finesse","Regen Potion"],"gold_per_floor":[109,209,227,246,246,246,276,296,375,409,429,394,394,428,428,527,527,537,537,462,462,213,213,224,42,68,68,99,99,126,126,126,126],"floor_reached":33,"campfire_rested":2,"playtime":2481,"item_purchase_floors":[22,22,25,25],"current_hp_per_floor":[75,75,75,75,75,75,66,65,65,47,58,75,75,59,75,34,75,71,71,71,71,71,71,70,70,70,70,69,69,60,60,75,0],"items_purged":["Defend_B","Defend_B"],"gold":126,"score":384,"play_id":"6b9215eb-fa2c-4340-8fba-3c3eed57ad16","local_time":"20180607201216","is_prod":false,"is_daily":false,"chose_seed":false,"is_ascension_mode":true,"campfire_upgraded":5,"win_rate":0,"timestamp":1528391536,"campfire_choices":[{"data":"Beam Cell","floor":6,"key":"SMITH"},{"data":"FTL","floor":13,"key":"SMITH"},{"floor":15,"key":"REST"},{"data":"Reboot","floor":23,"key":"SMITH"},{"data":"Zap","floor":27,"key":"SMITH"},{"data":"Finesse","floor":29,"key":"SMITH"},{"floor":32,"key":"REST"}],"path_taken":["M","?","?","M","?","R","E","M","T","E","M","?","R","E","R","BOSS","M","?","$","?","$","R","M","$","T","R","E","R","E","?","R","BOSS"],"build_version":"2018-05-31","seed_source_timestamp":1459710148005849,"purchased_purges":2,"victory":false,"master_deck":["Strike_B","Strike_B","Strike_B","Strike_B","Defend_B","Defend_B","Zap+1","Dualcast","BootSequence","Beam Cell+1","BootSequence","FTL+1","Streamline","Gash","Reboot+1","Steam","Steam","Chill+1","Beam Cell","Gash","Gash","Finesse+1","Gash","Finesse+1","Beam Cell"],"max_hp_per_floor":[75,75,75,75,75,75,75,75,75,75,75,75,75,75,75,75,75,75,75,75,75,75,75,75,75,75,75,75,75,75,75,75,75],"relics":["Cracked Core","NeowsBlessing","Shuriken","Cables","Blue Candle","Vajra","Torii","Orrery","Omamori","Dream Catcher","War Paint"],"card_choices":[{"not_picked":["Stack","Coolheaded"],"picked":"BootSequence","floor":1},{"not_picked":["Blizzard","Leap"],"picked":"Beam Cell","floor":3},{"not_picked":["Storm","Redo"],"picked":"BootSequence","floor":4},{"not_picked":["Reinforced Body","Doom and Gloom","Steam Power"],"picked":"SKIP","floor":7},{"not_picked":["Reinforced Body","Recycle"],"picked":"FTL","floor":8},{"not_picked":["Compile Driver","Capacitor","Turbo"],"picked":"SKIP","floor":10},{"not_picked":["Leap","Electrodynamics"],"picked":"Streamline","floor":11},{"not_picked":["Beam Cell","Darkness"],"picked":"Gash","floor":14},{"not_picked":["Electrodynamics","Biased Cognition"],"picked":"Reboot","floor":16},{"not_picked":["Capacitor","Go for the Eyes"],"picked":"Steam","floor":17},{"not_picked":["Tempest","Leap"],"picked":"Steam","floor":17},{"not_picked":["Reinforced Body","Undo"],"picked":"Chill","floor":17},{"not_picked":["Rebound","Stack"],"picked":"Beam Cell","floor":18},{"not_picked":["Barrage","Biased Cognition"],"picked":"Gash","floor":24},{"not_picked":["Compile Driver","Streamline"],"picked":"Beam Cell","floor":28},{"not_picked":["Capacitor","Reprogram+1","Barrage+1"],"picked":"SKIP","floor":30}],"player_experience":471679,"potions_floor_usage":[7,10,11,24,30,33,33,33],"damage_taken":[{"damage":0,"enemies":"Small Slimes","floor":1,"turns":1},{"damage":0,"enemies":"Cultist","floor":3,"turns":1},{"damage":0,"enemies":"2 Louse","floor":4,"turns":1},{"damage":9,"enemies":"Gremlin Nob","floor":7,"turns":4},{"damage":1,"enemies":"Looter","floor":8,"turns":3},{"damage":18,"enemies":"Lagavulin","floor":10,"turns":5},{"damage":1,"enemies":"Lots of Slimes","floor":11,"turns":4},{"damage":16,"enemies":"Gremlin Nob","floor":14,"turns":3},{"damage":41,"enemies":"The Guardian","floor":16,"turns":6},{"damage":4,"enemies":"3 Byrds","floor":18,"turns":6},{"damage":1,"enemies":"Chosen","floor":24,"turns":3},{"damage":1,"enemies":"Book of Stabbing","floor":28,"turns":3},{"damage":21,"enemies":"Slavers","floor":30,"turns":5},{"damage":87,"enemies":"Collector","floor":33,"turns":7}],"relics_obtained":[{"floor":5,"key":"Shuriken"},{"floor":7,"key":"Cables"},{"floor":9,"key":"Blue Candle"},{"floor":10,"key":"Vajra"},{"floor":14,"key":"Torii"},{"floor":26,"key":"Omamori"},{"floor":28,"key":"Dream Catcher"},{"floor":30,"key":"War Paint"}],"event_choices":[{"event_name":"Golden Shrine","player_choice":"Pray","floor":2,"damage_taken":0},{"event_name":"The Cleric","player_choice":"Healed","floor":12,"damage_taken":0},{"event_name":"The Library","player_choice":"Read","floor":19,"damage_taken":0},{"event_name":"Ghosts","player_choice":"Ignored","floor":21,"damage_taken":0},{"event_name":"The Lab","player_choice":"Got Potions","floor":31,"damage_taken":0}],"boss_relics":[{"not_picked":["Philosopher\u0027s Stone","Inserter"],"picked":"Orrery"}],"items_purged_floors":[20,22],"potions_floor_spawned":[4,7,8,10,14],"seed_played":"-2263406682135743308","killed_by":"Collector","ascension_level":4,"potions_obtained":[{"floor":4,"key":"EssenceOfSteel"},{"floor":7,"key":"Fire Potion"},{"floor":8,"key":"Block Potion"},{"floor":10,"key":"Regen Potion"},{"floor":14,"key":"Fire Potion"},{"floor":31,"key":"SteroidPotion"},{"floor":31,"key":"Fire Potion"}],"is_trial":false}