{"gold_per_floor":[116,128,128,0,0,0,29,45,45,58,58,58],"floor_reached":12,"playtime":159,"items_purged":["Decay"],"score":206,"play_id":"bbf50b16-5d89-4547-a0e1-ddbf985677b6","local_time":"20190328155431","is_ascension_mode":true,"campfire_choices":[{"data":"Bash","floor":6,"key":"SMITH"},{"data":"Rampage","floor":11,"key":"SMITH"}],"neow_cost":"NONE","seed_source_timestamp":49839977604000,"circlet_count":0,"master_deck":["AscendersBane","Strike_R","Strike_R","Strike_R","Strike_R","Defend_R","Defend_R","Defend_R","Defend_R","Bash+1","Flex","True Grit","Rampage+1"],"relics":["Burning Blood","NeowsBlessing","Regal Pillow","Frozen Egg 2"],"potions_floor_usage":[10,10],"damage_taken":[{"damage":0,"enemies":"2 Louse","floor":1,"turns":1},{"damage":0,"enemies":"Cultist","floor":2,"turns":1},{"damage":0,"enemies":"3 Sentries","floor":7,"turns":1},{"damage":6,"enemies":"Small Slimes","floor":8,"turns":4},{"damage":29,"enemies":"Gremlin Gang","floor":10,"turns":5},{"damage":0,"enemies":"Lagavulin Event","floor":12,"turns":1}],"seed_played":"-8742627252059532866","potions_obtained":[{"floor":7,"key":"Weak Potion"},{"floor":10,"key":"GamblersBrew"}],"is_trial":false,"path_per_floor":["M","M","?","$","?","R","E","M","T","M","R","?"],"character_chosen":"IRONCLAD","items_purchased":["PowerPotion"],"campfire_rested":0,"item_purchase_floors":[4],"current_hp_per_floor":[74,75,75,75,68,68,74,74,74,51,51,51],"gold":58,"neow_bonus":"THREE_ENEMY_KILL","is_prod":false,"is_daily":false,"chose_seed":false,"campfire_upgraded":2,"win_rate":0,"timestamp":1553756071,"path_taken":["M","M","?","?","?","R","E","M","T","M","R","?"],"build_version":"2019-01-23","purchased_purges":1,"victory":false,"max_hp_per_floor":[75,75,75,75,75,75,75,75,75,75,75,75],"card_choices":[{"not_picked":["Thunderclap","Warcry"],"picked":"Flex","floor":1},{"not_picked":["Cleave","Thunderclap","Metallicize"],"picked":"SKIP","floor":2},{"not_picked":["Pommel Strike","Havoc"],"picked":"True Grit","floor":7},{"not_picked":["Hemokinesis","Warcry"],"picked":"Rampage","floor":8},{"not_picked":["Armaments","True Grit","Twin Strike"],"picked":"SKIP","floor":10}],"player_experience":2675688,"relics_obtained":[{"floor":7,"key":"Regal Pillow"},{"floor":9,"key":"Frozen Egg 2"}],"event_choices":[{"damage_healed":0,"gold_gain":0,"player_choice":"Cursed","damage_taken":0,"max_hp_gain":0,"max_hp_loss":0,"event_name":"Wheel of Change","floor":3,"gold_loss":0,"cards_obtained":["Decay"]},{"cards_removed":["Strike_R"],"damage_healed":0,"gold_gain":0,"player_choice":"Card Removal","damage_taken":7,"max_hp_gain":0,"max_hp_loss":0,"event_name":"Golden Wing","floor":5,"gold_loss":0},{"damage_healed":0,"gold_gain":0,"player_choice":"Searched \u00271\u0027 times","damage_taken":0,"max_hp_gain":0,"max_hp_loss":0,"event_name":"Dead Adventurer","floor":12,"gold_loss":0}],"is_beta":false,"boss_relics":[],"items_purged_floors":[4],"is_endless":false,"potions_floor_spawned":[7,8,10],"killed_by":"Lagavulin Event","ascension_level":20}