{"path_per_floor":["M","M","M","$","M","R","E","?","T","?","R","$","?","M","R","B",null,"M","M","?","?"],"character_chosen":"IRONCLAD","items_purchased":["Rage","Inflame"],"gold_per_floor":[119,130,146,72,84,84,113,113,136,86,86,47,47,65,65,161,161,147,167,82,82,82],"floor_reached":22,"campfire_rested":1,"playtime":1006,"current_hp_per_floor":[78,83,86,86,89,89,48,48,55,55,55,55,55,59,100,87,100,73,36,36,36,0],"items_purged":[],"gold":82,"score":298,"play_id":"ef5e52df-a8e9-4fd8-a612-6b40ce556311","local_time":"20180331231853","is_prod":false,"is_daily":false,"is_ascension_mode":true,"campfire_upgraded":2,"timestamp":1522527533,"path_taken":["M","M","M","$","M","R","E","?","T","?","R","$","?","M","R","BOSS","M","M","?","?","M"],"build_version":"2018-03-29v2","purchased_purges":0,"victory":false,"master_deck":["Bash","Feed+1","Body Slam","Shrug It Off","Rage","Shrug It Off","Demon Form+1","Inflame","Pommel Strike","Berserk","Twin Strike","Perfected Strike","Armaments","Clothesline","Shrug It Off","Warcry","Armaments+1","Warcry"],"max_hp_per_floor":[80,83,86,86,89,89,89,89,96,96,96,96,96,100,100,104,104,104,108,108,108,112],"relics":["Burning Blood","NeowsBlessing","Regal Pillow","Strawberry","Pandora\u0027s Box","Sundial"],"card_choices":[{"not_picked":["Shockwave","Dual Wield"],"picked":"Feed","floor":1},{"not_picked":["Sword Boomerang","Perfected Strike"],"picked":"Body Slam","floor":2},{"not_picked":["Burning Pact","Twin Strike"],"picked":"Shrug It Off","floor":3},{"not_picked":["Whirlwind","Pommel Strike"],"picked":"Shrug It Off","floor":5},{"not_picked":["Sentinel","Pummel"],"picked":"Demon Form","floor":7},{"not_picked":["Power Through","Sword Boomerang"],"picked":"Pommel Strike","floor":14},{"not_picked":["Bludgeon","Offering"],"picked":"Berserk","floor":16},{"not_picked":["Headbutt","Anger"],"picked":"Armaments","floor":18},{"not_picked":["Sever Soul","Clash"],"picked":"Warcry","floor":19}],"player_experience":351024,"potions_floor_usage":[5,7,16,18],"damage_taken":[{"damage":0,"enemies":"Small Slimes","floor":1,"turns":1},{"damage":0,"enemies":"Cultist","floor":2,"turns":3},{"damage":0,"enemies":"2 Louse","floor":3,"turns":2},{"damage":1,"enemies":"Blue Slaver","floor":5,"turns":3},{"damage":62,"enemies":"Lagavulin","floor":7,"turns":9},{"damage":6,"enemies":"3 Louse","floor":14,"turns":3},{"damage":23,"enemies":"The Guardian","floor":16,"turns":9},{"damage":33,"enemies":"2 Thieves","floor":18,"turns":4},{"damage":47,"enemies":"3 Byrds","floor":19,"turns":6},{"damage":44,"enemies":"Cultist and Chosen","floor":22,"turns":4}],"event_choices":[{"event_name":"Wheel of Change","player_choice":"Card Removal","floor":8,"damage_taken":0},{"event_name":"The Cleric","player_choice":"Card Removal","floor":10,"damage_taken":0},{"event_name":"Liars Game","player_choice":"disagreed","floor":13,"damage_taken":0},{"event_name":"Addict","player_choice":"Obtained Relic","floor":20,"damage_taken":0},{"event_name":"Back to Basics","player_choice":"Elegance","floor":21,"damage_taken":0}],"boss_relics":[{"not_picked":["Runic Dome","Snecko Eye"],"picked":"Pandora\u0027s Box"}],"potions_floor_spawned":[1,3,14,16],"seed_played":"-2440293023804980156","killed_by":"Cultist and Chosen","ascension_level":7,"is_trial":false}