{"gold_per_floor":[114,126,91,91,91,116,116,147,174,185,185,197,213,245,245,319,319,331,10,24,24,24,54,54,83,83,83,83,108,8,8,20,105,117,145,206,218,241,263,275,314,326],"floor_reached":42,"playtime":1526,"items_purged":["Normality","Injury"],"score":1010,"play_id":"cdf0b7c1-dea6-4336-9258-92afaeb3776e","local_time":"20190407150133","is_ascension_mode":true,"campfire_choices":[{"data":"Beam Cell","floor":7,"key":"SMITH"},{"data":"Defragment","floor":11,"key":"SMITH"},{"data":"Consume","floor":15,"key":"SMITH"},{"floor":24,"key":"REST"},{"floor":27,"key":"REST"},{"data":"Capacitor","floor":32,"key":"SMITH"},{"floor":40,"key":"REST"}],"neow_cost":"NONE","seed_source_timestamp":45895584166100,"circlet_count":0,"master_deck":["AscendersBane","Strike_B","Strike_B+1","Strike_B","Defend_B","Defend_B","Defend_B","Defend_B","Zap","Dualcast","Defragment+1","Go for the Eyes+1","Beam Cell+1","White Noise","Consume+1","Coolheaded","Reboot","White Noise","Capacitor+1","Chill","Heatsinks","Double Energy","Shame","Rainbow","Ball Lightning+1","Recycle","Capacitor+1","Amplify","Parasite","Hologram"],"relics":["FrozenCore","NeowsBlessing","Pen Nib","Bird Faced Urn","Orichalcum","Whetstone","Calling Bell","Bag of Marbles","Pear","Du-Vu Doll","Lantern","Strawberry","Happy Flower","PreservedInsect","Red Mask","MawBank","Incense Burner","Vajra"],"potions_floor_usage":[8,16,16,23,29,38,39,39,41],"damage_taken":[{"damage":0,"enemies":"Small Slimes","floor":1,"turns":1},{"damage":0,"enemies":"Jaw Worm","floor":2,"turns":1},{"damage":0,"enemies":"Gremlin Nob","floor":6,"turns":1},{"damage":20,"enemies":"Lagavulin","floor":8,"turns":7},{"damage":7,"enemies":"2 Louse","floor":10,"turns":2},{"damage":11,"enemies":"Looter","floor":12,"turns":3},{"damage":10,"enemies":"3 Louse","floor":13,"turns":3},{"damage":12,"enemies":"3 Sentries","floor":14,"turns":8},{"damage":24,"enemies":"The Guardian","floor":16,"turns":9},{"damage":40,"enemies":"3 Byrds","floor":18,"turns":5},{"damage":13,"enemies":"Spheric Guardian","floor":20,"turns":5},{"damage":23,"enemies":"Gremlin Leader","floor":23,"turns":7},{"damage":53,"enemies":"Book of Stabbing","floor":25,"turns":6},{"damage":0,"enemies":"Masked Bandits","floor":29,"turns":4},{"damage":23,"enemies":"Champ","floor":33,"turns":13},{"damage":0,"enemies":"Orb Walker","floor":35,"turns":6},{"damage":86,"enemies":"2 Orb Walkers","floor":36,"turns":8},{"damage":1,"enemies":"3 Shapes","floor":38,"turns":6},{"damage":1,"enemies":"Writhing Mass","floor":39,"turns":8},{"damage":64,"enemies":"Giant Head","floor":41,"turns":11},{"damage":22,"enemies":"Sphere and 2 Shapes","floor":42,"turns":3}],"seed_played":"8445258301670883275","potions_obtained":[{"floor":1,"key":"Explosive Potion"},{"floor":6,"key":"SpeedPotion"},{"floor":10,"key":"Swift Potion"},{"floor":12,"key":"PowerPotion"},{"floor":18,"key":"Energy Potion"},{"floor":20,"key":"Poison Potion"},{"floor":25,"key":"AttackPotion"},{"floor":29,"key":"SpeedPotion"},{"floor":38,"key":"Swift Potion"},{"floor":39,"key":"SkillPotion"}],"is_trial":false,"path_per_floor":["M","M","?","?","?","E","R","E","T","M","R","M","M","E","R","B",null,"M","$","M","?","?","E","R","E","T","R","?","?","$","?","R","B",null,"M","?","?","M","M","R","E","M"],"character_chosen":"DEFECT","items_purchased":["Lantern","Capacitor"],"campfire_rested":3,"item_purchase_floors":[19,19],"current_hp_per_floor":[64,64,71,71,71,71,71,51,51,50,50,43,37,29,29,13,67,39,39,34,34,34,26,52,9,9,35,35,43,43,43,43,30,74,84,12,12,21,34,60,8,0],"gold":326,"neow_bonus":"THREE_ENEMY_KILL","is_prod":false,"is_daily":false,"chose_seed":false,"campfire_upgraded":4,"win_rate":0,"timestamp":1554616893,"path_taken":["M","M","?","?","?","E","R","E","T","M","R","M","M","E","R","BOSS","M","$","M","?","?","E","R","E","T","R","?","?","$","?","R","BOSS","M","?","?","M","?","R","E","M"],"build_version":"2019-01-23","purchased_purges":2,"victory":false,"max_hp_per_floor":[71,71,71,71,71,71,71,71,71,71,71,71,71,71,71,71,81,81,81,81,81,81,88,88,88,88,88,88,88,88,88,88,88,88,88,88,88,88,88,88,88,88],"card_choices":[{"not_picked":["Blizzard","Scrape","Steam"],"picked":"SKIP","floor":1},{"not_picked":["White Noise","Compile Driver"],"picked":"Defragment","floor":2},{"not_picked":["Reboot","Compile Driver"],"picked":"Beam Cell","floor":6},{"not_picked":["Cold Snap","Recycle"],"picked":"White Noise","floor":8},{"not_picked":["Conserve Battery","Steam Power","Scrape"],"picked":"SKIP","floor":10},{"not_picked":["Stack","Gash"],"picked":"Consume","floor":12},{"not_picked":["Blizzard","Lockon"],"picked":"Coolheaded","floor":13},{"not_picked":["Genetic Algorithm","Conserve Battery","Steam"],"picked":"SKIP","floor":14},{"not_picked":["Amplify","Meteor Strike"],"picked":"Reboot","floor":16},{"not_picked":["Beam Cell","Static Discharge"],"picked":"White Noise","floor":18},{"not_picked":["Steam Power","Rip and Tear"],"picked":"Chill","floor":20},{"not_picked":["Scrape","Leap"],"picked":"Heatsinks","floor":23},{"not_picked":["Conserve Battery","Sweeping Beam+1"],"picked":"Double Energy","floor":25},{"not_picked":["Machine Learning","Hyperbeam"],"picked":"Rainbow","floor":33},{"not_picked":["Rebound","Leap"],"picked":"Ball Lightning+1","floor":35},{"not_picked":["Skim","Hologram"],"picked":"Recycle","floor":36},{"not_picked":["Darkness","Rebound+1"],"picked":"Amplify","floor":38},{"not_picked":["Redo","Undo"],"picked":"Hologram","floor":39},{"not_picked":["Rip and Tear","Storm","Go for the Eyes+1"],"picked":"SKIP","floor":41}],"player_experience":2943880,"relics_obtained":[{"floor":6,"key":"Pen Nib"},{"floor":8,"key":"Bird Faced Urn"},{"floor":9,"key":"Orichalcum"},{"floor":14,"key":"Whetstone"},{"floor":17,"key":"Bag of Marbles"},{"floor":17,"key":"Pear"},{"floor":17,"key":"Du-Vu Doll"},{"floor":23,"key":"Strawberry"},{"floor":25,"key":"Happy Flower"},{"floor":26,"key":"PreservedInsect"},{"floor":29,"key":"Red Mask"},{"floor":36,"key":"Incense Burner"},{"floor":41,"key":"Vajra"}],"event_choices":[{"damage_healed":17,"gold_gain":0,"player_choice":"Healed","damage_taken":0,"max_hp_gain":0,"max_hp_loss":0,"event_name":"The Cleric","floor":3,"gold_loss":35},{"damage_healed":0,"gold_gain":0,"cards_transformed":["Strike_B"],"player_choice":"Change","damage_taken":0,"max_hp_gain":0,"max_hp_loss":0,"event_name":"Living Wall","floor":4,"gold_loss":0,"cards_obtained":["Go for the Eyes"]},{"damage_healed":0,"gold_gain":0,"player_choice":"Ignored","damage_taken":0,"max_hp_gain":0,"max_hp_loss":0,"event_name":"Liars Game","floor":5,"gold_loss":0},{"damage_healed":0,"gold_gain":0,"player_choice":"Ignored","damage_taken":0,"max_hp_gain":0,"max_hp_loss":0,"event_name":"The Mausoleum","floor":21,"gold_loss":0},{"damage_healed":0,"gold_gain":0,"player_choice":"Ignored","damage_taken":0,"max_hp_gain":0,"max_hp_loss":0,"event_name":"Beggar","floor":22,"gold_loss":0},{"cards_removed":["Writhe"],"damage_healed":0,"gold_gain":0,"player_choice":"Elegance","damage_taken":0,"max_hp_gain":0,"max_hp_loss":0,"event_name":"Back to Basics","floor":28,"gold_loss":0},{"damage_healed":0,"gold_gain":0,"player_choice":"Fought Bandits","damage_taken":0,"max_hp_gain":0,"max_hp_loss":0,"event_name":"Masked Bandits","floor":29,"gold_loss":0},{"damage_healed":0,"gold_gain":0,"player_choice":"Stole Relic","damage_taken":0,"relics_obtained":["MawBank"],"max_hp_gain":0,"max_hp_loss":0,"event_name":"Addict","floor":31,"gold_loss":0,"cards_obtained":["Shame"]},{"damage_healed":0,"gold_gain":0,"player_choice":"Fight","damage_taken":0,"max_hp_gain":0,"max_hp_loss":0,"event_name":"Mysterious Sphere","floor":36,"gold_loss":0},{"damage_healed":0,"gold_gain":0,"player_choice":"Copied","damage_taken":0,"max_hp_gain":0,"max_hp_loss":0,"event_name":"Duplicator","floor":37,"gold_loss":0,"cards_obtained":["Capacitor"]}],"is_beta":false,"boss_relics":[{"not_picked":["Orrery","Sozu"],"picked":"Calling Bell"},{"not_picked":["Black Star","Philosopher\u0027s Stone"],"picked":"FrozenCore"}],"items_purged_floors":[19,30],"is_endless":false,"potions_floor_spawned":[1,6,10,12,18,20,25,29,38,39],"killed_by":"Sphere and 2 Shapes","ascension_level":20}