{"gold_per_floor":[119,138,288,288,14,44,44,75,125,142,169,118,118,136,136,210,210,226,226,97,97,108,108,158,176,199,199,213,232,258,275,275,275],"floor_reached":33,"playtime":1373,"items_purged":["Defend_B"],"score":580,"play_id":"16d506c9-22dc-4c2b-91aa-afab66c590a5","local_time":"20190318145726","is_ascension_mode":true,"campfire_choices":[{"data":"Consume","floor":7,"key":"SMITH"},{"floor":13,"key":"REST"},{"floor":15,"key":"REST"},{"floor":23,"key":"REST"},{"data":"Defragment","floor":27,"key":"SMITH"},{"data":"Capacitor","floor":32,"key":"SMITH"}],"neow_cost":"NONE","seed_source_timestamp":100226160479900,"circlet_count":0,"master_deck":["AscendersBane","Strike_B","Strike_B","Strike_B","Strike_B","Defend_B","Defend_B","Defend_B","Zap","Dualcast","Coolheaded","Consume+1","Coolheaded","Coolheaded","Double Energy","Capacitor+1","Streamline","Echo Form","Defragment+1","Ghostly","Ghostly","Ghostly","Capacitor","Core Surge"],"relics":["Cracked Core","NeowsBlessing","ClockworkSouvenir","Blood Vial","Dodecahedron","Bronze Scales","Omamori","Calling Bell","Smiling Mask","Singing Bowl","Girya","Orichalcum"],"potions_floor_usage":[11,11,22,33,33],"damage_taken":[{"damage":0,"enemies":"Jaw Worm","floor":1,"turns":1},{"damage":0,"enemies":"2 Louse","floor":2,"turns":1},{"damage":0,"enemies":"Gremlin Nob","floor":6,"turns":1},{"damage":25,"enemies":"3 Sentries","floor":8,"turns":17},{"damage":14,"enemies":"Small Slimes","floor":10,"turns":5},{"damage":17,"enemies":"Gremlin Nob","floor":11,"turns":7},{"damage":21,"enemies":"3 Louse","floor":14,"turns":2},{"damage":26,"enemies":"The Guardian","floor":16,"turns":11},{"damage":27,"enemies":"Shell Parasite","floor":18,"turns":8},{"damage":19,"enemies":"Chosen","floor":22,"turns":7},{"damage":13,"enemies":"3 Cultists","floor":25,"turns":7},{"damage":12,"enemies":"Centurion and Healer","floor":28,"turns":16},{"damage":10,"enemies":"Sentry and Sphere","floor":29,"turns":9},{"damage":2,"enemies":"Snecko","floor":31,"turns":8},{"damage":20,"enemies":"Automaton","floor":33,"turns":4}],"seed_played":"8316923606397305265","potions_obtained":[{"floor":1,"key":"SneckoOil"},{"floor":2,"key":"FocusPotion"},{"floor":16,"key":"Regen Potion"},{"floor":22,"key":"Explosive Potion"},{"floor":29,"key":"EssenceOfSteel"}],"is_trial":false,"path_per_floor":["M","M","?","?","$","E","R","E","T","M","E","?","R","M","R","B",null,"M","?","$","?","M","R","?","M","T","R","M","M","T","M","R","B"],"character_chosen":"DEFECT","items_purchased":["ClockworkSouvenir","Coolheaded","Defragment"],"campfire_rested":3,"item_purchase_floors":[5,5,20],"current_hp_per_floor":[64,64,64,57,57,57,57,34,34,22,7,7,28,9,30,6,55,32,32,32,32,27,36,36,25,25,25,17,11,11,11,11,0],"gold":275,"neow_bonus":"THREE_ENEMY_KILL","is_prod":false,"is_daily":false,"chose_seed":false,"campfire_upgraded":3,"win_rate":0,"timestamp":1552888646,"path_taken":["M","M","?","?","$","E","R","E","T","M","E","?","R","M","R","BOSS","M","?","$","?","M","R","?","M","T","R","M","M","?","M","R","BOSS"],"build_version":"2019-01-23","purchased_purges":1,"victory":false,"max_hp_per_floor":[71,71,71,71,71,71,71,71,71,71,71,71,71,71,71,71,71,73,73,73,36,36,36,36,38,38,38,40,42,42,42,42,42],"card_choices":[{"not_picked":["Blizzard","Conserve Battery"],"picked":"Coolheaded","floor":1},{"not_picked":["Gash","Auto Shields"],"picked":"Consume","floor":2},{"not_picked":["Consume","Go for the Eyes"],"picked":"Coolheaded","floor":6},{"not_picked":["Coolheaded","Undo"],"picked":"Double Energy","floor":8},{"not_picked":["Leap","Streamline"],"picked":"Capacitor","floor":10},{"not_picked":["Go for the Eyes","Coolheaded","Ball Lightning"],"picked":"SKIP","floor":11},{"not_picked":["BootSequence","Compile Driver"],"picked":"Streamline","floor":14},{"not_picked":["Fission","Rainbow"],"picked":"Echo Form","floor":16},{"not_picked":["Compile Driver+1","Sunder","Reinforced Body"],"picked":"Singing Bowl","floor":18},{"not_picked":["Auto Shields","Beam Cell+1"],"picked":"Capacitor","floor":22},{"not_picked":["Heatsinks","Coolheaded","Compile Driver"],"picked":"Singing Bowl","floor":25},{"not_picked":["Compile Driver","Genetic Algorithm+1","Ball Lightning"],"picked":"Singing Bowl","floor":28},{"not_picked":["Compile Driver","Hello World","Barrage"],"picked":"Singing Bowl","floor":29},{"not_picked":["Ball Lightning","Compile Driver+1"],"picked":"Core Surge","floor":31}],"player_experience":2349345,"relics_obtained":[{"floor":6,"key":"Blood Vial"},{"floor":8,"key":"Dodecahedron"},{"floor":9,"key":"Bronze Scales"},{"floor":11,"key":"Omamori"},{"floor":17,"key":"Smiling Mask"},{"floor":17,"key":"Singing Bowl"},{"floor":17,"key":"Girya"},{"floor":26,"key":"Orichalcum"}],"event_choices":[{"damage_healed":0,"gold_gain":150,"player_choice":"AGREE","damage_taken":0,"max_hp_gain":0,"max_hp_loss":0,"event_name":"Liars Game","floor":3,"gold_loss":0,"cards_obtained":["Doubt"]},{"cards_removed":["Doubt"],"damage_healed":0,"gold_gain":0,"player_choice":"Card Removal","damage_taken":7,"max_hp_gain":0,"max_hp_loss":0,"event_name":"Golden Wing","floor":4,"gold_loss":0},{"damage_healed":0,"gold_gain":0,"player_choice":"Left Gold","damage_taken":0,"max_hp_gain":0,"max_hp_loss":0,"event_name":"World of Goop","floor":12,"gold_loss":51},{"cards_removed":["Doubt"],"damage_healed":0,"gold_gain":0,"player_choice":"Elegance","damage_taken":0,"max_hp_gain":0,"max_hp_loss":0,"event_name":"Back to Basics","floor":19,"gold_loss":0},{"damage_healed":0,"gold_gain":0,"player_choice":"Became a Ghost","damage_taken":0,"max_hp_gain":0,"max_hp_loss":37,"event_name":"Ghosts","floor":21,"gold_loss":0,"cards_obtained":["Ghostly","Ghostly","Ghostly"]},{"damage_healed":0,"gold_gain":50,"player_choice":"Stole From Cult","damage_taken":0,"max_hp_gain":0,"max_hp_loss":0,"event_name":"Nest","floor":24,"gold_loss":0}],"is_beta":false,"boss_relics":[{"not_picked":["Snecko Eye","Sozu"],"picked":"Calling Bell"}],"items_purged_floors":[20],"is_endless":false,"potions_floor_spawned":[1,2,16,22,29],"killed_by":"Automaton","ascension_level":20}