{"path_per_floor":["M","M","$","?","?","R","M","R","T","E","R","E","$"],"character_chosen":"DEFECT","items_purchased":["Capacitor"],"gold_per_floor":[109,120,68,68,68,68,82,82,112,156,156,200,125,125],"floor_reached":14,"campfire_rested":0,"playtime":506,"item_purchase_floors":[3],"current_hp_per_floor":[68,58,58,58,63,63,55,55,55,36,36,23,23,0],"items_purged":["Sunder"],"gold":125,"score":130,"play_id":"9af5a105-b6ab-4127-9895-b7225017ff65","local_time":"20180521181341","is_prod":false,"is_daily":false,"chose_seed":false,"is_ascension_mode":true,"campfire_upgraded":3,"timestamp":1526897621,"campfire_choices":[{"data":"Genetic Algorithm","floor":6,"key":"SMITH"},{"data":"Zap","floor":8,"key":"SMITH"},{"data":"Self Repair","floor":11,"key":"SMITH"}],"path_taken":["M","?","$","?","?","R","M","R","T","E","R","E","?","M"],"build_version":"2018-05-18","seed_source_timestamp":871079580008588,"purchased_purges":1,"victory":false,"master_deck":["Zap+1","Dualcast","Genetic Algorithm+1","Barrage","Ball Lightning","Cold Snap","Barrage","Ball Lightning","Stack","Capacitor","Capacitor","Self Repair+1","White Noise"],"max_hp_per_floor":[75,75,75,69,74,74,74,74,74,74,74,74,74,74],"relics":["Pandora\u0027s Box","Golden Idol","Tiny Chest","Dodecahedron","Centennial Puzzle"],"card_choices":[{"not_picked":["Force Field","Reprogram"],"picked":"Capacitor","floor":1},{"not_picked":["Axe Kick","Recycle","Go for the Eyes"],"picked":"SKIP","floor":2},{"not_picked":["Sweeping Beam","Double Energy","Axe Kick"],"picked":"SKIP","floor":7},{"not_picked":["Axe Kick","Sweeping Beam"],"picked":"Self Repair","floor":10},{"not_picked":["Streamline","Recycle"],"picked":"White Noise","floor":12}],"player_experience":394805,"potions_floor_usage":[],"damage_taken":[{"damage":0,"enemies":"Cultist","floor":1,"turns":3},{"damage":10,"enemies":"Jaw Worm","floor":2,"turns":2},{"damage":8,"enemies":"2 Louse","floor":7,"turns":2},{"damage":19,"enemies":"Gremlin Nob","floor":10,"turns":4},{"damage":23,"enemies":"3 Sentries","floor":12,"turns":5},{"damage":27,"enemies":"Large Slime","floor":14,"turns":3}],"relics_obtained":[{"floor":9,"key":"Tiny Chest"},{"floor":10,"key":"Dodecahedron"},{"floor":12,"key":"Centennial Puzzle"}],"event_choices":[{"event_name":"Golden Idol","player_choice":"Lose Max HP","floor":4,"damage_taken":0},{"event_name":"Big Fish","player_choice":"Donut","floor":5,"damage_taken":0}],"boss_relics":[],"items_purged_floors":[13],"potions_floor_spawned":[12],"seed_played":"-4849590477749554323","killed_by":"Large Slime","ascension_level":7,"potions_obtained":[{"floor":12,"key":"PowerPotion"}],"is_trial":false}