{"gold_per_floor":[114,129,141,141,160,160,193,206,206,232,246,278,278,298,298,394,394,411,411,217,237,257,268,295,314,314,314,8,8,18,33,33,132,132,150,150,162,178,195,530,530,530,603,14,14,31,59,59,59,59],"floor_reached":51,"playtime":2697,"items_purged":["Defend_R"],"score":878,"play_id":"8bce9a12-db20-4737-9452-1b108ba68dad","local_time":"20190427024127","is_ascension_mode":false,"campfire_choices":[{"data":"Perfected Strike","floor":6.0,"key":"SMITH"},{"data":"Bash","floor":15.0,"key":"SMITH"},{"data":"Corruption","floor":27.0,"key":"SMITH"},{"data":"Demon Form","floor":29.0,"key":"SMITH"},{"floor":32.0,"key":"REST"},{"floor":41.0,"key":"REST"},{"data":"Limit Break","floor":45,"key":"SMITH"},{"data":"Blind","floor":49,"key":"SMITH"}],"neow_cost":"NONE","seed_source_timestamp":1264933329869600,"circlet_count":0,"master_deck":["Strike_R","Strike_R","Strike_R","Strike_R","Strike_R","Defend_R+1","Defend_R+1","Defend_R+1","Bash+1","Shrug It Off+1","True Grit","Perfected Strike+1","Shockwave+1","Shrug It Off","Impervious","Anger","Clothesline","Demon Form+1","True Grit+1","Feel No Pain","True Grit","Flame Barrier","Metallicize+1","Corruption+1","Impervious","Headbutt","Sentinel","Cleave+1","Limit Break+1","Sentinel+1","Discovery","Secret Technique","Blind+1","Flame Barrier+1","Perfected Strike+1","True Grit+1","Warcry+1","Reaper+1","Juggernaut","Power Through+1","Flame Barrier+1"],"special_seed":0,"relics":["Burning Blood","Omamori","Darkstone Periapt","Smiling Mask","Nunchaku","Velvet Choker","Matryoshka","War Paint","Mercury Hourglass","Gambling Chip","Cursed Key","Old Coin","Molten Egg 2","Singing Bowl","Membership Card","Magic Flower","Champion Belt","WarpedTongs"],"potions_floor_usage":[50,50,50],"damage_taken":[{"damage":5.0,"enemies":"Jaw Worm","floor":1.0,"turns":5.0},{"damage":1.0,"enemies":"2 Louse","floor":2.0,"turns":2.0},{"damage":0.0,"enemies":"Small Slimes","floor":3.0,"turns":4.0},{"damage":8.0,"enemies":"Exordium Thugs","floor":5.0,"turns":8.0},{"damage":23.0,"enemies":"Gremlin Nob","floor":7.0,"turns":4.0},{"damage":2.0,"enemies":"2 Fungi Beasts","floor":8.0,"turns":4.0},{"damage":17.0,"enemies":"3 Sentries","floor":10.0,"turns":8.0},{"damage":5.0,"enemies":"Red Slaver","floor":11.0,"turns":5.0},{"damage":22.0,"enemies":"Lagavulin","floor":12.0,"turns":7.0},{"damage":0.0,"enemies":"Exordium Thugs","floor":14.0,"turns":6.0},{"damage":17.0,"enemies":"Hexaghost","floor":16.0,"turns":13.0},{"damage":10.0,"enemies":"Shell Parasite","floor":18.0,"turns":4.0},{"damage":2.0,"enemies":"Chosen","floor":21.0,"turns":5.0},{"damage":20.0,"enemies":"Centurion and Healer","floor":22.0,"turns":6.0},{"damage":8.0,"enemies":"Chosen and Byrds","floor":23.0,"turns":7.0},{"damage":16.0,"enemies":"Slavers","floor":24.0,"turns":10.0},{"damage":0.0,"enemies":"Snecko","floor":25.0,"turns":6.0},{"damage":0.0,"enemies":"Centurion and Healer","floor":30.0,"turns":6.0},{"damage":0.0,"enemies":"Cultist and Chosen","floor":31.0,"turns":6.0},{"damage":28.0,"enemies":"Collector","floor":33.0,"turns":9.0},{"damage":0.0,"enemies":"3 Darklings","floor":35.0,"turns":5.0},{"damage":0.0,"enemies":"Orb Walker","floor":37.0,"turns":4.0},{"damage":1.0,"enemies":"Transient","floor":38.0,"turns":5.0},{"damage":0.0,"enemies":"Spire Growth","floor":39.0,"turns":5.0},{"damage":42.0,"enemies":"Giant Head","floor":40.0,"turns":10.0},{"damage":17,"enemies":"Jaw Worm Horde","floor":46,"turns":7},{"damage":14,"enemies":"Reptomancer","floor":47,"turns":5},{"damage":0,"enemies":"Donu and Deca","floor":50,"turns":9}],"seed_played":"-1555311187087064315","potions_obtained":[{"floor":3.0,"key":"SpeedPotion"},{"floor":5.0,"key":"FairyPotion"},{"floor":11.0,"key":"Energy Potion"},{"floor":12.0,"key":"GamblersBrew"},{"floor":25.0,"key":"SkillPotion"},{"floor":30.0,"key":"EssenceOfSteel"},{"floor":35.0,"key":"Poison Potion"},{"floor":37.0,"key":"Swift Potion"}],"is_trial":false,"path_per_floor":["M","M","M","?","M","R","E","M","T","E","M","E","?","M","R","B",null,"M","?","$","M","M","M","E","M","T","R","$","R","M","M","R","B",null,"M","?","M","M","M","E","R","?","T","$","R","M","E","?","R","B",null],"character_chosen":"IRONCLAD","items_purchased":["Feel No Pain","True Grit","Ancient Potion","Gambling Chip","Membership Card","Reaper+1","Magic Flower","SteroidPotion","Juggernaut"],"campfire_rested":2,"item_purchase_floors":[20,20,20,28,44,44,44,44,44],"current_hp_per_floor":[88,88,88,70,68,68,51,55,55,44,45,29,29,35,35,24,88,84,67,67,71,57,55,45,51,51,51,51,51,57,63,90,68,93,93,83,89,93,93,57,84,84,84,84,84,76,93,93,93,93],"gold":59,"neow_bonus":"TEN_PERCENT_HP_BONUS","is_prod":false,"is_daily":false,"chose_seed":false,"campfire_upgraded":6,"win_rate":1,"timestamp":1556358087,"path_taken":["M","M","M","?","M","R","E","M","T","E","M","E","?","M","R","BOSS","M","?","$","M","M","M","E","M","T","R","$","R","M","M","R","BOSS","M","?","M","M","M","E","R","?","T","$","R","M","E","?","R","BOSS"],"build_version":"2019-01-23","purchased_purges":1,"victory":true,"max_hp_per_floor":[88,88,88,88,88,88,88,88,88,88,88,88,88,88,88,88,88,88,93,93,93,93,93,93,93,93,93,93,93,93,93,93,93,93,93,93,93,93,93,93,93,93,93,93,93,93,93,93,93,93],"card_choices":[{"not_picked":["Heavy Blade","Second Wind"],"picked":"Shrug It Off","floor":1.0},{"not_picked":["Body Slam","Warcry"],"picked":"True Grit","floor":2.0},{"not_picked":["Armaments","Battle Trance"],"picked":"Perfected Strike","floor":3.0},{"not_picked":["True Grit","Clash","Berserk"],"picked":"SKIP","floor":5.0},{"not_picked":["Thunderclap","Heavy Blade","Dropkick"],"picked":"SKIP","floor":7.0},{"not_picked":["Headbutt","Sword Boomerang"],"picked":"Shockwave","floor":8.0},{"not_picked":["Anger","Cleave"],"picked":"Shrug It Off","floor":10.0},{"not_picked":["Shrug It Off","Iron Wave"],"picked":"Impervious","floor":11.0},{"not_picked":["Intimidate","Evolve"],"picked":"Anger","floor":12.0},{"not_picked":["Havoc","Shrug It Off"],"picked":"Clothesline","floor":14.0},{"not_picked":["Impervious","Limit Break"],"picked":"Demon Form","floor":16.0},{"not_picked":["Anger","Pommel Strike"],"picked":"True Grit+1","floor":18.0},{"not_picked":["Combust","Anger"],"picked":"Flame Barrier","floor":21.0},{"not_picked":["Intimidate","Warcry"],"picked":"Metallicize+1","floor":22.0},{"not_picked":["True Grit","Thunderclap+1"],"picked":"Corruption","floor":23.0},{"not_picked":["Cleave","Fire Breathing"],"picked":"Impervious","floor":24.0},{"not_picked":["Body Slam","Heavy Blade"],"picked":"Headbutt","floor":25.0},{"not_picked":["Sword Boomerang","Flex"],"picked":"Sentinel","floor":30.0},{"not_picked":["Shrug It Off","Twin Strike+1"],"picked":"Cleave+1","floor":31.0},{"not_picked":["Berserk","Demon Form"],"picked":"Limit Break","floor":33.0},{"not_picked":["Reckless Charge+1","Flex"],"picked":"Sentinel+1","floor":35.0},{"not_picked":["Impatience","Bandage Up"],"picked":"Discovery","floor":36.0},{"not_picked":["Deep Breath","Chrysalis"],"picked":"Secret Technique","floor":36.0},{"not_picked":["Metamorphosis","Madness"],"picked":"Blind","floor":36.0},{"not_picked":["Metallicize+1","Warcry+1"],"picked":"Flame Barrier+1","floor":37.0},{"not_picked":["Whirlwind","Intimidate"],"picked":"Perfected Strike+1","floor":38.0},{"not_picked":["Fire Breathing+1","Evolve"],"picked":"True Grit+1","floor":39.0},{"not_picked":["Thunderclap+1","Wild Strike"],"picked":"Warcry+1","floor":40.0},{"not_picked":["Dual Wield","Twin Strike+1"],"picked":"Power Through+1","floor":46},{"not_picked":["Juggernaut","Clash+1"],"picked":"Flame Barrier+1","floor":47}],"player_experience":622468,"relics_obtained":[{"floor":7.0,"key":"Omamori"},{"floor":9.0,"key":"Darkstone Periapt"},{"floor":10.0,"key":"Smiling Mask"},{"floor":12.0,"key":"Nunchaku"},{"floor":24.0,"key":"Matryoshka"},{"floor":26.0,"key":"War Paint"},{"floor":26.0,"key":"Mercury Hourglass"},{"floor":40.0,"key":"Old Coin"},{"floor":43.0,"key":"Molten Egg 2"},{"floor":43.0,"key":"Singing Bowl"},{"floor":47,"key":"Champion Belt"}],"event_choices":[{"damage_healed":0.0,"max_hp_gain":0.0,"max_hp_loss":0.0,"gold_gain":0.0,"event_name":"Shining Light","player_choice":"Entered Light","floor":4.0,"gold_loss":0.0,"damage_taken":18.0,"cards_upgraded":["Shrug It Off","Defend_R"]},{"damage_healed":0.0,"max_hp_gain":0.0,"max_hp_loss":0.0,"gold_gain":0.0,"event_name":"Living Wall","player_choice":"Grow","floor":13.0,"gold_loss":0.0,"damage_taken":0.0,"cards_upgraded":["Shockwave"]},{"damage_healed":0.0,"max_hp_gain":5.0,"max_hp_loss":0.0,"gold_gain":0.0,"event_name":"Forgotten Altar","player_choice":"Shed Blood","floor":19.0,"gold_loss":0.0,"damage_taken":22.0},{"damage_healed":0.0,"max_hp_gain":0.0,"max_hp_loss":0.0,"gold_gain":0.0,"event_name":"SensoryStone","player_choice":"Memory 3","floor":36.0,"gold_loss":0.0,"damage_taken":10.0},{"damage_healed":0.0,"max_hp_gain":0.0,"max_hp_loss":0.0,"gold_gain":0.0,"event_name":"Tomb of Lord Red Mask","player_choice":"Ignored","floor":42.0,"gold_loss":0.0,"damage_taken":0.0},{"damage_healed":0,"gold_gain":0,"player_choice":"Rummage","damage_taken":0,"relics_obtained":["WarpedTongs"],"max_hp_gain":0,"max_hp_loss":0,"event_name":"Accursed Blacksmith","floor":48,"gold_loss":0,"cards_obtained":["Pain"]}],"is_beta":false,"boss_relics":[{"not_picked":["Philosopher\u0027s Stone","Tiny House"],"picked":"Velvet Choker"},{"not_picked":["Black Star","Empty Cage"],"picked":"Cursed Key"}],"items_purged_floors":[44],"is_endless":false,"potions_floor_spawned":[3,5,11,12,14,21,23,25,30,35,37,46],"ascension_level":0}