{"gold_per_floor":[369,144,159,177,177,177,77,102,102,102,143,201,217,217,217,348,348,362,107,123,123,123,123,123,143,167,100,100,100,70,84,84,84],"floor_reached":33,"playtime":1140,"items_purged":["Defend_R","Strike_R"],"score":243,"play_id":"19ee6240-9cbf-4719-ac5a-ee3b240ea129","local_time":"20180815094015","is_ascension_mode":false,"campfire_choices":[{"floor":6,"key":"REST"},{"floor":15,"key":"REST"},{"data":"Fire Breathing","floor":24,"key":"SMITH"},{"data":"Clash","floor":29,"key":"SMITH"},{"floor":32,"key":"REST"}],"neow_cost":"PERCENT_DAMAGE","seed_source_timestamp":2038494092206766,"circlet_count":0,"master_deck":["Strike_R","Strike_R","Strike_R","Strike_R","Defend_R","Defend_R","Bash","Fire Breathing+1","Clash+1","Pummel","Clash","Fire Breathing+1","Anger","Rage"],"relics":["Burning Blood","Vajra","Bloody Idol","Juzu Bracelet","Frozen Egg 2","Regal Pillow","Shuriken","Dream Catcher"],"potions_floor_usage":[8,16,31,33],"damage_taken":[{"damage":0,"enemies":"Small Slimes","floor":1,"turns":3},{"damage":1,"enemies":"Cultist","floor":3,"turns":3},{"damage":6,"enemies":"Jaw Worm","floor":4,"turns":4},{"damage":9,"enemies":"Exordium Wildlife","floor":8,"turns":4},{"damage":14,"enemies":"Gremlin Nob","floor":11,"turns":3},{"damage":7,"enemies":"Blue Slaver","floor":13,"turns":2},{"damage":77,"enemies":"Hexaghost","floor":16,"turns":8},{"damage":10,"enemies":"Chosen","floor":18,"turns":3},{"damage":25,"enemies":"3 Byrds","floor":20,"turns":5},{"damage":21,"enemies":"Snake Plant","floor":25,"turns":3},{"damage":14,"enemies":"Centurion and Healer","floor":31,"turns":3},{"damage":84,"enemies":"Collector","floor":33,"turns":7}],"seed_played":"-1685542544239411859","potions_obtained":[{"floor":1,"key":"Energy Potion"},{"floor":4,"key":"GamblersBrew"},{"floor":16,"key":"SneckoOil"},{"floor":20,"key":"Fire Potion"},{"floor":30,"key":"Swift Potion"}],"is_trial":false,"path_per_floor":["M","$","M","M","?","R","$","M","T","?","E","?","M","?","R","B",null,"M","$","M","$","?","?","R","M","T","$","?","R","?","M","R"],"character_chosen":"IRONCLAD","items_purchased":["Vajra","Shuriken","Fire Breathing+1"],"campfire_rested":3,"item_purchase_floors":[2,19,27],"current_hp_per_floor":[62,62,67,67,47,71,71,68,68,68,60,60,59,59,80,9,80,76,76,57,57,80,80,80,70,75,75,75,75,75,72,80,0],"gold":84,"neow_bonus":"TWO_FIFTY_GOLD","is_prod":false,"is_daily":false,"chose_seed":false,"campfire_upgraded":2,"win_rate":0,"timestamp":1534315215,"path_taken":["M","$","M","M","?","R","$","M","T","?","E","?","M","?","R","BOSS","M","$","M","$","?","?","R","M","T","$","?","R","?","M","R","BOSS"],"build_version":"2018-08-09","purchased_purges":2,"victory":false,"max_hp_per_floor":[80,80,80,80,80,80,80,80,80,80,80,80,80,80,80,80,80,80,80,80,80,80,80,80,80,80,80,80,80,80,80,80,80],"card_choices":[{"not_picked":["Twin Strike","Searing Blow"],"picked":"Fire Breathing","floor":1},{"not_picked":["Carnage","Havoc","Flex"],"picked":"SKIP","floor":3},{"not_picked":["Iron Wave","Thunderclap","Pommel Strike"],"picked":"SKIP","floor":4},{"not_picked":["Seeing Red","Wild Strike"],"picked":"Clash","floor":8},{"not_picked":["Hemokinesis","Seeing Red"],"picked":"Clash","floor":11},{"not_picked":["Perfected Strike","Wild Strike","Shrug It Off"],"picked":"SKIP","floor":13},{"not_picked":["Iron Wave","Seeing Red","Sword Boomerang"],"picked":"SKIP","floor":18},{"not_picked":["Twin Strike+1","Body Slam","Flex+1"],"picked":"SKIP","floor":20},{"not_picked":["Clothesline","Rupture+1","Flex"],"picked":"SKIP","floor":25},{"not_picked":["Cleave","Pummel"],"picked":"Anger","floor":31},{"not_picked":["Flex","Havoc"],"picked":"Rage","floor":32}],"player_experience":646755,"relics_obtained":[{"floor":9,"key":"Juzu Bracelet"},{"floor":11,"key":"Frozen Egg 2"},{"floor":26,"key":"Dream Catcher"}],"event_choices":[{"event_name":"Golden Idol","player_choice":"Take Damage","floor":5,"damage_taken":0},{"event_name":"Transmorgrifier","player_choice":"Transform","floor":10,"damage_taken":0},{"event_name":"Golden Wing","player_choice":"Gained Gold","floor":12,"damage_taken":0},{"event_name":"Dead Adventurer","player_choice":"Searched \u00272\u0027 times","floor":14,"damage_taken":0},{"event_name":"The Library","player_choice":"Heal","floor":22,"damage_taken":0},{"event_name":"Forgotten Altar","player_choice":"Gave Idol","floor":23,"damage_taken":0},{"event_name":"Drug Dealer","player_choice":"Ignored","floor":28,"damage_taken":0},{"event_name":"The Woman in Blue","player_choice":"Bought 2 Potions","floor":30,"damage_taken":0}],"is_beta":false,"boss_relics":[{"not_picked":["Runic Pyramid","Snecko Eye","Velvet Choker"]}],"items_purged_floors":[2,7],"is_endless":false,"potions_floor_spawned":[1,4,16,20],"killed_by":"Collector","ascension_level":0}