{"gold_per_floor":[113,38,52,52,65,93,93,123,123,123,137,157,157],"floor_reached":13,"playtime":228,"items_purged":[],"score":190,"play_id":"2b1c4bfa-ae79-451a-8635-dc4838c9034f","local_time":"20190414133416","is_ascension_mode":true,"campfire_choices":[{"floor":7,"key":"REST"}],"neow_cost":"NONE","seed_source_timestamp":180117232781400,"circlet_count":0,"master_deck":["AscendersBane","Strike_B","Strike_B","Strike_B","Strike_B","Defend_B","Defend_B","Defend_B","Zap","Dualcast","Ball Lightning","Chill","Decay","Conserve Battery","Coolheaded","Cold Snap"],"relics":["Cracked Core","NeowsBlessing","Blood Vial","Meat on the Bone","Matryoshka","CultistMask"],"potions_floor_usage":[6],"damage_taken":[{"damage":0,"enemies":"Jaw Worm","floor":1,"turns":1},{"damage":0,"enemies":"2 Louse","floor":3,"turns":1},{"damage":0,"enemies":"Cultist","floor":5,"turns":1},{"damage":30,"enemies":"Lagavulin","floor":6,"turns":5},{"damage":38,"enemies":"Gremlin Nob","floor":8,"turns":4},{"damage":15,"enemies":"3 Louse","floor":11,"turns":3},{"damage":13,"enemies":"Red Slaver","floor":12,"turns":5},{"damage":0,"enemies":"Gremlin Gang","floor":13,"turns":1}],"seed_played":"-2661618817499231374","potions_obtained":[{"floor":5,"key":"PowerPotion"},{"floor":11,"key":"SpeedPotion"},{"floor":12,"key":"LiquidBronze"}],"is_trial":false,"path_per_floor":["M","?","M","?","M","E","R","E","T","?","M","M","M"],"character_chosen":"DEFECT","items_purchased":[],"campfire_rested":1,"item_purchase_floors":[],"current_hp_per_floor":[64,64,64,64,64,34,55,19,19,19,18,19,21],"gold":157,"neow_bonus":"THREE_ENEMY_KILL","is_prod":false,"is_daily":false,"chose_seed":false,"campfire_upgraded":0,"win_rate":0,"timestamp":1555216456,"path_taken":["M","?","M","?","?","E","R","E","T","?","?","M","?"],"build_version":"2019-01-23","purchased_purges":0,"victory":false,"max_hp_per_floor":[71,71,71,71,71,71,71,71,71,71,71,71,71],"card_choices":[{"not_picked":["Steam","Fusion"],"picked":"Ball Lightning","floor":1},{"not_picked":["Sweeping Beam","Rip and Tear"],"picked":"Chill","floor":3},{"not_picked":["Stack","Leap"],"picked":"Conserve Battery","floor":5},{"not_picked":["Streamline","Barrage","Rebound"],"picked":"SKIP","floor":6},{"not_picked":["Gash","Fusion"],"picked":"Coolheaded","floor":8},{"not_picked":["Streamline","Compile Driver","Hologram"],"picked":"SKIP","floor":11},{"not_picked":["Streamline","Sunder"],"picked":"Cold Snap","floor":12}],"player_experience":3122978,"relics_obtained":[{"floor":6,"key":"Blood Vial"},{"floor":8,"key":"Meat on the Bone"},{"floor":9,"key":"Matryoshka"}],"event_choices":[{"cards_removed":["Defend_B"],"damage_healed":0,"gold_gain":0,"player_choice":"Card Removal","damage_taken":0,"max_hp_gain":0,"max_hp_loss":0,"event_name":"The Cleric","floor":2,"gold_loss":75},{"damage_healed":0,"gold_gain":0,"player_choice":"Cursed","damage_taken":0,"max_hp_gain":0,"max_hp_loss":0,"event_name":"Wheel of Change","floor":4,"gold_loss":0,"cards_obtained":["Decay"]},{"damage_healed":0,"gold_gain":0,"player_choice":"Trade","damage_taken":0,"relics_obtained":["CultistMask"],"max_hp_gain":0,"max_hp_loss":0,"event_name":"FaceTrader","floor":10,"gold_loss":0}],"is_beta":false,"boss_relics":[],"items_purged_floors":[],"is_endless":false,"potions_floor_spawned":[5,11,12],"killed_by":"Gremlin Gang","ascension_level":20}