{"gold_per_floor":[109,109,128,128,128,158,170,170,170,6,40,58,58,84,84,162,162,176,187,187],"floor_reached":20,"playtime":598,"items_purged":[],"score":434,"play_id":"3d037bee-016d-4c7b-8259-240fc069772e","local_time":"20190307130655","is_ascension_mode":true,"campfire_choices":[{"data":"Zap","floor":8.0,"key":"SMITH"},{"data":"Creative AI","floor":15,"key":"SMITH"}],"neow_cost":"NONE","seed_source_timestamp":214107280195200,"circlet_count":0,"master_deck":["AscendersBane","Strike_B","Strike_B","Strike_B","Defend_B","Defend_B","Defend_B","Defend_B","Zap+1","Dualcast","Beam Cell","Cold Snap","Gash","Creative AI+1","Self Repair","Echo Form","Cold Snap","Defragment"],"special_seed":0,"relics":["Cracked Core","NeowsBlessing","Torii","Calipers","Vajra","Letter Opener","Coffee Dripper"],"potions_floor_usage":[12,14,16],"damage_taken":[{"damage":0.0,"enemies":"Cultist","floor":1.0,"turns":1.0},{"damage":0.0,"enemies":"2 Louse","floor":3.0,"turns":1.0},{"damage":0.0,"enemies":"Gremlin Nob","floor":6.0,"turns":1.0},{"damage":0.0,"enemies":"Small Slimes","floor":7.0,"turns":2.0},{"damage":2,"enemies":"Lagavulin","floor":11,"turns":7},{"damage":9,"enemies":"Gremlin Gang","floor":12,"turns":5},{"damage":8,"enemies":"Gremlin Nob","floor":14,"turns":3},{"damage":30,"enemies":"Hexaghost","floor":16,"turns":9},{"damage":40,"enemies":"Chosen","floor":18,"turns":6},{"damage":22,"enemies":"3 Byrds","floor":19,"turns":5},{"damage":7,"enemies":"3 Cultists","floor":20,"turns":3}],"seed_played":"2622249477789857839","potions_obtained":[{"floor":1.0,"key":"SteroidPotion"},{"floor":3.0,"key":"LiquidBronze"},{"floor":13,"key":"AttackPotion"},{"floor":16,"key":"Ancient Potion"},{"floor":18,"key":"FearPotion"}],"is_trial":false,"path_per_floor":["M","$","M","?","?","E","M","R","T","$","E","M","?","E","R","B",null,"M","M","M"],"character_chosen":"DEFECT","items_purchased":["Creative AI"],"campfire_rested":0,"item_purchase_floors":[10],"current_hp_per_floor":[64,64,64,57,57,57,57,57,57,57,55,46,46,45,45,22,59,26,11,4],"gold":187,"neow_bonus":"THREE_ENEMY_KILL","is_prod":false,"is_daily":false,"chose_seed":false,"campfire_upgraded":2,"win_rate":0,"timestamp":1551931615,"path_taken":["M","$","M","?","?","E","?","R","T","?","E","M","?","E","R","BOSS","M","M","?"],"build_version":"2019-01-23","purchased_purges":0,"victory":false,"max_hp_per_floor":[71,71,71,71,71,71,71,71,71,71,71,71,71,71,71,71,71,71,71,71],"card_choices":[{"not_picked":["Chaos","Stack"],"picked":"Beam Cell","floor":1.0},{"not_picked":["Reinforced Body","BootSequence"],"picked":"Cold Snap","floor":3.0},{"not_picked":["Cold Snap","Chaos"],"picked":"Gash","floor":6.0},{"not_picked":["Conserve Battery","Leap","Static Discharge"],"picked":"SKIP","floor":7.0},{"not_picked":["Aggregate","Rainbow","Conserve Battery"],"picked":"SKIP","floor":11},{"not_picked":["Steam","Rebound"],"picked":"Self Repair","floor":12},{"not_picked":["Leap","Conserve Battery","Hyperbeam"],"picked":"SKIP","floor":14},{"not_picked":["Multi-Cast","Fission"],"picked":"Echo Form","floor":16},{"not_picked":["Rebound","Gash"],"picked":"Cold Snap","floor":18},{"not_picked":["Auto Shields","Hyperbeam"],"picked":"Defragment","floor":19}],"player_experience":2044527,"relics_obtained":[{"floor":6.0,"key":"Torii"},{"floor":9.0,"key":"Calipers"},{"floor":11,"key":"Vajra"},{"floor":14,"key":"Letter Opener"}],"event_choices":[{"cards_removed":["Strike_B"],"damage_healed":0.0,"max_hp_gain":0.0,"max_hp_loss":0.0,"gold_gain":0.0,"event_name":"Golden Wing","player_choice":"Card Removal","floor":4.0,"gold_loss":0.0,"damage_taken":7.0},{"damage_healed":0.0,"max_hp_gain":0.0,"max_hp_loss":0.0,"gold_gain":0.0,"event_name":"Match and Keep!","player_choice":"0 cards matched","floor":5.0,"gold_loss":0.0,"damage_taken":0.0,"cards_obtained":[]},{"damage_healed":0,"gold_gain":0,"player_choice":"Got Potions","damage_taken":0,"max_hp_gain":0,"max_hp_loss":0,"event_name":"Lab","floor":13,"gold_loss":0}],"is_beta":false,"boss_relics":[{"not_picked":["Empty Cage","Fusion Hammer"],"picked":"Coffee Dripper"}],"items_purged_floors":[],"is_endless":false,"potions_floor_spawned":[1,3,6,16,18],"killed_by":"3 Cultists","ascension_level":20}