{"gold_per_floor":[110,110,31,181,181,181,195,224,224,224,244,244,279,297,297,369,369,389,389,239,253,269,269],"floor_reached":23,"playtime":522,"items_purged":["Doubt"],"score":448,"play_id":"401de805-19ff-41cc-ba80-bb35b3c5568b","local_time":"20190418201335","is_ascension_mode":true,"campfire_choices":[{"data":"True Grit","floor":6,"key":"SMITH"},{"data":"Perfected Strike","floor":10,"key":"SMITH"},{"data":"True Grit","floor":12,"key":"SMITH"},{"data":"Body Slam","floor":15,"key":"SMITH"}],"neow_cost":"NONE","seed_source_timestamp":231319308907200,"circlet_count":0,"master_deck":["AscendersBane","Strike_R","Strike_R","Strike_R","Strike_R+1","Strike_R","Defend_R","Defend_R+1","Defend_R+1","Defend_R","Bash+1","True Grit+1","True Grit+1","Shrug It Off","Perfected Strike+1","Perfected Strike","Body Slam+1","Shockwave","Shrug It Off","Fiend Fire","Whirlwind","Pommel Strike"],"relics":["Burning Blood","NeowsBlessing","Anchor","War Paint","PreservedInsect","Runic Dome","NlothsMask"],"potions_floor_usage":[16,23],"damage_taken":[{"damage":0,"enemies":"Jaw Worm","floor":1,"turns":1},{"damage":0,"enemies":"2 Louse","floor":7,"turns":2},{"damage":0,"enemies":"Gremlin Nob","floor":8,"turns":1},{"damage":0,"enemies":"Cultist","floor":11,"turns":3},{"damage":38,"enemies":"Lagavulin","floor":13,"turns":8},{"damage":15,"enemies":"Exordium Wildlife","floor":14,"turns":4},{"damage":1,"enemies":"The Guardian","floor":16,"turns":13},{"damage":11,"enemies":"Spheric Guardian","floor":18,"turns":3},{"damage":0,"enemies":"Chosen","floor":21,"turns":3},{"damage":46,"enemies":"Snecko","floor":22,"turns":7},{"damage":15,"enemies":"Gremlin Leader","floor":23,"turns":3}],"seed_played":"-4923632182005444395","potions_obtained":[{"floor":11,"key":"Dexterity Potion"},{"floor":18,"key":"PowerPotion"}],"is_trial":false,"path_per_floor":["M","?","$","?","?","R","M","E","T","R","M","R","E","M","R","B",null,"M","?","$","M","M","E"],"character_chosen":"IRONCLAD","items_purchased":["True Grit","PowerPotion","Whirlwind"],"campfire_rested":0,"item_purchase_floors":[3,3,20],"current_hp_per_floor":[74,51,51,51,51,51,57,63,63,63,69,69,37,28,28,33,65,60,60,60,66,26,11],"gold":269,"neow_bonus":"THREE_ENEMY_KILL","is_prod":false,"is_daily":false,"chose_seed":false,"campfire_upgraded":4,"win_rate":0,"timestamp":1555586015,"path_taken":["M","?","$","?","?","R","?","E","T","R","M","R","E","M","R","BOSS","M","?","?","?","?","E"],"build_version":"2019-01-23","purchased_purges":1,"victory":false,"max_hp_per_floor":[75,75,75,75,75,75,75,75,75,75,75,75,75,75,75,75,75,75,75,75,75,75,75],"card_choices":[{"not_picked":["Cleave","Clothesline"],"picked":"True Grit","floor":1},{"not_picked":["Seeing Red","Uppercut"],"picked":"Perfected Strike","floor":7},{"not_picked":["Warcry","Sentinel"],"picked":"Perfected Strike","floor":8},{"not_picked":["Battle Trance","Infernal Blade"],"picked":"Body Slam","floor":11},{"not_picked":["Burning Pact","Headbutt"],"picked":"Shockwave","floor":13},{"not_picked":["Clash","Havoc"],"picked":"Shrug It Off","floor":14},{"not_picked":["Berserk","Immolate"],"picked":"Fiend Fire","floor":16},{"not_picked":["Metallicize","Flame Barrier","True Grit"],"picked":"SKIP","floor":18},{"not_picked":["True Grit","Whirlwind","Corruption"],"picked":"SKIP","floor":21},{"not_picked":["Sword Boomerang","Dual Wield"],"picked":"Pommel Strike","floor":22}],"player_experience":3217426,"relics_obtained":[{"floor":8,"key":"Anchor"},{"floor":9,"key":"War Paint"},{"floor":13,"key":"PreservedInsect"}],"event_choices":[{"damage_healed":0,"gold_gain":0,"player_choice":"Entered Light","damage_taken":23,"max_hp_gain":0,"max_hp_loss":0,"event_name":"Shining Light","floor":2,"gold_loss":0,"cards_upgraded":["Bash","Strike_R"]},{"damage_healed":0,"gold_gain":150,"player_choice":"AGREE","damage_taken":0,"max_hp_gain":0,"max_hp_loss":0,"event_name":"Liars Game","floor":4,"gold_loss":0,"cards_obtained":["Doubt"]},{"damage_healed":0,"gold_gain":0,"player_choice":"1 cards matched","damage_taken":0,"max_hp_gain":0,"max_hp_loss":0,"event_name":"Match and Keep!","floor":5,"gold_loss":0,"cards_obtained":["Shrug It Off"]},{"damage_healed":0,"gold_gain":0,"player_choice":"Trade","damage_taken":0,"relics_obtained":["NlothsMask"],"max_hp_gain":0,"max_hp_loss":0,"event_name":"FaceTrader","floor":19,"gold_loss":0}],"is_beta":false,"boss_relics":[{"not_picked":["Velvet Choker","Cursed Key"],"picked":"Runic Dome"}],"items_purged_floors":[20],"is_endless":false,"potions_floor_spawned":[11,18,21],"killed_by":"Gremlin Leader","ascension_level":20}