{"gold_per_floor":[118,118,118,141,154,154,154,197,223,223,247,288,309,64,64,163,163,183,183],"floor_reached":19,"playtime":381,"items_purged":["Regret"],"score":400,"play_id":"431cdd38-1dba-4ace-9cdb-bedd71508500","local_time":"20190216222257","is_ascension_mode":true,"campfire_choices":[{"data":"Zap","floor":6,"key":"SMITH"},{"data":"Defragment","floor":10,"key":"SMITH"},{"data":"Streamline","floor":15,"key":"SMITH"}],"neow_cost":"NONE","seed_source_timestamp":217867439693300,"circlet_count":0,"master_deck":["AscendersBane","Strike_B","Strike_B","Strike_B","Strike_B","Defend_B","Defend_B","Defend_B","Defend_B","Zap+1","Dualcast","Defragment+1","Streamline+1","Coolheaded","Cold Snap","Gash","Injury"],"relics":["Cracked Core","NeowsBlessing","Golden Idol","Anchor","Centennial Puzzle","Omamori","Potion Belt","Juzu Bracelet","Torii","Calling Bell","Regal Pillow","Matryoshka","Mango"],"potions_floor_usage":[13,16,16,16],"damage_taken":[{"damage":0,"enemies":"2 Louse","floor":1,"turns":1},{"damage":0,"enemies":"Small Slimes","floor":5,"turns":1},{"damage":0,"enemies":"Gremlin Nob","floor":8,"turns":1},{"damage":2,"enemies":"Jaw Worm","floor":11,"turns":2},{"damage":29,"enemies":"Lagavulin","floor":12,"turns":6},{"damage":8,"enemies":"Gremlin Gang","floor":13,"turns":4},{"damage":9,"enemies":"Hexaghost","floor":16,"turns":10},{"damage":2,"enemies":"Chosen","floor":18,"turns":5},{"damage":0,"enemies":"Masked Bandits","floor":19,"turns":1}],"seed_played":"-1691527102587438075","potions_obtained":[{"floor":5,"key":"SteroidPotion"},{"floor":8,"key":"Block Potion"},{"floor":16,"key":"Fruit Juice"}],"is_trial":false,"path_per_floor":["M","?","?","T","M","R","?","E","T","R","M","E","M","$","R","B",null,"M","?"],"character_chosen":"DEFECT","items_purchased":["PowerPotion","Cold Snap","Gash"],"campfire_rested":0,"item_purchase_floors":[14,14,14],"current_hp_per_floor":[64,64,64,64,64,64,64,64,64,64,62,33,25,25,25,21,71,69,69],"gold":183,"neow_bonus":"THREE_ENEMY_KILL","is_prod":false,"is_daily":false,"chose_seed":false,"campfire_upgraded":3,"win_rate":0,"timestamp":1550323377,"path_taken":["M","?","?","?","?","R","?","E","T","R","M","E","M","$","R","BOSS","M","?"],"build_version":"2019-01-23","purchased_purges":1,"victory":false,"max_hp_per_floor":[71,64,64,64,64,64,64,64,64,64,64,64,64,64,64,69,83,83,83],"card_choices":[{"not_picked":["Redo","Storm","Static Discharge"],"picked":"SKIP","floor":1},{"not_picked":["Rebound","Steam Power","Turbo"],"picked":"SKIP","floor":5},{"not_picked":["Static Discharge","Fission"],"picked":"Defragment","floor":8},{"not_picked":["Beam Cell","BootSequence"],"picked":"Streamline","floor":11},{"not_picked":["Skim","Streamline","Tempest"],"picked":"SKIP","floor":12},{"not_picked":["Genetic Algorithm","Streamline"],"picked":"Coolheaded","floor":13},{"not_picked":["Tempest","Steam","Stack+1"],"picked":"SKIP","floor":18}],"player_experience":104290,"relics_obtained":[{"floor":4,"key":"Centennial Puzzle"},{"floor":8,"key":"Potion Belt"},{"floor":9,"key":"Juzu Bracelet"},{"floor":12,"key":"Torii"},{"floor":17,"key":"Regal Pillow"},{"floor":17,"key":"Matryoshka"},{"floor":17,"key":"Mango"}],"event_choices":[{"damage_healed":0,"gold_gain":0,"player_choice":"Lose Max HP","damage_taken":0,"relics_obtained":["Golden Idol"],"max_hp_gain":0,"max_hp_loss":7,"event_name":"Golden Idol","floor":2,"gold_loss":0},{"damage_healed":0,"gold_gain":0,"player_choice":"Box","damage_taken":0,"relics_obtained":["Anchor"],"max_hp_gain":0,"max_hp_loss":0,"event_name":"Big Fish","floor":3,"gold_loss":0,"cards_obtained":["Regret"]},{"damage_healed":0,"gold_gain":0,"player_choice":"Searched \u00271\u0027 times","damage_taken":0,"relics_obtained":["Omamori"],"max_hp_gain":0,"max_hp_loss":0,"event_name":"Dead Adventurer","floor":7,"gold_loss":0},{"damage_healed":0,"gold_gain":0,"player_choice":"Fought Bandits","damage_taken":0,"max_hp_gain":0,"max_hp_loss":0,"event_name":"Masked Bandits","floor":19,"gold_loss":0}],"is_beta":false,"boss_relics":[{"not_picked":["Black Star","Astrolabe"],"picked":"Calling Bell"}],"items_purged_floors":[14],"is_endless":false,"potions_floor_spawned":[5,8,16],"killed_by":"Masked Bandits","ascension_level":20}