{"gold_per_floor":[13,13,28,28,103,103,132,132,200,227,246,246,305,37,37,111,111,121,81,98,110,125,125,157,174,199,43,43,60,80,80,80,158,158,168,218,228,55,155,186,186,216,216,93,93,122,133,133,133,133,133,133,133,28,62,62],"floor_reached":56,"playtime":2455,"items_purged":["Strike_R","Defend_R"],"score":1997,"play_id":"a25dc779-0c5a-409e-b733-d40010128812","local_time":"20190403142536","is_ascension_mode":true,"campfire_choices":[{"data":"Bash","floor":6.0,"key":"SMITH"},{"floor":8.0,"key":"REST"},{"data":"Feel No Pain","floor":12.0,"key":"SMITH"},{"data":"True Grit","floor":15.0,"key":"SMITH"},{"data":"Fiend Fire","floor":23.0,"key":"SMITH"},{"data":"Entrench","floor":28.0,"key":"SMITH"},{"data":"Entrench","floor":32.0,"key":"SMITH"},{"data":"Feel No Pain","floor":41.0,"key":"SMITH"},{"floor":49.0,"key":"RECALL"},{"data":"Impervious","floor":53.0,"key":"SMITH"}],"neow_cost":"NO_GOLD","seed_source_timestamp":441491066367400,"circlet_count":0,"master_deck":["AscendersBane","Defend_R+1","Defend_R+1","Defend_R","Bash+1","Feel No Pain+1","Impervious+1","Evolve","Spot Weakness","True Grit+1","Fiend Fire+1","Heavy Blade+1","Seeing Red","Feel No Pain+1","Juggernaut","Entrench+1","Feel No Pain+1","Entrench+1","Sentinel","Bludgeon","Barricade+1","Shockwave","Body Slam","Feel No Pain+1","Flame Barrier","Second Wind+1"],"special_seed":0,"relics":["Burning Blood","Charon\u0027s Ashes","Meat on the Bone","War Paint","Pear","Happy Flower","Tiny Chest","Bronze Scales","Astrolabe","Frozen Egg 2","Juzu Bracelet","Snecko Eye","Anchor","Ginger","Smiling Mask","Centennial Puzzle","Toxic Egg 2","Vajra"],"potions_floor_usage":[56],"damage_taken":[{"damage":8.0,"enemies":"Cultist","floor":1.0,"turns":5.0},{"damage":4.0,"enemies":"2 Louse","floor":3.0,"turns":3.0},{"damage":33.0,"enemies":"Gremlin Nob","floor":7.0,"turns":4.0},{"damage":4.0,"enemies":"Small Slimes","floor":11.0,"turns":4.0},{"damage":7.0,"enemies":"3 Sentries","floor":13.0,"turns":5.0},{"damage":31.0,"enemies":"Hexaghost","floor":16.0,"turns":10.0},{"damage":0.0,"enemies":"Chosen","floor":18.0,"turns":5.0},{"damage":21.0,"enemies":"Spheric Guardian","floor":20.0,"turns":4.0},{"damage":0.0,"enemies":"Chosen and Byrds","floor":21.0,"turns":5.0},{"damage":19.0,"enemies":"Snake Plant","floor":22.0,"turns":5.0},{"damage":39.0,"enemies":"Gremlin Leader","floor":24.0,"turns":6.0},{"damage":8.0,"enemies":"Snecko","floor":25.0,"turns":7.0},{"damage":16.0,"enemies":"Centurion and Healer","floor":29.0,"turns":6.0},{"damage":12.0,"enemies":"Sentry and Sphere","floor":30.0,"turns":4.0},{"damage":43.0,"enemies":"Champ","floor":33.0,"turns":21.0},{"damage":0.0,"enemies":"Orb Walker","floor":35.0,"turns":1.0},{"damage":8.0,"enemies":"3 Darklings","floor":37.0,"turns":7.0},{"damage":0.0,"enemies":"Mind Bloom Boss Battle","floor":39.0,"turns":6.0},{"damage":0.0,"enemies":"Giant Head","floor":40.0,"turns":9.0},{"damage":23.0,"enemies":"Reptomancer","floor":42.0,"turns":3.0},{"damage":3.0,"enemies":"Giant Head","floor":46.0,"turns":7.0},{"damage":0.0,"enemies":"Writhing Mass","floor":47.0,"turns":3.0},{"damage":1.0,"enemies":"Donu and Deca","floor":50.0,"turns":7.0},{"damage":22.0,"enemies":"Awakened One","floor":51.0,"turns":10.0},{"damage":11.0,"enemies":"Shield and Spear","floor":55.0,"turns":8.0},{"damage":66,"enemies":"The Heart","floor":56,"turns":5}],"seed_played":"-8568159441535752943","potions_obtained":[{"floor":1.0,"key":"SkillPotion"},{"floor":3.0,"key":"Ancient Potion"},{"floor":13.0,"key":"FearPotion"},{"floor":19.0,"key":"Regen Potion"},{"floor":19.0,"key":"SteroidPotion"},{"floor":20.0,"key":"PowerPotion"},{"floor":24.0,"key":"SteroidPotion"},{"floor":25.0,"key":"FearPotion"},{"floor":29.0,"key":"Energy Potion"},{"floor":40.0,"key":"FearPotion"},{"floor":42.0,"key":"AttackPotion"},{"floor":46.0,"key":"Poison Potion"},{"floor":47.0,"key":"SkillPotion"}],"is_trial":false,"path_per_floor":["M","?","M","?","?","R","E","R","T","T","M","R","E","$","R","B",null,"M","?","M","M","M","R","E","M","T","$","R","M","M","?","R","B",null,"M","?","M","$","?","E","R","E","T","$","?","E","M","?","R","B","B",null,"R","$","E","B"],"character_chosen":"IRONCLAD","items_purchased":["Bronze Scales","True Grit","Strength Potion","Feel No Pain+1","Anchor","Feel No Pain+1","Flame Barrier","Energy Potion"],"campfire_rested":1,"item_purchase_floors":[14,14,14,27,38,44,44,54],"current_hp_per_floor":[66,40,54,47,36,36,21,43,53,53,55,55,54,54,54,41,74,80,80,65,71,58,58,37,47,47,47,47,49,55,55,55,30,71,77,69,67,67,73,79,79,62,62,62,52,55,61,61,61,66,50,73,73,73,68,2],"gold":62,"neow_bonus":"ONE_RARE_RELIC","is_prod":false,"is_daily":false,"chose_seed":false,"campfire_upgraded":8,"win_rate":0,"timestamp":1554269136,"path_taken":["M","?","M","?","?","R","E","R","T","?","M","R","E","$","R","BOSS","M","?","M","?","?","R","E","?","T","$","R","M","M","?","R","BOSS","M","?","M","$","?","E","R","E","T","$","?","E","M","?","R","BOSS","BOSS","R","$","E","BOSS"],"build_version":"2019-01-23","purchased_purges":2,"victory":false,"max_hp_per_floor":[75,75,75,75,75,75,75,75,85,85,85,85,85,85,85,85,85,85,85,85,85,85,85,85,85,85,85,85,85,85,85,85,85,85,85,85,85,85,85,85,85,85,85,85,85,85,85,81,81,81,81,81,81,81,81,81],"card_choices":[{"not_picked":["Metallicize","Headbutt","Combust"],"picked":"SKIP","floor":1.0},{"not_picked":["Thunderclap","Sword Boomerang"],"picked":"Feel No Pain","floor":3.0},{"not_picked":["Heavy Blade","Twin Strike"],"picked":"Impervious","floor":7.0},{"not_picked":["Shrug It Off","Pommel Strike"],"picked":"Evolve","floor":11.0},{"not_picked":["Inflame","Reaper"],"picked":"Spot Weakness","floor":13.0},{"not_picked":["Bludgeon","Feed"],"picked":"Fiend Fire","floor":16.0},{"not_picked":["Flex","Headbutt"],"picked":"Seeing Red","floor":18.0},{"not_picked":["Heavy Blade","Combust"],"picked":"Feel No Pain","floor":20.0},{"not_picked":["Clothesline","Heavy Blade","Havoc"],"picked":"SKIP","floor":21.0},{"not_picked":["Wild Strike","Ghostly Armor"],"picked":"Juggernaut","floor":22.0},{"not_picked":["Perfected Strike","Sentinel+1"],"picked":"Entrench","floor":24.0},{"not_picked":["Armaments","Perfected Strike","Iron Wave"],"picked":"SKIP","floor":25.0},{"not_picked":["Bloodletting","Thunderclap"],"picked":"Entrench","floor":29.0},{"not_picked":["Havoc","Fire Breathing+1","Headbutt"],"picked":"SKIP","floor":30.0},{"not_picked":["Reaper","Fiend Fire"],"picked":"Barricade+1","floor":33.0},{"not_picked":["Blood for Blood","Flex"],"picked":"Shockwave","floor":35.0},{"not_picked":["Havoc","Cleave+1","Pommel Strike"],"picked":"SKIP","floor":37.0},{"not_picked":["Shockwave","Dual Wield+1"],"picked":"Body Slam","floor":40.0},{"not_picked":["Perfected Strike","Iron Wave+1","Anger"],"picked":"SKIP","floor":42.0},{"not_picked":["Armaments","Anger"],"picked":"Second Wind","floor":46.0},{"not_picked":["Twin Strike","Pommel Strike+1","Cleave+1"],"picked":"SKIP","floor":47.0},{"not_picked":["Clothesline","Bloodletting+1","Heavy Blade"],"picked":"SKIP","floor":55.0}],"player_experience":2829406,"relics_obtained":[{"floor":7.0,"key":"War Paint"},{"floor":9.0,"key":"Pear"},{"floor":10.0,"key":"Happy Flower"},{"floor":13.0,"key":"Tiny Chest"},{"floor":24.0,"key":"Frozen Egg 2"},{"floor":26.0,"key":"Juzu Bracelet"},{"floor":39.0,"key":"Ginger"},{"floor":40.0,"key":"Smiling Mask"},{"floor":42.0,"key":"Centennial Puzzle"},{"floor":46.0,"key":"Toxic Egg 2"},{"floor":55.0,"key":"Vajra"}],"event_choices":[{"damage_healed":0.0,"max_hp_gain":0.0,"max_hp_loss":0.0,"gold_gain":0.0,"event_name":"Scrap Ooze","player_choice":"Success","floor":2.0,"gold_loss":0.0,"damage_taken":26.0,"relics_obtained":["Meat on the Bone"]},{"cards_removed":["Strike_R"],"damage_healed":0.0,"max_hp_gain":0.0,"max_hp_loss":0.0,"gold_gain":0.0,"event_name":"Golden Wing","player_choice":"Card Removal","floor":4.0,"gold_loss":0.0,"damage_taken":7.0},{"damage_healed":0.0,"max_hp_gain":0.0,"max_hp_loss":0.0,"gold_gain":75.0,"event_name":"World of Goop","player_choice":"Gather Gold","floor":5.0,"gold_loss":0.0,"damage_taken":11.0},{"damage_healed":0.0,"max_hp_gain":0.0,"max_hp_loss":0.0,"gold_gain":0.0,"event_name":"The Woman in Blue","player_choice":"Bought 3 Potions","floor":19.0,"gold_loss":0.0,"damage_taken":0.0},{"damage_healed":0.0,"max_hp_gain":0.0,"max_hp_loss":0.0,"gold_gain":0.0,"cards_transformed":["Hemokinesis","Clothesline"],"event_name":"Drug Dealer","player_choice":"Became Test Subject","floor":31.0,"gold_loss":0.0,"damage_taken":0.0,"cards_obtained":["Sentinel","Bludgeon"]},{"damage_healed":0.0,"max_hp_gain":0.0,"max_hp_loss":0.0,"gold_gain":50.0,"event_name":"FaceTrader","player_choice":"Touch","floor":36.0,"gold_loss":0.0,"damage_taken":8.0},{"damage_healed":0.0,"max_hp_gain":0.0,"max_hp_loss":0.0,"gold_gain":0.0,"event_name":"MindBloom","player_choice":"Fight","floor":39.0,"gold_loss":0.0,"damage_taken":0.0},{"damage_healed":0.0,"max_hp_gain":0.0,"max_hp_loss":0.0,"gold_gain":0.0,"event_name":"SensoryStone","player_choice":"Memory 3","floor":45.0,"gold_loss":0.0,"damage_taken":10.0},{"damage_healed":0.0,"max_hp_gain":0.0,"max_hp_loss":4.0,"gold_gain":0.0,"event_name":"Winding Halls","player_choice":"Max HP","floor":48.0,"gold_loss":0.0,"damage_taken":0.0}],"is_beta":false,"boss_relics":[{"not_picked":["Philosopher\u0027s Stone","Velvet Choker"],"picked":"Astrolabe"},{"not_picked":["Mark of Pain","Cursed Key"],"picked":"Snecko Eye"}],"items_purged_floors":[27,54],"is_endless":false,"potions_floor_spawned":[1,3,13,20,24,25,29,30,40,42,46,47],"killed_by":"The Heart","ascension_level":20}