{"gold_per_floor":[219,170,170,33,50,50,70,88,139,139,170,170,195,223,223,297,297,309,37,37,0,14,14,34,34,59,75,92,92,104,122,122,199,199,218,229,5,1004,427,427,459,497,497,387,397,397],"floor_reached":46,"playtime":4204,"items_purged":["Normality"],"score":1044,"play_id":"f8f52019-f7fc-4414-a7db-47191cb07676","local_time":"20190312205616","is_ascension_mode":true,"campfire_choices":[{"floor":6.0,"key":"REST"},{"floor":12.0,"key":"REST"},{"data":"Chaos","floor":15.0,"key":"SMITH"},{"floor":23.0,"key":"REST"},{"floor":25.0,"key":"REST"},{"floor":29.0,"key":"REST"},{"floor":32.0,"key":"REST"},{"floor":40.0,"key":"REST"}],"neow_cost":"NONE","seed_source_timestamp":614838422331619,"circlet_count":0,"master_deck":["AscendersBane","Strike_B","Strike_B","Strike_B","Strike_B","Defend_B","Defend_B","Defend_B","Defend_B","Zap","Dualcast","BootSequence","Loop","Melter","Chaos+1","Chill","Seek","Barrage","Buffer","Streamline+1","White Noise","Magnetism","Shame","Barrage","Barrage","Steam","White Noise","Force Field","Cold Snap","Electrodynamics","Defragment","Chill","Storm","Glacier","Steam","Creative AI","Fusion+1","Compile Driver","Barrage+1"],"special_seed":0,"relics":["Cracked Core","Regal Pillow","PreservedInsect","WingedGreaves","Oddly Smooth Stone","Lantern","Lizard Tail","Orichalcum","Centennial Puzzle","Nuclear Battery","Meat on the Bone","Bag of Preparation","Bird Faced Urn"],"potions_floor_usage":[45],"damage_taken":[{"damage":15.0,"enemies":"Small Slimes","floor":1.0,"turns":5.0},{"damage":0.0,"enemies":"2 Louse","floor":5.0,"turns":2.0},{"damage":0.0,"enemies":"Jaw Worm","floor":7.0,"turns":3.0},{"damage":0.0,"enemies":"2 Fungi Beasts","floor":8.0,"turns":4.0},{"damage":5.0,"enemies":"3 Sentries","floor":11.0,"turns":8.0},{"damage":0.0,"enemies":"Lagavulin","floor":14.0,"turns":6.0},{"damage":38.0,"enemies":"The Guardian","floor":16.0,"turns":10.0},{"damage":28.0,"enemies":"Shell Parasite","floor":18.0,"turns":5.0},{"damage":21.0,"enemies":"Chosen","floor":22.0,"turns":7.0},{"damage":23.0,"enemies":"Snecko","floor":24.0,"turns":7.0},{"damage":12.0,"enemies":"Centurion and Healer","floor":27.0,"turns":8.0},{"damage":22.0,"enemies":"Snake Plant","floor":28.0,"turns":4.0},{"damage":0.0,"enemies":"Sentry and Sphere","floor":30.0,"turns":3.0},{"damage":4.0,"enemies":"Centurion and Healer","floor":31.0,"turns":11.0},{"damage":104.0,"enemies":"Collector","floor":33.0,"turns":18.0},{"damage":0.0,"enemies":"3 Shapes","floor":35.0,"turns":4.0},{"damage":26.0,"enemies":"3 Darklings","floor":36.0,"turns":4.0},{"damage":25.0,"enemies":"Reptomancer","floor":41.0,"turns":6.0},{"damage":8.0,"enemies":"4 Shapes","floor":42.0,"turns":6.0},{"damage":62,"enemies":"Transient","floor":45,"turns":6},{"damage":18,"enemies":"Maw","floor":46,"turns":2}],"seed_played":"-6085662958280755361","potions_obtained":[{"floor":1.0,"key":"Energy Potion"},{"floor":16.0,"key":"Explosive Potion"},{"floor":30.0,"key":"Block Potion"},{"floor":33.0,"key":"EssenceOfSteel"},{"floor":35.0,"key":"SkillPotion"},{"floor":41.0,"key":"AttackPotion"},{"floor":42.0,"key":"GamblersBrew"}],"is_trial":false,"path_per_floor":["M","?","?","$","M","R","M","M","T","?","E","R","T","E","R","B",null,"M","$","?","?","M","R","M","R","T","M","M","R","M","M","R","B",null,"M","M","$","?","$","R","E","M","T","?","M","M"],"character_chosen":"DEFECT","items_purchased":["Loop","PowerPotion","White Noise","Magnetism","Storm","Glacier","Steam","Meat on the Bone","Creative AI","Energy Potion"],"campfire_rested":7,"item_purchase_floors":[4,4,19,19,37,37,37,39,39,39],"current_hp_per_floor":[49,49,49,49,49,70,70,70,70,59,54,71,71,71,71,33,62,34,34,34,34,13,49,26,62,62,50,28,64,64,60,71,4,54,54,28,28,28,28,64,39,43,43,43,13,0],"gold":397,"neow_bonus":"HUNDRED_GOLD","is_prod":false,"is_daily":false,"chose_seed":false,"campfire_upgraded":1,"win_rate":0,"timestamp":1552416976,"path_taken":["M","?","?","$","M","R","M","M","T","?","E","R","?","E","R","BOSS","M","$","?","?","M","R","M","R","T","M","M","R","M","M","R","BOSS","M","M","$","?","$","R","E","M","T","?","?","M"],"build_version":"2019-01-23","purchased_purges":1,"victory":false,"max_hp_per_floor":[71,71,71,71,71,71,71,71,71,71,71,71,71,71,71,71,71,71,71,71,71,71,71,71,71,71,71,71,71,71,71,71,71,71,71,71,71,71,71,71,71,71,71,71,71,71],"card_choices":[{"not_picked":["Undo","Cold Snap"],"picked":"BootSequence","floor":1.0},{"not_picked":["Gash","Steam Power"],"picked":"Melter","floor":5.0},{"not_picked":["Beam Cell","Double Energy"],"picked":"Chaos","floor":7.0},{"not_picked":["Coolheaded","Stack"],"picked":"Chill","floor":8.0},{"not_picked":["Undo","Redo"],"picked":"Seek","floor":11.0},{"not_picked":["Aggregate","Turbo"],"picked":"Barrage","floor":14.0},{"not_picked":["Biased Cognition","Thunder Strike"],"picked":"Buffer","floor":16.0},{"not_picked":["Go for the Eyes+1","Hologram"],"picked":"Streamline","floor":18.0},{"not_picked":["Sweeping Beam","Streamline"],"picked":"Barrage","floor":22.0},{"not_picked":["Turbo","Coolheaded"],"picked":"Barrage","floor":24.0},{"not_picked":["Go for the Eyes","Coolheaded"],"picked":"Steam","floor":27.0},{"not_picked":["Force Field","Biased Cognition"],"picked":"White Noise","floor":28.0},{"not_picked":["Barrage","Rip and Tear"],"picked":"Force Field","floor":30.0},{"not_picked":["Coolheaded","Sweeping Beam"],"picked":"Cold Snap","floor":31.0},{"not_picked":["Hyperbeam","Buffer"],"picked":"Electrodynamics","floor":33.0},{"not_picked":["Sweeping Beam","Streamline"],"picked":"Defragment","floor":35.0},{"not_picked":["Auto Shields+1","Compile Driver"],"picked":"Chill","floor":36.0},{"not_picked":["Barrage","Reboot"],"picked":"Fusion+1","floor":41.0},{"not_picked":["Double Energy+1","Consume"],"picked":"Compile Driver","floor":42.0},{"not_picked":["Sweeping Beam","Fusion"],"picked":"Barrage+1","floor":45}],"player_experience":1089541,"relics_obtained":[{"floor":9.0,"key":"Regal Pillow"},{"floor":11.0,"key":"WingedGreaves"},{"floor":13.0,"key":"Oddly Smooth Stone"},{"floor":14.0,"key":"Lantern"},{"floor":26.0,"key":"Centennial Puzzle"},{"floor":41.0,"key":"Bag of Preparation"},{"floor":43.0,"key":"Bird Faced Urn"}],"event_choices":[{"damage_healed":0.0,"max_hp_gain":0.0,"max_hp_loss":0.0,"gold_gain":0.0,"event_name":"World of Goop","player_choice":"Left Gold","floor":2.0,"gold_loss":49.0,"damage_taken":0.0},{"damage_healed":0.0,"max_hp_gain":0.0,"max_hp_loss":0.0,"gold_gain":0.0,"event_name":"Shining Light","player_choice":"Ignored","floor":3.0,"gold_loss":0.0,"damage_taken":0.0},{"damage_healed":0.0,"max_hp_gain":0.0,"max_hp_loss":0.0,"gold_gain":0.0,"event_name":"Scrap Ooze","player_choice":"Success","floor":10.0,"gold_loss":0.0,"damage_taken":11.0,"relics_obtained":["PreservedInsect"]},{"damage_healed":0.0,"max_hp_gain":0.0,"max_hp_loss":0.0,"gold_gain":0.0,"event_name":"Addict","player_choice":"Stole Relic","floor":20.0,"gold_loss":0.0,"damage_taken":0.0,"relics_obtained":["Orichalcum"],"cards_obtained":["Shame"]},{"damage_healed":0.0,"max_hp_gain":0.0,"max_hp_loss":0.0,"gold_gain":0.0,"event_name":"Masked Bandits","player_choice":"Paid Fearfully","floor":21.0,"gold_loss":37.0,"damage_taken":0.0},{"damage_healed":0.0,"max_hp_gain":0.0,"max_hp_loss":0.0,"gold_gain":999.0,"event_name":"MindBloom","player_choice":"Gold","floor":38.0,"gold_loss":0.0,"damage_taken":0.0,"cards_obtained":["Normality","Normality"]},{"cards_removed":["Normality"],"damage_healed":0.0,"max_hp_gain":0.0,"max_hp_loss":0.0,"gold_gain":0.0,"event_name":"Designer","player_choice":"Upgrade and Remove","floor":44.0,"gold_loss":110.0,"damage_taken":0.0,"cards_upgraded":["Streamline"]}],"is_beta":false,"boss_relics":[{"not_picked":["Empty Cage","Ectoplasm"],"picked":"Lizard Tail"},{"not_picked":["Cursed Key","FrozenCore"],"picked":"Nuclear Battery"}],"items_purged_floors":[39],"is_endless":false,"potions_floor_spawned":[1,11,16,18,30,33,35,41,42],"killed_by":"Maw","ascension_level":18}