{"gold_per_floor":[119,194,194,22,22,56,56,56,56,56,90,114,114,114],"floor_reached":14,"playtime":180,"items_purged":[],"score":288,"play_id":"3d7789a5-0156-410f-812b-641821bf4b99","local_time":"20190331192921","is_ascension_mode":true,"campfire_choices":[{"data":"Shockwave","floor":7,"key":"SMITH"},{"data":"True Grit","floor":10,"key":"SMITH"}],"neow_cost":"NONE","seed_source_timestamp":203255003891400,"circlet_count":0,"master_deck":["AscendersBane","Strike_R","Strike_R","Strike_R+1","Strike_R","Defend_R","Defend_R","Defend_R","Defend_R","Bash","True Grit+1","Shockwave+1","Armaments+1","Inflame"],"relics":["Burning Blood","NeowsBlessing","Golden Idol","Regal Pillow","Omamori","Pantograph","Champion Belt"],"potions_floor_usage":[14],"damage_taken":[{"damage":0,"enemies":"Cultist","floor":1,"turns":1},{"damage":0,"enemies":"Lagavulin","floor":6,"turns":1},{"damage":0,"enemies":"Gremlin Nob","floor":11,"turns":1},{"damage":3,"enemies":"2 Louse","floor":12,"turns":4},{"damage":15,"enemies":"3 Sentries","floor":14,"turns":4}],"seed_played":"-7700221045935621341","potions_obtained":[{"floor":12,"key":"SteroidPotion"}],"is_trial":false,"path_per_floor":["M","?","?","$","$","E","R","?","T","R","E","M","?","E"],"character_chosen":"IRONCLAD","items_purchased":["Regal Pillow"],"campfire_rested":0,"item_purchase_floors":[4],"current_hp_per_floor":[74,63,37,37,37,43,43,43,43,43,49,52,29,14],"gold":114,"neow_bonus":"THREE_ENEMY_KILL","is_prod":false,"is_daily":false,"chose_seed":false,"campfire_upgraded":2,"win_rate":0,"timestamp":1554028161,"path_taken":["M","?","?","?","$","E","R","?","T","R","E","?","?","E"],"build_version":"2019-01-23","purchased_purges":0,"victory":false,"max_hp_per_floor":[75,75,75,75,75,75,75,75,75,75,75,75,75,75],"card_choices":[{"not_picked":["Flex","Fire Breathing"],"picked":"True Grit","floor":1},{"not_picked":["Wild Strike","Reckless Charge"],"picked":"Shockwave","floor":6},{"not_picked":["Dark Embrace","Twin Strike"],"picked":"Armaments","floor":11},{"not_picked":["Sentinel","Clothesline"],"picked":"Inflame","floor":12}],"player_experience":2782063,"relics_obtained":[{"floor":6,"key":"Omamori"},{"floor":9,"key":"Pantograph"},{"floor":11,"key":"Champion Belt"}],"event_choices":[{"damage_healed":0,"gold_gain":75,"player_choice":"Gather Gold","damage_taken":11,"max_hp_gain":0,"max_hp_loss":0,"event_name":"World of Goop","floor":2,"gold_loss":0},{"damage_healed":0,"gold_gain":0,"player_choice":"Take Damage","damage_taken":26,"relics_obtained":["Golden Idol"],"max_hp_gain":0,"max_hp_loss":0,"event_name":"Golden Idol","floor":3,"gold_loss":0},{"cards_removed":["Strike_R"],"damage_healed":0,"gold_gain":0,"player_choice":"Forget","damage_taken":0,"max_hp_gain":0,"max_hp_loss":0,"event_name":"Living Wall","floor":8,"gold_loss":0},{"damage_healed":0,"gold_gain":0,"player_choice":"Entered Light","damage_taken":23,"max_hp_gain":0,"max_hp_loss":0,"event_name":"Shining Light","floor":13,"gold_loss":0,"cards_upgraded":["Strike_R","Armaments"]}],"is_beta":false,"boss_relics":[],"items_purged_floors":[],"is_endless":false,"potions_floor_spawned":[12],"killed_by":"3 Sentries","ascension_level":20}