{"gold_per_floor":[112,112,112,17,17,50,50,66,66,66,98,98,108,143,143,220,220,235,235,285,302,317,317,317,317,317,3,3,3,16,42,42,119,119,130,146,146,166,266,266,279,313,339,339,339,339,339],"floor_reached":47,"playtime":1933,"items_purged":["Strike_R"],"score":1174,"play_id":"1d574686-5a5a-4b4a-9ab8-c775cc83fdf3","local_time":"20190309125653","is_ascension_mode":true,"campfire_choices":[{"data":"Bash","floor":7,"key":"SMITH"},{"data":"Limit Break","floor":10,"key":"SMITH"},{"data":"Disarm","floor":12,"key":"SMITH"},{"data":"True Grit","floor":15,"key":"SMITH"},{"data":"Immolate","floor":23,"key":"SMITH"},{"data":"Evolve","floor":25,"key":"SMITH"},{"data":"Defend_R","floor":29,"key":"SMITH"},{"data":"Defend_R","floor":32,"key":"SMITH"},{"data":"Feed","floor":40,"key":"SMITH"},{"floor":44,"key":"RECALL"},{"data":"Defend_R","floor":46,"key":"SMITH"}],"neow_cost":"NONE","seed_source_timestamp":8231688412600,"circlet_count":0,"master_deck":["AscendersBane","Strike_R","Strike_R+1","Strike_R+1","Defend_R","Defend_R+1","Defend_R+1","Defend_R+1","Bash+1","Discovery+1","Limit Break+1","Disarm+1","True Grit+1","Immolate+1","Evolve+1","Spot Weakness+1","Shockwave+1","Feed+1","True Grit+1","Whirlwind+1","Ghostly Armor+1","Parasite","Offering+1","Master of Strategy+1","Enlightenment+1","Chrysalis+1"],"relics":["Burning Blood","NeowsBlessing","Charon\u0027s Ashes","Orichalcum","Mercury Hourglass","The Courier","Bag of Marbles","Sozu","Nilry\u0027s Codex","Meat on the Bone","Toxic Egg 2","Ornamental Fan","Coffee Dripper","Thread and Needle","Omamori","Whetstone"],"potions_floor_usage":[11,16,22],"damage_taken":[{"damage":0,"enemies":"Jaw Worm","floor":1,"turns":1},{"damage":0,"enemies":"Gremlin Nob","floor":6,"turns":1},{"damage":0,"enemies":"Small Slimes","floor":8,"turns":1},{"damage":8,"enemies":"3 Sentries","floor":11,"turns":5},{"damage":0,"enemies":"Cultist","floor":13,"turns":3},{"damage":16,"enemies":"Lagavulin","floor":14,"turns":9},{"damage":0,"enemies":"The Guardian","floor":16,"turns":11},{"damage":5,"enemies":"Chosen","floor":18,"turns":4},{"damage":14,"enemies":"Shell Parasite","floor":21,"turns":8},{"damage":2,"enemies":"3 Cultists","floor":22,"turns":3},{"damage":0,"enemies":"Cultist and Chosen","floor":30,"turns":4},{"damage":0,"enemies":"Slavers","floor":31,"turns":1},{"damage":13,"enemies":"Champ","floor":33,"turns":10},{"damage":13,"enemies":"Orb Walker","floor":35,"turns":4},{"damage":0,"enemies":"3 Shapes","floor":36,"turns":2},{"damage":31,"enemies":"Jaw Worm Horde","floor":38,"turns":6},{"damage":0,"enemies":"Mind Bloom Boss Battle","floor":39,"turns":8},{"damage":9,"enemies":"Writhing Mass","floor":41,"turns":9},{"damage":28,"enemies":"Reptomancer","floor":42,"turns":4},{"damage":41,"enemies":"Nemesis","floor":47,"turns":6}],"seed_played":"6613288072100726184","potions_obtained":[{"floor":1,"key":"Strength Potion"},{"floor":8,"key":"BloodPotion"},{"floor":11,"key":"Swift Potion"},{"floor":16,"key":"Strength Potion"}],"is_trial":false,"path_per_floor":["M","?","?","$","?","E","R","M","T","R","E","R","M","E","R","B",null,"M","?","?","M","M","R","T","R","T","$","?","R","M","E","R","B",null,"M","M","?","M","?","R","M","E","T","R","?","R","E"],"character_chosen":"IRONCLAD","items_purchased":["Discovery","Toxic Egg 2","Spot Weakness+1"],"campfire_rested":0,"item_purchase_floors":[4,27,27],"current_hp_per_floor":[74,67,56,56,56,62,62,68,68,68,73,73,75,65,65,71,74,75,54,54,46,50,50,50,50,50,50,50,50,56,62,62,55,70,66,72,72,50,59,59,56,46,46,46,36,36,0],"gold":339,"neow_bonus":"THREE_ENEMY_KILL","is_prod":false,"is_daily":false,"chose_seed":false,"campfire_upgraded":10,"win_rate":0,"timestamp":1552103813,"path_taken":["M","?","?","$","?","E","R","?","T","R","E","R","M","E","R","BOSS","M","?","?","M","?","R","?","R","T","$","?","R","?","E","R","BOSS","M","M","?","M","?","R","M","E","T","R","?","R","E"],"build_version":"2019-01-23","purchased_purges":1,"victory":false,"max_hp_per_floor":[75,75,75,75,75,75,75,75,75,75,75,75,75,75,75,75,75,75,75,75,75,75,75,75,75,75,75,75,75,75,75,75,75,75,78,78,74,77,80,80,80,80,80,80,80,80,80],"card_choices":[{"not_picked":["Iron Wave","Havoc","Cleave"],"picked":"SKIP","floor":1},{"not_picked":["Hemokinesis","Heavy Blade"],"picked":"Limit Break","floor":6},{"not_picked":["Clothesline","Body Slam","Combust"],"picked":"SKIP","floor":8},{"not_picked":["Wild Strike","Headbutt"],"picked":"Disarm","floor":11},{"not_picked":["Shrug It Off","Clash"],"picked":"True Grit","floor":13},{"not_picked":["Combust","Sword Boomerang","Clothesline"],"picked":"SKIP","floor":14},{"not_picked":["Barricade","Double Tap"],"picked":"Immolate","floor":16},{"not_picked":["Wild Strike","Warcry","Rupture"],"picked":"SKIP","floor":18},{"not_picked":["Pommel Strike","Warcry"],"picked":"Evolve","floor":21},{"not_picked":["Corruption","Clash+1","Infernal Blade"],"picked":"SKIP","floor":22},{"not_picked":["Clothesline","Searing Blow","Sever Soul"],"picked":"SKIP","floor":30},{"not_picked":["Brutality","Spot Weakness+1"],"picked":"Shockwave+1","floor":31},{"not_picked":["Demon Form","Bludgeon"],"picked":"Feed","floor":33},{"not_picked":["Havoc+1","Iron Wave"],"picked":"True Grit+1","floor":35},{"not_picked":["Cleave","Flex+1"],"picked":"Whirlwind+1","floor":36},{"not_picked":["Anger","Spot Weakness+1"],"picked":"Ghostly Armor+1","floor":38},{"not_picked":["Clothesline","Fire Breathing"],"picked":"Offering+1","floor":41},{"not_picked":["Shockwave+1","Fire Breathing","Combust"],"picked":"SKIP","floor":42},{"not_picked":["Finesse+1","Bandage Up+1"],"picked":"Master of Strategy+1","floor":45},{"not_picked":["Flash of Steel","Panache"],"picked":"Enlightenment+1","floor":45},{"not_picked":["Dramatic Entrance","Enlightenment+1"],"picked":"Chrysalis+1","floor":45}],"player_experience":2081995,"relics_obtained":[{"floor":6,"key":"Orichalcum"},{"floor":9,"key":"Mercury Hourglass"},{"floor":11,"key":"The Courier"},{"floor":14,"key":"Bag of Marbles"},{"floor":19,"key":"Nilry\u0027s Codex"},{"floor":26,"key":"Meat on the Bone"},{"floor":31,"key":"Ornamental Fan"},{"floor":39,"key":"Thread and Needle"},{"floor":42,"key":"Omamori"},{"floor":43,"key":"Whetstone"}],"event_choices":[{"cards_removed":["Strike_R"],"damage_healed":0,"gold_gain":0,"player_choice":"Card Removal","damage_taken":7,"max_hp_gain":0,"max_hp_loss":0,"event_name":"Golden Wing","floor":2,"gold_loss":0},{"damage_healed":0,"gold_gain":0,"player_choice":"Success","damage_taken":11,"relics_obtained":["Charon\u0027s Ashes"],"max_hp_gain":0,"max_hp_loss":0,"event_name":"Scrap Ooze","floor":3,"gold_loss":0},{"damage_healed":0,"gold_gain":0,"player_choice":"Upgraded","damage_taken":0,"max_hp_gain":0,"max_hp_loss":0,"event_name":"Upgrade Shrine","floor":5,"gold_loss":0,"cards_upgraded":["Discovery"]},{"damage_healed":0,"gold_gain":0,"player_choice":"Obtained Book","damage_taken":21,"max_hp_gain":0,"max_hp_loss":0,"event_name":"Cursed Tome","floor":19,"gold_loss":0},{"damage_healed":0,"gold_gain":50,"player_choice":"Stole From Cult","damage_taken":0,"max_hp_gain":0,"max_hp_loss":0,"event_name":"Nest","floor":20,"gold_loss":0},{"damage_healed":0,"gold_gain":0,"player_choice":"Got Potions","damage_taken":0,"max_hp_gain":0,"max_hp_loss":0,"event_name":"Lab","floor":28,"gold_loss":0},{"damage_healed":0,"gold_gain":0,"player_choice":"Max HP","damage_taken":0,"max_hp_gain":0,"max_hp_loss":4,"event_name":"Winding Halls","floor":37,"gold_loss":0},{"damage_healed":0,"gold_gain":0,"player_choice":"Fight","damage_taken":0,"max_hp_gain":0,"max_hp_loss":0,"event_name":"MindBloom","floor":39,"gold_loss":0},{"damage_healed":0,"gold_gain":0,"player_choice":"Memory 3","damage_taken":10,"max_hp_gain":0,"max_hp_loss":0,"event_name":"SensoryStone","floor":45,"gold_loss":0}],"is_beta":false,"boss_relics":[{"not_picked":["Black Blood","Velvet Choker"],"picked":"Sozu"},{"not_picked":["Calling Bell","Orrery"],"picked":"Coffee Dripper"}],"items_purged_floors":[27],"is_endless":false,"potions_floor_spawned":[1,8,11,16,31,33,39,42],"killed_by":"Nemesis","ascension_level":20}