{"path_per_floor":["M","?","M","?","$","R","?","E","T","R","$","M","R","E","R","B",null,"M","?","?","$","M","R","E","R","T","M","R","E","?","?","R","B",null,"M","?","M","$","?","E","R","E","T","?","M","M","R","M","R"],"character_chosen":"IRONCLAD","items_purchased":["Rampage","Headbutt","Rage","Bandage Up"],"gold_per_floor":[211,211,222,172,2,2,2,32,83,83,48,65,65,94,94,196,196,214,214,214,13,24,24,49,49,49,61,61,89,89,89,89,194,194,212,212,222,97,97,129,129,159,184,184,200,212,212,227,227,227],"floor_reached":50,"campfire_rested":1,"playtime":2234,"current_hp_per_floor":[77,77,80,80,80,80,80,78,78,78,78,80,80,77,77,80,80,80,80,80,80,57,57,42,42,42,36,36,42,42,26,50,16,64,79,79,80,80,75,80,80,80,80,80,80,80,80,80,80,0],"items_purged":["Strike_R","Strike_R","Strike_R"],"gold":227,"score":931,"play_id":"6deb1460-5635-4855-98b8-610e12f90915","local_time":"20180411003923","is_prod":false,"is_daily":false,"chose_seed":false,"is_ascension_mode":true,"campfire_upgraded":10,"timestamp":1523378363,"path_taken":["M","?","M","?","$","R","?","E","T","R","$","M","R","E","R","BOSS","M","?","?","$","M","R","E","R","T","M","R","E","?","?","R","BOSS","M","?","M","$","?","E","R","E","T","?","?","M","R","M","R","BOSS"],"build_version":"2018-04-10","seed_source_timestamp":1333187881305585,"purchased_purges":3,"victory":false,"master_deck":["Defend_R","Defend_R","Defend_R","Bash","Spot Weakness+1","Rampage+1","Headbutt","Double Tap+1","Thunderclap","Rage+1","Impervious","Brutality+1","Burning Pact+1","Bandage Up+1","Shrug It Off","Offering+1","Necronomicurse","Sword Boomerang+1","Offering+1","Warcry+1","Panache+1","Flash of Steel","Disarm+1","Dropkick"],"max_hp_per_floor":[80,80,80,80,80,80,80,80,80,80,80,80,80,80,80,80,80,80,80,80,80,80,80,80,80,80,80,80,80,80,80,80,80,80,80,80,80,80,80,80,80,80,80,80,80,80,80,80,80,80],"relics":["Black Blood","Bag of Preparation","Bag of Marbles","Sundial","Runic Dome","Letter Opener","Matryoshka","Charon\u0027s Ashes","Necronomicon","Shuriken","Anchor","Dream Catcher","Blood Vial"],"card_choices":[{"not_picked":["Thunderclap","Disarm"],"picked":"Spot Weakness","floor":1},{"not_picked":["Flame Barrier","Headbutt"],"picked":"Thunderclap","floor":8},{"not_picked":["Carnage","Iron Wave"],"picked":"Impervious","floor":14},{"not_picked":["Feed","Barricade"],"picked":"Brutality","floor":16},{"not_picked":["Bloodletting","Sever Soul"],"picked":"Shrug It Off","floor":24},{"not_picked":["Rupture","Thunderclap"],"picked":"Offering","floor":27},{"not_picked":["Anger","Perfected Strike"],"picked":"Sword Boomerang","floor":35},{"not_picked":["Shrug It Off","Carnage"],"picked":"Warcry","floor":37},{"not_picked":["Thinking Ahead","Trip"],"picked":"Panache","floor":39},{"not_picked":["Sadistic Nature","Good Instincts"],"picked":"Flash of Steel","floor":39},{"not_picked":["Heavy Blade","True Grit"],"picked":"Disarm","floor":40},{"not_picked":["Headbutt","Sword Boomerang"],"picked":"Dropkick","floor":42}],"player_experience":253335,"potions_floor_usage":[24,29,29,50,50,50],"damage_taken":[{"damage":1,"enemies":"Cultist","floor":1,"turns":3},{"damage":2,"enemies":"2 Louse","floor":3,"turns":3},{"damage":8,"enemies":"Gremlin Nob","floor":8,"turns":3},{"damage":0,"enemies":"Small Slimes","floor":12,"turns":2},{"damage":9,"enemies":"3 Sentries","floor":14,"turns":4},{"damage":0,"enemies":"Slime Boss","floor":16,"turns":6},{"damage":3,"enemies":"3 Byrds","floor":18,"turns":4},{"damage":33,"enemies":"Spheric Guardian","floor":22,"turns":4},{"damage":27,"enemies":"Gremlin Leader","floor":24,"turns":4},{"damage":18,"enemies":"Centurion and Healer","floor":27,"turns":4},{"damage":6,"enemies":"Slavers","floor":29,"turns":3},{"damage":46,"enemies":"Automaton","floor":33,"turns":7},{"damage":1,"enemies":"Orb Walker","floor":35,"turns":2},{"damage":9,"enemies":"3 Darklings","floor":37,"turns":2},{"damage":9,"enemies":"2 Orb Walkers","floor":40,"turns":2},{"damage":13,"enemies":"Giant Head","floor":42,"turns":3},{"damage":4,"enemies":"Flame Bruiser 2 Orb","floor":45,"turns":2},{"damage":9,"enemies":"Maw","floor":46,"turns":2},{"damage":8,"enemies":"Sphere and 2 Shapes","floor":48,"turns":2},{"damage":123,"enemies":"Awakened One","floor":50,"turns":5}],"event_choices":[{"event_name":"Living Wall","player_choice":"Forget","floor":2,"damage_taken":0},{"event_name":"The Cleric","player_choice":"Card Removal","floor":4,"damage_taken":0},{"event_name":"Match and Keep!","player_choice":"1 cards matched","floor":7,"damage_taken":0},{"event_name":"The Library","player_choice":"Read","floor":19,"damage_taken":0},{"event_name":"Ghosts","player_choice":"Ignored","floor":20,"damage_taken":0},{"event_name":"Drug Dealer","player_choice":"Ignored","floor":30,"damage_taken":0},{"event_name":"Cursed Tome","player_choice":"Obtained Book","floor":31,"damage_taken":0},{"event_name":"Duplicator","player_choice":"One dupe","floor":36,"damage_taken":0},{"event_name":"SensoryStone","player_choice":"Memory 2","floor":39,"damage_taken":0}],"boss_relics":[{"not_picked":["Tiny House","Lizard Tail"],"picked":"Runic Dome"},{"not_picked":["Velvet Choker","Sozu"],"picked":"Black Blood"}],"potions_floor_spawned":[3,12,22,27,29,37,45],"seed_played":"-5779748362662059301","killed_by":"Awakened One","ascension_level":9,"is_trial":false}