{"path_per_floor":["M","M","?","?","M","R","M","R","T","R","M","E","$","M","R","B",null,"M","M","?","T","M","R","E","R","T","M","M","?","$","M","R","B",null,"M","$","M","M","M","R","?","T","T","$","M","?","R","M","R","B"],"character_chosen":"THE_SILENT","items_purchased":["Noxious Fumes","Bottled Tornado","Regen Potion"],"gold_per_floor":[117,135,135,135,151,151,167,167,167,167,177,211,55,75,75,180,180,196,215,215,294,313,313,344,344,344,361,381,296,51,71,71,170,170,187,39,53,63,76,76,0,0,0,0,15,15,15,30,30,30],"floor_reached":51,"campfire_rested":1,"playtime":6717,"current_hp_per_floor":[70,70,70,63,59,59,57,57,57,57,57,57,57,57,57,48,70,70,70,70,70,60,60,10,31,31,31,31,31,31,24,24,13,70,47,47,44,13,17,17,17,17,17,17,17,61,61,60,60,24],"items_purged":["Defend_G","Infinite Blades"],"gold":30,"score":521,"play_id":"88288460-f875-4a08-8026-1b08cd107cac","is_prod":false,"is_daily":false,"is_ascension_mode":false,"campfire_upgraded":7,"path_taken":["M","M","?","?","M","R","M","R","T","R","M","E","?","M","R","BOSS","M","M","?","?","M","R","E","R","T","M","M","?","$","M","R","BOSS","M","$","M","?","M","R","?","?","T","?","M","?","R","M","R","BOSS"],"build_version":"2018-02-06-BETA1","purchased_purges":3,"victory":true,"master_deck":["Defend_G","Defend_G","Strike_G+1","Strike_G+1","Survivor","Neutralize+1","Calculated Gamble+1","Escape Plan","Well Laid Plans+1","Dagger Spray+1","Noxious Fumes","Noxious Fumes","Corpse Explosion+1","Phantasmal Killer+1","Deadly Poison+1","Acrobatics+1","Escape Plan","Footwork+1","Malaise","Outmaneuver+1","Doppelganger","Bane+1","PiercingWail+1","Backflip+1"],"max_hp_per_floor":[70,70,70,70,70,70,70,70,70,70,70,70,70,70,70,70,70,70,70,70,70,70,70,70,70,70,70,70,70,70,70,70,70,70,70,70,70,70,70,70,70,70,70,70,70,61,61,61,61,61],"relics":["Ring of the Snake","Thread and Needle","Ornamental Fan","Astrolabe","Shuriken","Centennial Puzzle","Tingsha","Whetstone","Peace Pipe","Bottled Tornado","Velvet Choker","Red Mask","Sundial","Bottled Flame"],"card_choices":[{"not_picked":["Acrobatics","Malaise"],"picked":"Calculated Gamble"},{"not_picked":["Bane","Poisoned Stab"],"picked":"Escape Plan"},{"not_picked":["Quick Slash","Dodge and Roll"],"picked":"Well Laid Plans"},{"not_picked":["PiercingWail","Prepared"],"picked":"Dagger Spray"},{"not_picked":["Prepared","Dagger Throw"],"picked":"Noxious Fumes"},{"not_picked":["Heel Hook","Flying Knee"],"picked":"Infinite Blades"},{"not_picked":["Venomology","A Thousand Cuts"],"picked":"Corpse Explosion"},{"not_picked":["Dagger Spray","Dodge and Roll"],"picked":"Acrobatics"},{"not_picked":["Deflect","PiercingWail"],"picked":"Escape Plan"},{"not_picked":["Quick Slash","Choke"],"picked":"Footwork"},{"not_picked":["Deadly Poison","Distraction"],"picked":"Malaise"},{"not_picked":["Slice","Finisher"],"picked":"Outmaneuver"},{"not_picked":["A Thousand Cuts","Wraith Form"],"picked":"Doppelganger"},{"not_picked":["Dagger Throw","Leg Sweep"],"picked":"Bane"},{"not_picked":["Leg Sweep","Distraction"],"picked":"PiercingWail"},{"not_picked":["Sucker Punch","Deadly Poison"],"picked":"Backflip"}],"player_experience":11951,"potions_floor_usage":[12,16,18,24,31,33,39,50,50,50],"damage_taken":[{"damage":0,"enemies":"Small Slimes","floor":1,"turns":4},{"damage":0,"enemies":"Cultist","floor":2,"turns":4},{"damage":4,"enemies":"Jaw Worm","floor":5,"turns":5},{"damage":2,"enemies":"Exordium Wildlife","floor":7,"turns":7},{"damage":0,"enemies":"3 Louse","floor":11,"turns":3},{"damage":0,"enemies":"Lagavulin","floor":12,"turns":7},{"damage":0,"enemies":"Looter","floor":14,"turns":4},{"damage":9,"enemies":"Slime Boss","floor":16,"turns":8},{"damage":0,"enemies":"Shell Parasite","floor":18,"turns":4},{"damage":0,"enemies":"Chosen","floor":19,"turns":6},{"damage":10,"enemies":"3 Cultists","floor":22,"turns":4},{"damage":50,"enemies":"Slavers","floor":24,"turns":5},{"damage":0,"enemies":"Centurion and Healer","floor":27,"turns":5},{"damage":0,"enemies":"Snake Plant","floor":28,"turns":4},{"damage":7,"enemies":"Chosen and Byrds","floor":31,"turns":6},{"damage":11,"enemies":"Collector","floor":33,"turns":7},{"damage":23,"enemies":"3 Darklings","floor":35,"turns":3},{"damage":3,"enemies":"3 Shapes","floor":37,"turns":4},{"damage":31,"enemies":"3 Darklings","floor":38,"turns":4},{"damage":11,"enemies":"4 Shapes","floor":39,"turns":6},{"damage":0,"enemies":"Spire Growth","floor":45,"turns":4},{"damage":1,"enemies":"Maw","floor":48,"turns":6},{"damage":48,"enemies":"Donu and Deca","floor":50,"turns":7}],"event_choices":[{"event_name":"Liars Game","player_choice":"disagreed","floor":3,"damage_taken":0},{"event_name":"Golden Wing","player_choice":"Card Removal","floor":4,"damage_taken":0},{"event_name":"The Mausoleum","player_choice":"Yes","floor":20,"damage_taken":0},{"event_name":"Addict","player_choice":"Obtained Relic","floor":29,"damage_taken":0},{"event_name":"Tomb of Lord Red Mask","player_choice":"Paid","floor":41,"damage_taken":0},{"event_name":"The Moai Head","player_choice":"Heal","floor":46,"damage_taken":0}],"boss_relics":[{"not_picked":["Sozu","Eternal Feather"],"picked":"Astrolabe"},{"not_picked":["Snecko Eye","Philosopher\u0027s Stone"],"picked":"Velvet Choker"}],"potions_floor_spawned":[1,5,16,18,19,28,39,45,48],"seed_played":"-111305261918940971","ascension_level":0,"is_trial":false}