{"gold_per_floor":[114,114,114,189,199,199,199,224,250,268,268,16,16,33,33,134,134,151,165,165,20,20,45,45,80,105,105,117,133,133,133,133,133],"floor_reached":33,"playtime":1380,"items_purged":[],"score":351,"play_id":"895ff297-0749-44a7-b4b2-a92c63aee14e","local_time":"20180918134844","is_ascension_mode":true,"campfire_choices":[{"floor":6.0,"key":"REST"},{"floor":11.0,"key":"REST"},{"data":"Inflame","floor":13.0,"key":"SMITH"},{"floor":15.0,"key":"REST"},{"floor":24,"key":"REST"},{"data":"Double Tap","floor":27,"key":"SMITH"},{"data":"Disarm","floor":30,"key":"SMITH"},{"floor":32,"key":"REST"}],"neow_cost":"","seed_source_timestamp":0,"circlet_count":0,"master_deck":["Strike_R","Strike_R","Strike_R","Strike_R","Strike_R","Defend_R+1","Defend_R","Defend_R","Defend_R","Bash+1","Inflame+1","Battle Trance","Spot Weakness","Shrug It Off","Iron Wave","Limit Break","Disarm+1","Iron Wave","Metallicize+1","Disarm+1","Double Tap+1","Headbutt+1","True Grit"],"special_seed":0,"relics":["Burning Blood","Nunchaku","Happy Flower","Bag of Preparation","Sling","Black Star","Champion Belt","Mango","Bronze Scales","Anchor","Centennial Puzzle"],"potions_floor_usage":[18,18,23,23,23,25,25,25,29],"damage_taken":[{"damage":3.0,"enemies":"2 Louse","floor":1.0,"turns":2.0},{"damage":0.0,"enemies":"Jaw Worm","floor":5.0,"turns":3.0},{"damage":41.0,"enemies":"Lagavulin","floor":8.0,"turns":8.0},{"damage":4.0,"enemies":"Small Slimes","floor":10.0,"turns":3.0},{"damage":5.0,"enemies":"Red Slaver","floor":14.0,"turns":3.0},{"damage":20.0,"enemies":"Slime Boss","floor":16.0,"turns":8.0},{"damage":23,"enemies":"2 Thieves","floor":18,"turns":5},{"damage":27,"enemies":"Chosen","floor":19,"turns":7},{"damage":24,"enemies":"Slavers","floor":23,"turns":4},{"damage":5,"enemies":"Book of Stabbing","floor":25,"turns":7},{"damage":0,"enemies":"Snake Plant","floor":28,"turns":5},{"damage":8,"enemies":"Centurion and Healer","floor":29,"turns":5},{"damage":100,"enemies":"Collector","floor":33,"turns":8}],"seed_played":"-8436982126223039189","potions_obtained":[{"floor":1.0,"key":"PowerPotion"},{"floor":5.0,"key":"Dexterity Potion"},{"floor":8.0,"key":"LiquidBronze"},{"floor":14.0,"key":"Block Potion"},{"floor":18,"key":"EntropicBrew"},{"floor":20,"key":"Explosive Potion"},{"floor":20,"key":"Dexterity Potion"},{"floor":23,"key":"EntropicBrew"}],"is_trial":false,"path_per_floor":["M","?","?","?","M","R","?","E","T","M","R","$","R","M","R","B",null,"M","M","?","$","?","E","R","E","T","R","M","M","R","?","R"],"character_chosen":"IRONCLAD","items_purchased":["Sling","Shrug It Off","Metallicize","Disarm"],"campfire_rested":5,"item_purchase_floors":[12,12,21,21],"current_hp_per_floor":[80,68,52,41,47,71,71,36,36,38,62,62,62,63,80,66,77,60,39,39,39,39,35,63,64,64,64,70,68,68,68,94,0],"gold":133,"neow_bonus":"","is_prod":false,"is_daily":false,"chose_seed":false,"campfire_upgraded":3,"win_rate":0,"timestamp":1537292924,"path_taken":["M","?","?","?","?","R","?","E","T","M","R","?","R","M","R","BOSS","M","M","?","$","?","E","R","E","T","R","?","M","R","?","R","BOSS"],"build_version":"2018-09-06","purchased_purges":0,"victory":false,"max_hp_per_floor":[80,80,80,80,80,80,80,80,80,80,80,80,80,80,80,80,80,80,80,80,80,80,94,94,94,94,94,94,94,94,94,94,94],"card_choices":[{"not_picked":["Seeing Red","Twin Strike"],"picked":"Inflame","floor":1.0},{"not_picked":["Anger","Clothesline"],"picked":"Battle Trance","floor":5.0},{"not_picked":["Dropkick","Havoc"],"picked":"Spot Weakness","floor":8.0},{"not_picked":["Entrench","Sword Boomerang","Cleave"],"picked":"SKIP","floor":10.0},{"not_picked":["Armaments","Flame Barrier"],"picked":"Iron Wave","floor":14.0},{"not_picked":["Fiend Fire","Brutality"],"picked":"Limit Break","floor":16.0},{"not_picked":["Thunderclap","Headbutt"],"picked":"Disarm+1","floor":18},{"not_picked":["Infernal Blade","Clash"],"picked":"Iron Wave","floor":19},{"not_picked":["Flex","Sever Soul"],"picked":"Double Tap","floor":23},{"not_picked":["Sentinel","Armaments"],"picked":"Headbutt+1","floor":25},{"not_picked":["Havoc","Perfected Strike","Cleave"],"picked":"SKIP","floor":28},{"not_picked":["Sword Boomerang+1","Combust"],"picked":"True Grit","floor":29}],"player_experience":122591,"relics_obtained":[{"floor":8.0,"key":"Happy Flower"},{"floor":9.0,"key":"Bag of Preparation"},{"floor":23,"key":"Champion Belt"},{"floor":23,"key":"Mango"},{"floor":25,"key":"Bronze Scales"},{"floor":25,"key":"Anchor"},{"floor":26,"key":"Centennial Puzzle"}],"event_choices":[{"event_name":"Scrap Ooze","player_choice":"success","floor":2.0,"damage_taken":12.0},{"event_name":"Shining Light","player_choice":"Entered Light","floor":3.0,"damage_taken":0.0},{"event_name":"World of Goop","player_choice":"Gather Gold","floor":4.0,"damage_taken":0.0},{"event_name":"Match and Keep!","player_choice":"0 cards matched","floor":7.0,"damage_taken":0.0},{"event_name":"The Lab","player_choice":"Got Potions","floor":20,"damage_taken":0},{"event_name":"Accursed Blacksmith","player_choice":"Forge","floor":22,"damage_taken":0},{"event_name":"Vampires","player_choice":"Ignored","floor":31,"damage_taken":0}],"is_beta":false,"boss_relics":[{"not_picked":["Runic Dome","Velvet Choker"],"picked":"Black Star"}],"items_purged_floors":[],"is_endless":false,"potions_floor_spawned":[1,5,8,14,18,23],"killed_by":"Collector","ascension_level":5}