{"gold_per_floor":[367,442,442,442,38,38,66,66,93,93,18,18,53,73,73,151,151,166,166,166,166,166,179,179,179,225,225,245,278,84,117,117,188,188,203,213,230,245,59,85,85,85,85,85,85,105,105,11,11,11,11,11,11,11,39,39],"floor_reached":56,"playtime":3047,"items_purged":["Regret","Defend_B"],"score":1855,"play_id":"fd3eeae8-0e0b-4540-8fae-3f67275c29d2","local_time":"20190322220308","is_ascension_mode":true,"campfire_choices":[{"floor":6.0,"key":"REST"},{"data":"Self Repair","floor":10.0,"key":"SMITH"},{"data":"Recycle","floor":12.0,"key":"SMITH"},{"data":"Defragment","floor":15.0,"key":"SMITH"},{"data":"Recycle","floor":25.0,"key":"SMITH"},{"data":"Ghostly","floor":27.0,"key":"SMITH"},{"data":"Capacitor","floor":32.0,"key":"SMITH"},{"data":"Loop","floor":42.0,"key":"SMITH"},{"data":"Loop","floor":44.0,"key":"SMITH"},{"data":"Blizzard","floor":47.0,"key":"SMITH"},{"floor":49.0,"key":"RECALL"},{"data":"Echo Form","floor":53.0,"key":"SMITH"}],"neow_cost":"CURSE","seed_source_timestamp":268692179169000,"circlet_count":0,"master_deck":["AscendersBane","Defend_B","Defend_B+1","Zap","Dualcast","Rip and Tear+1","Self Repair+1","Coolheaded","Recycle+1","Defragment+1","Core Surge","Force Field","Biased Cognition","Multi-Cast","Ghostly","Ghostly","Ghostly+1","Recycle+1","Melter+1","Capacitor+1","Coolheaded","Blizzard+1","Echo Form+1","Cold Snap","Consume","Hologram","Turbo","Loop+1","Loop+1","Loop","Heatsinks","Coolheaded","Core Surge"],"special_seed":0,"relics":["Cracked Core","Strawberry","Blood Vial","Oddly Smooth Stone","Lantern","Centennial Puzzle","Runic Pyramid","NlothsMask","Bag of Marbles","Ancient Tea Set","Empty Cage","Mummified Hand","Dream Catcher","Letter Opener"],"potions_floor_usage":[],"damage_taken":[{"damage":15.0,"enemies":"Small Slimes","floor":1.0,"turns":3.0},{"damage":14.0,"enemies":"3 Sentries","floor":7.0,"turns":7.0},{"damage":10.0,"enemies":"Lagavulin","floor":13.0,"turns":8.0},{"damage":2.0,"enemies":"2 Louse","floor":14.0,"turns":2.0},{"damage":8.0,"enemies":"The Guardian","floor":16.0,"turns":8.0},{"damage":12.0,"enemies":"Chosen","floor":18.0,"turns":5.0},{"damage":0.0,"enemies":"Colosseum Slavers","floor":21.0,"turns":5.0},{"damage":6.0,"enemies":"3 Byrds","floor":23.0,"turns":4.0},{"damage":0.0,"enemies":"Snecko","floor":28.0,"turns":9.0},{"damage":8.0,"enemies":"Book of Stabbing","floor":29.0,"turns":6.0},{"damage":18.0,"enemies":"Gremlin Leader","floor":31.0,"turns":8.0},{"damage":6.0,"enemies":"Champ","floor":33.0,"turns":28.0},{"damage":7.0,"enemies":"3 Darklings","floor":35.0,"turns":7.0},{"damage":1.0,"enemies":"3 Shapes","floor":36.0,"turns":6.0},{"damage":37.0,"enemies":"Jaw Worm Horde","floor":37.0,"turns":6.0},{"damage":2.0,"enemies":"Transient","floor":38.0,"turns":6.0},{"damage":11.0,"enemies":"Reptomancer","floor":40.0,"turns":14.0},{"damage":13.0,"enemies":"Sphere and 2 Shapes","floor":46.0,"turns":6.0},{"damage":14.0,"enemies":"Donu and Deca","floor":50.0,"turns":17.0},{"damage":22.0,"enemies":"Awakened One","floor":51.0,"turns":17.0},{"damage":20.0,"enemies":"Shield and Spear","floor":55.0,"turns":15.0},{"damage":11,"enemies":"The Heart","floor":56,"turns":3}],"seed_played":"33895615484760552","potions_obtained":[{"floor":1.0,"key":"AttackPotion"},{"floor":13.0,"key":"PowerPotion"},{"floor":29.0,"key":"SteroidPotion"},{"floor":38.0,"key":"SpeedPotion"},{"floor":40.0,"key":"FocusPotion"},{"floor":46.0,"key":"LiquidBronze"}],"is_trial":false,"path_per_floor":["M","?","?","?","$","R","E","T","T","R","?","R","E","M","R","B",null,"M","?","?","?","?","M","?","R","T","R","M","E","$","E","R","B",null,"M","M","M","M","$","E","?","R","T","R","?","M","R","$","R","B","B",null,"R","$","E","B"],"character_chosen":"DEFECT","items_purchased":["Self Repair","Blood Vial","Coolheaded","Fire Potion","Capacitor","Coolheaded","PowerPotion","Loop","Heatsinks","Coolheaded"],"campfire_rested":1,"item_purchase_floors":[5,5,5,5,30,30,30,39,48,48],"current_hp_per_floor":[49,38,17,24,24,47,42,42,42,42,42,42,44,54,54,58,73,73,73,39,39,39,39,39,39,39,39,39,39,39,31,31,37,39,39,39,12,32,32,39,39,39,39,39,37,37,37,37,37,37,25,34,34,34,36,26],"gold":39,"neow_bonus":"TWO_FIFTY_GOLD","is_prod":false,"is_daily":false,"chose_seed":false,"campfire_upgraded":10,"win_rate":0,"timestamp":1553259788,"path_taken":["M","?","?","?","$","R","E","?","T","R","?","R","E","?","R","BOSS","M","?","?","?","?","M","?","R","T","R","?","E","?","E","R","BOSS","M","M","M","M","?","E","?","R","T","R","?","M","R","?","R","BOSS","BOSS","R","$","E","BOSS"],"build_version":"2019-01-23","purchased_purges":2,"victory":false,"max_hp_per_floor":[71,71,71,78,78,78,78,78,78,78,78,78,78,78,78,78,78,78,78,39,39,39,39,39,39,39,39,39,39,39,39,39,39,39,39,39,39,39,39,39,39,39,39,39,37,37,37,37,37,37,37,37,37,37,37,37],"card_choices":[{"not_picked":["Leap","Storm"],"picked":"Rip and Tear","floor":1.0},{"not_picked":["Force Field","Beam Cell"],"picked":"Recycle","floor":7.0},{"not_picked":["Reinforced Body","Leap"],"picked":"Defragment","floor":13.0},{"not_picked":["Turbo","Rebound","Stack"],"picked":"SKIP","floor":14.0},{"not_picked":["Rainbow","Reboot"],"picked":"Core Surge","floor":16.0},{"not_picked":["Turbo","Go for the Eyes"],"picked":"Force Field","floor":18.0},{"not_picked":["Heatsinks","Doom and Gloom"],"picked":"Recycle","floor":23.0},{"not_picked":["Rip and Tear","Leap"],"picked":"Melter+1","floor":28.0},{"not_picked":["Genetic Algorithm","Melter","Gash"],"picked":"SKIP","floor":29.0},{"not_picked":["Sweeping Beam","Stack"],"picked":"Blizzard","floor":31.0},{"not_picked":["Rainbow","Reboot"],"picked":"Echo Form","floor":33.0},{"not_picked":["Streamline+1","Beam Cell+1"],"picked":"Cold Snap","floor":35.0},{"not_picked":["Rebound+1","Compile Driver+1"],"picked":"Consume","floor":36.0},{"not_picked":["Ball Lightning","Cold Snap"],"picked":"Hologram","floor":37.0},{"not_picked":["Gash","Hologram"],"picked":"Turbo","floor":38.0},{"not_picked":["Cold Snap","Leap+1"],"picked":"Loop","floor":40.0},{"not_picked":["Auto Shields","Coolheaded"],"picked":"Loop","floor":46.0},{"not_picked":["Chaos+1","Heatsinks"],"picked":"Core Surge","floor":55.0}],"player_experience":2479873,"relics_obtained":[{"floor":7.0,"key":"Oddly Smooth Stone"},{"floor":8.0,"key":"Lantern"},{"floor":13.0,"key":"Centennial Puzzle"},{"floor":29.0,"key":"Bag of Marbles"},{"floor":31.0,"key":"Ancient Tea Set"},{"floor":40.0,"key":"Mummified Hand"},{"floor":43.0,"key":"Dream Catcher"},{"floor":55.0,"key":"Letter Opener"}],"event_choices":[{"damage_healed":0.0,"max_hp_gain":0.0,"max_hp_loss":0.0,"gold_gain":75.0,"event_name":"World of Goop","player_choice":"Gather Gold","floor":2.0,"gold_loss":0.0,"damage_taken":11.0},{"damage_healed":0.0,"max_hp_gain":0.0,"max_hp_loss":0.0,"gold_gain":0.0,"event_name":"Shining Light","player_choice":"Entered Light","floor":3.0,"gold_loss":0.0,"damage_taken":21.0,"cards_upgraded":["Rip and Tear","Defend_B"]},{"damage_healed":0.0,"max_hp_gain":0.0,"max_hp_loss":0.0,"gold_gain":0.0,"event_name":"Big Fish","player_choice":"Box","floor":4.0,"gold_loss":0.0,"damage_taken":0.0,"relics_obtained":["Strawberry"],"cards_obtained":["Regret"]},{"cards_removed":["Normality"],"damage_healed":0.0,"max_hp_gain":0.0,"max_hp_loss":0.0,"gold_gain":0.0,"event_name":"The Cleric","player_choice":"Card Removal","floor":11.0,"gold_loss":75.0,"damage_taken":0.0},{"damage_healed":0.0,"max_hp_gain":0.0,"max_hp_loss":0.0,"gold_gain":0.0,"cards_transformed":["Strike_B","Strike_B"],"event_name":"Drug Dealer","player_choice":"Became Test Subject","floor":19.0,"gold_loss":0.0,"damage_taken":0.0,"cards_obtained":["Biased Cognition","Multi-Cast"]},{"damage_healed":0.0,"max_hp_gain":0.0,"max_hp_loss":39.0,"gold_gain":0.0,"event_name":"Ghosts","player_choice":"Became a Ghost","floor":20.0,"gold_loss":0.0,"damage_taken":0.0,"cards_obtained":["Ghostly","Ghostly","Ghostly"]},{"damage_healed":0.0,"max_hp_gain":0.0,"max_hp_loss":0.0,"gold_gain":0.0,"event_name":"Colosseum","player_choice":"Fight","floor":21.0,"gold_loss":0.0,"damage_taken":0.0},{"damage_healed":0.0,"max_hp_gain":0.0,"max_hp_loss":0.0,"gold_gain":0.0,"event_name":"Colosseum","player_choice":"Fled From Nobs","floor":21.0,"gold_loss":0.0,"damage_taken":0.0},{"cards_removed":["Strike_B"],"damage_healed":0.0,"max_hp_gain":0.0,"max_hp_loss":0.0,"gold_gain":0.0,"event_name":"Back to Basics","player_choice":"Elegance","floor":22.0,"gold_loss":0.0,"damage_taken":0.0},{"damage_healed":0.0,"max_hp_gain":0.0,"max_hp_loss":0.0,"gold_gain":0.0,"event_name":"FaceTrader","player_choice":"Trade","floor":24.0,"gold_loss":0.0,"damage_taken":0.0,"relics_obtained":["NlothsMask"]},{"damage_healed":0.0,"max_hp_gain":0.0,"max_hp_loss":0.0,"gold_gain":0.0,"event_name":"Mysterious Sphere","player_choice":"Ignored","floor":41.0,"gold_loss":0.0,"damage_taken":0.0},{"damage_healed":0.0,"max_hp_gain":0.0,"max_hp_loss":2.0,"gold_gain":0.0,"event_name":"Winding Halls","player_choice":"Max HP","floor":45.0,"gold_loss":0.0,"damage_taken":0.0}],"is_beta":false,"boss_relics":[{"not_picked":["White Beast Statue","Eternal Feather"],"picked":"Runic Pyramid"},{"not_picked":["Sozu","Philosopher\u0027s Stone"],"picked":"Empty Cage"}],"items_purged_floors":[5,39],"is_endless":false,"potions_floor_spawned":[1,13,21,29,38,40,46],"killed_by":"The Heart","ascension_level":20}