{"path_per_floor":["M","?","?","M","$","R","M","M","T","R","M","M","M","M","R","B",null,"M","M","?","?","?","R"],"character_chosen":"DEFECT","items_purchased":["Frozen Egg 2","Capacitor","Seek"],"gold_per_floor":[361,361,436,447,31,31,50,62,62,62,77,94,108,120,120,217,247,257,274,189,289,289,289,289],"floor_reached":24,"campfire_rested":1,"playtime":994,"item_purchase_floors":[5,5,5],"current_hp_per_floor":[68,54,43,41,41,41,37,37,37,37,25,25,2,2,22,14,60,58,45,45,45,45,45,0],"items_purged":[],"gold":289,"score":257,"play_id":"b094a0a6-da1c-4690-a80d-89c28059ab9d","local_time":"20180521184515","is_prod":false,"is_daily":false,"chose_seed":false,"is_ascension_mode":true,"campfire_upgraded":3,"timestamp":1526899515,"campfire_choices":[{"data":"Loop","floor":6,"key":"SMITH"},{"data":"Rainbow","floor":10,"key":"SMITH"},{"floor":15,"key":"REST"},{"data":"Fission","floor":23,"key":"SMITH"}],"path_taken":["M","?","?","M","$","R","M","M","T","R","?","M","?","M","R","BOSS","M","M","?","?","?","R","M"],"build_version":"2018-05-18","seed_source_timestamp":872485660090066,"purchased_purges":0,"victory":false,"master_deck":["Strike_B","Strike_B","Strike_B+1","Strike_B+1","Defend_B","Defend_B","Defend_B","Defend_B","Zap+1","Dualcast","Loop+1","Doom and Gloom","Capacitor+1","Seek","BootSequence","Rainbow+1","Hologram","Barrage","Fission+1","Self Repair+1","Heatsinks+1","Loop+1"],"max_hp_per_floor":[68,68,68,68,68,68,68,68,68,68,68,68,68,68,68,68,73,73,73,73,73,73,73,73],"relics":["Cracked Core","Frozen Egg 2","Bottled Flame","Tiny House","Toolbox"],"card_choices":[{"not_picked":["Ball Lightning","Cold Snap"],"picked":"Loop","floor":1},{"not_picked":["Stack","Cold Snap"],"picked":"Doom and Gloom","floor":4},{"not_picked":["Melter","Coolheaded"],"picked":"BootSequence","floor":7},{"not_picked":["Loop+1","Gash"],"picked":"Rainbow","floor":8},{"not_picked":["Turbo","Rebound","Lockon"],"picked":"SKIP","floor":11},{"not_picked":["Ball Lightning","Sweeping Beam"],"picked":"Hologram","floor":12},{"not_picked":["Hello World+1","Skim"],"picked":"Barrage","floor":13},{"not_picked":["Stack","Axe Kick","Steam"],"picked":"SKIP","floor":14},{"not_picked":["Buffer+1","Reboot"],"picked":"Fission","floor":16},{"not_picked":["Coolheaded","Rebound"],"picked":"Self Repair+1","floor":17},{"not_picked":["Hello World+1","Go for the Eyes+1"],"picked":"Heatsinks+1","floor":18},{"not_picked":["Capacitor+1","Stack","Turbo"],"picked":"SKIP","floor":19}],"player_experience":396185,"potions_floor_usage":[12,16,16,24,24],"damage_taken":[{"damage":0,"enemies":"Small Slimes","floor":1,"turns":4},{"damage":2,"enemies":"Jaw Worm","floor":4,"turns":3},{"damage":4,"enemies":"2 Louse","floor":7,"turns":2},{"damage":0,"enemies":"2 Fungi Beasts","floor":8,"turns":3},{"damage":12,"enemies":"Exordium Wildlife","floor":11,"turns":4},{"damage":0,"enemies":"Lots of Slimes","floor":12,"turns":1},{"damage":23,"enemies":"Exordium Thugs","floor":13,"turns":4},{"damage":0,"enemies":"Large Slime","floor":14,"turns":5},{"damage":8,"enemies":"The Guardian","floor":16,"turns":8},{"damage":12,"enemies":"Chosen","floor":18,"turns":4},{"damage":23,"enemies":"3 Byrds","floor":19,"turns":5},{"damage":53,"enemies":"3 Cultists","floor":24,"turns":4}],"relics_obtained":[{"floor":9,"key":"Bottled Flame"}],"event_choices":[{"event_name":"Shining Light","player_choice":"Entered Light","floor":2,"damage_taken":0},{"event_name":"World of Goop","player_choice":"Gather Gold","floor":3,"damage_taken":0},{"event_name":"Addict","player_choice":"Obtained Relic","floor":20,"damage_taken":0},{"event_name":"Golden Shrine","player_choice":"Pray","floor":21,"damage_taken":0},{"event_name":"Duplicator","player_choice":"One dupe","floor":22,"damage_taken":0}],"boss_relics":[{"not_picked":["Eternal Feather","Runic Dome"],"picked":"Tiny House"}],"items_purged_floors":[],"potions_floor_spawned":[7,11,13,18,19],"seed_played":"-8861304518662862716","killed_by":"3 Cultists","ascension_level":7,"potions_obtained":[{"floor":7,"key":"Explosive Potion"},{"floor":11,"key":"Poison Potion"},{"floor":13,"key":"SkillPotion"},{"floor":17,"key":"PowerPotion"},{"floor":18,"key":"AttackPotion"},{"floor":19,"key":"Explosive Potion"}],"is_trial":false}