{"gold_per_floor":[109,109,34,34,52,52,71,110,110,110],"floor_reached":10,"playtime":212,"items_purged":[],"score":132,"play_id":"b608421e-2544-4450-963f-b22f29e2349e","local_time":"20190314140537","is_ascension_mode":true,"campfire_choices":[{"data":"Barricade","floor":6,"key":"SMITH"}],"neow_cost":"CURSE","seed_source_timestamp":14552897268900,"circlet_count":0,"master_deck":["AscendersBane","Strike_R","Strike_R","Strike_R","Strike_R","Defend_R","Defend_R","Defend_R","Defend_R","Bash","Barricade+1","Seeing Red","Shrug It Off"],"relics":["Burning Blood","Golden Idol","Bird Faced Urn","Blue Candle"],"potions_floor_usage":[8],"damage_taken":[{"damage":10,"enemies":"Small Slimes","floor":1,"turns":4},{"damage":2,"enemies":"2 Louse","floor":5,"turns":2},{"damage":7,"enemies":"Cultist","floor":7,"turns":4},{"damage":26,"enemies":"3 Sentries","floor":8,"turns":6},{"damage":48,"enemies":"Gremlin Nob","floor":10,"turns":5}],"seed_played":"-8006841731406863732","potions_obtained":[{"floor":7,"key":"PowerPotion"}],"is_trial":false,"path_per_floor":["M","?","?","?","M","R","M","E","T","E"],"character_chosen":"IRONCLAD","items_purchased":[],"campfire_rested":0,"item_purchase_floors":[],"current_hp_per_floor":[64,64,64,64,68,68,67,47,47,1],"gold":110,"neow_bonus":"THREE_RARE_CARDS","is_prod":false,"is_daily":false,"chose_seed":false,"campfire_upgraded":1,"win_rate":0,"timestamp":1552539937,"path_taken":["M","?","?","?","?","R","M","E","T","E"],"build_version":"2019-01-23","purchased_purges":0,"victory":false,"max_hp_per_floor":[75,68,68,68,68,68,68,68,68,68],"card_choices":[{"not_picked":["Brutality","Limit Break"],"picked":"Barricade","floor":0},{"not_picked":["Warcry","Headbutt","Clothesline"],"picked":"SKIP","floor":1},{"not_picked":["Headbutt","Havoc","Fire Breathing"],"picked":"SKIP","floor":5},{"not_picked":["Thunderclap","Reckless Charge","Headbutt"],"picked":"SKIP","floor":7},{"not_picked":["Brutality","Warcry"],"picked":"Shrug It Off","floor":8}],"player_experience":2264687,"relics_obtained":[{"floor":8,"key":"Bird Faced Urn"},{"floor":9,"key":"Blue Candle"}],"event_choices":[{"damage_healed":0,"gold_gain":0,"player_choice":"Lose Max HP","damage_taken":0,"relics_obtained":["Golden Idol"],"max_hp_gain":0,"max_hp_loss":7,"event_name":"Golden Idol","floor":2,"gold_loss":0},{"cards_removed":["Doubt"],"damage_healed":0,"gold_gain":0,"player_choice":"Card Removal","damage_taken":0,"max_hp_gain":0,"max_hp_loss":0,"event_name":"The Cleric","floor":3,"gold_loss":75},{"damage_healed":0,"gold_gain":0,"cards_transformed":["Strike_R"],"player_choice":"Transformed","damage_taken":0,"max_hp_gain":0,"max_hp_loss":0,"event_name":"Transmorgrifier","floor":4,"gold_loss":0,"cards_obtained":["Seeing Red"]}],"is_beta":false,"boss_relics":[],"items_purged_floors":[],"is_endless":false,"potions_floor_spawned":[7],"killed_by":"Gremlin Nob","ascension_level":20}