{"gold_per_floor":[111,111,111,129,129,163,163,163,188,188,188,253,269,283,283,362,362,379,13,13,30,46,46,77,77,103,131,141,151,351,351],"floor_reached":31,"playtime":890,"items_purged":["Strike_B"],"score":616,"play_id":"93aa2b2d-1a0b-4e41-ac55-ad7a667240ce","local_time":"20190315203710","is_ascension_mode":true,"campfire_choices":[{"data":"Sunder","floor":7,"key":"SMITH"},{"data":"Zap","floor":10,"key":"SMITH"},{"floor":15,"key":"REST"},{"data":"Seek","floor":23,"key":"SMITH"}],"neow_cost":"NONE","seed_source_timestamp":123766223064600,"circlet_count":0,"master_deck":["AscendersBane","Strike_B+1","Strike_B+1","Defend_B+1","Defend_B","Defend_B","Zap+1","Dualcast","Sunder+1","Cold Snap","Seek+1","Glacier","Core Surge+1","Glacier","Hologram","Undo","Force Field","Self Repair","Force Field","Self Repair","Glacier"],"relics":["Cracked Core","NeowsBlessing","Dodecahedron","Dream Catcher","Bag of Marbles","Tiny Chest","Snecko Eye","Membership Card","Pen Nib","Whetstone","Regal Pillow","Mummified Hand"],"potions_floor_usage":[12,24,27,27,31],"damage_taken":[{"damage":0,"enemies":"Small Slimes","floor":1,"turns":1},{"damage":0,"enemies":"2 Louse","floor":4,"turns":1},{"damage":0,"enemies":"3 Sentries","floor":6,"turns":1},{"damage":14,"enemies":"Gremlin Nob","floor":12,"turns":4},{"damage":0,"enemies":"Jaw Worm","floor":13,"turns":1},{"damage":0,"enemies":"2 Fungi Beasts","floor":14,"turns":2},{"damage":10,"enemies":"Slime Boss","floor":16,"turns":7},{"damage":8,"enemies":"Chosen","floor":18,"turns":8},{"damage":7,"enemies":"3 Byrds","floor":21,"turns":5},{"damage":0,"enemies":"Centurion and Healer","floor":22,"turns":5},{"damage":16,"enemies":"Slavers","floor":24,"turns":6},{"damage":21,"enemies":"Book of Stabbing","floor":27,"turns":7},{"damage":16,"enemies":"Snecko","floor":28,"turns":6},{"damage":0,"enemies":"Chosen and Byrds","floor":29,"turns":6},{"damage":28,"enemies":"Gremlin Leader","floor":31,"turns":7}],"seed_played":"-5220571434260324528","potions_obtained":[{"floor":6,"key":"Block Potion"},{"floor":12,"key":"Dexterity Potion"},{"floor":14,"key":"Weak Potion"},{"floor":22,"key":"Regen Potion"},{"floor":24,"key":"AttackPotion"},{"floor":29,"key":"Block Potion"}],"is_trial":false,"path_per_floor":["M","?","?","M","T","E","R","?","T","R","?","E","M","M","R","B",null,"M","$","?","M","M","R","E","?","T","E","M","M","?","E"],"character_chosen":"DEFECT","items_purchased":["Membership Card","Pen Nib","Hologram"],"campfire_rested":1,"item_purchase_floors":[19,19,19],"current_hp_per_floor":[64,43,36,36,36,36,36,36,36,36,26,12,12,12,33,23,59,51,51,51,44,44,44,43,43,43,29,27,41,41,13],"gold":351,"neow_bonus":"THREE_ENEMY_KILL","is_prod":false,"is_daily":false,"chose_seed":false,"campfire_upgraded":3,"win_rate":0,"timestamp":1552649830,"path_taken":["M","?","?","M","?","E","R","?","T","R","?","E","M","?","R","BOSS","M","$","?","M","M","R","E","?","T","E","M","?","?","E"],"build_version":"2019-01-23","purchased_purges":1,"victory":false,"max_hp_per_floor":[71,71,71,71,71,71,71,71,71,71,71,71,71,71,71,71,71,71,71,71,71,71,71,71,71,71,71,71,71,71,71],"card_choices":[{"not_picked":["Compile Driver","Sweeping Beam","Beam Cell"],"picked":"SKIP","floor":1},{"not_picked":["Cold Snap","Ball Lightning"],"picked":"Sunder","floor":4},{"not_picked":["Rip and Tear","Go for the Eyes"],"picked":"Cold Snap","floor":6},{"not_picked":["Beam Cell","Steam"],"picked":"Seek","floor":12},{"not_picked":["Melter","Steam Power","Stack"],"picked":"SKIP","floor":13},{"not_picked":["Leap","Force Field","Compile Driver"],"picked":"SKIP","floor":14},{"not_picked":["Fusion","Coolheaded"],"picked":"Glacier","floor":15},{"not_picked":["Multi-Cast","Meteor Strike"],"picked":"Core Surge","floor":16},{"not_picked":["Genetic Algorithm","Go for the Eyes"],"picked":"Glacier","floor":18},{"not_picked":["Beam Cell","Go for the Eyes"],"picked":"Force Field","floor":21},{"not_picked":["Skim","Scrape","Steam"],"picked":"SKIP","floor":22},{"not_picked":["Turbo","Sweeping Beam"],"picked":"Self Repair","floor":24},{"not_picked":["Turbo","Force Field"],"picked":"Self Repair","floor":27},{"not_picked":["Beam Cell","Recycle"],"picked":"Glacier","floor":28},{"not_picked":["Genetic Algorithm","Reinforced Body","Turbo"],"picked":"SKIP","floor":29},{"not_picked":["Genetic Algorithm","Reinforced Body","Turbo"],"picked":"SKIP","floor":29}],"player_experience":2296607,"relics_obtained":[{"floor":5,"key":"Dodecahedron"},{"floor":6,"key":"Dream Catcher"},{"floor":9,"key":"Bag of Marbles"},{"floor":12,"key":"Tiny Chest"},{"floor":24,"key":"Whetstone"},{"floor":26,"key":"Regal Pillow"},{"floor":27,"key":"Mummified Hand"}],"event_choices":[{"damage_healed":0,"gold_gain":0,"player_choice":"Entered Light","damage_taken":21,"max_hp_gain":0,"max_hp_loss":0,"event_name":"Shining Light","floor":2,"gold_loss":0,"cards_upgraded":["Defend_B","Strike_B"]},{"cards_removed":["Defend_B"],"damage_healed":0,"gold_gain":0,"player_choice":"Card Removal","damage_taken":7,"max_hp_gain":0,"max_hp_loss":0,"event_name":"Golden Wing","floor":3,"gold_loss":0},{"damage_healed":0,"gold_gain":0,"player_choice":"Ignored","damage_taken":0,"max_hp_gain":0,"max_hp_loss":0,"event_name":"Liars Game","floor":8,"gold_loss":0},{"damage_healed":0,"gold_gain":0,"player_choice":"Damaged","damage_taken":10,"max_hp_gain":0,"max_hp_loss":0,"event_name":"Wheel of Change","floor":11,"gold_loss":0},{"damage_healed":0,"gold_gain":0,"player_choice":"Read","damage_taken":0,"max_hp_gain":0,"max_hp_loss":0,"event_name":"The Library","floor":20,"gold_loss":0,"cards_obtained":["Undo"]},{"damage_healed":0,"gold_gain":0,"cards_transformed":["Strike_B"],"player_choice":"Transformed","damage_taken":0,"max_hp_gain":0,"max_hp_loss":0,"event_name":"Transmorgrifier","floor":25,"gold_loss":0,"cards_obtained":["Force Field"]},{"damage_healed":0,"gold_gain":250,"player_choice":"Bet on Owner","damage_taken":0,"max_hp_gain":0,"max_hp_loss":0,"event_name":"The Joust","floor":30,"gold_loss":50}],"is_beta":false,"boss_relics":[{"not_picked":["Inserter","Sozu"],"picked":"Snecko Eye"}],"items_purged_floors":[19],"is_endless":false,"potions_floor_spawned":[6,12,14,22,24,29],"killed_by":"Gremlin Leader","ascension_level":20}