{"gold_per_floor":[119,119,140,140,155,190,190,16,16,34,34,57,76,91,91,187,187,211,111,111],"floor_reached":20,"playtime":764,"items_purged":[],"score":343,"play_id":"b6c67ad2-ea40-43f1-bb36-2b1086839fe6","local_time":"20190421131647","is_ascension_mode":true,"campfire_choices":[{"floor":7.0,"key":"REST"},{"floor":15.0,"key":"REST"}],"neow_cost":"NONE","seed_source_timestamp":848463398298773,"circlet_count":0,"master_deck":["AscendersBane","Strike_B","Strike_B","Strike_B","Strike_B","Defend_B","Defend_B","Zap","Dualcast","Redo","Conserve Battery","Doom and Gloom","Barrage","Static Discharge+1","Discovery","Conserve Battery","Chill","Defragment+1","Redo","Darkness","Buffer+1","Defragment+1"],"special_seed":0,"relics":["Cracked Core","NeowsBlessing","Golden Idol","GremlinMask","Frozen Egg 2","Darkstone Periapt","Empty Cage"],"potions_floor_usage":[],"damage_taken":[{"damage":0.0,"enemies":"2 Louse","floor":1.0,"turns":1.0},{"damage":0.0,"enemies":"Cultist","floor":3.0,"turns":1.0},{"damage":0.0,"enemies":"Jaw Worm","floor":5.0,"turns":1.0},{"damage":13.0,"enemies":"3 Sentries","floor":6.0,"turns":5.0},{"damage":4.0,"enemies":"Looter","floor":10.0,"turns":3.0},{"damage":3.0,"enemies":"Exordium Thugs","floor":12.0,"turns":4.0},{"damage":9.0,"enemies":"Red Slaver","floor":13.0,"turns":3.0},{"damage":6.0,"enemies":"Large Slime","floor":14.0,"turns":5.0},{"damage":36.0,"enemies":"Hexaghost","floor":16.0,"turns":5.0},{"damage":10.0,"enemies":"Spheric Guardian","floor":18.0,"turns":3.0},{"damage":30.0,"enemies":"2 Thieves","floor":19.0,"turns":5.0}],"seed_played":"6994990370815410920","potions_obtained":[{"floor":1.0,"key":"Energy Potion"},{"floor":13.0,"key":"FocusPotion"},{"floor":14.0,"key":"Swift Potion"}],"is_trial":false,"path_per_floor":["M","?","M","?","M","E","R","$","T","M","?","M","M","M","R","B",null,"M","M","?"],"character_chosen":"DEFECT","items_purchased":["Static Discharge+1","Discovery"],"campfire_rested":2,"item_purchase_floors":[8,8],"current_hp_per_floor":[64,64,64,64,64,51,71,71,71,67,67,64,55,49,70,34,62,52,22,22],"gold":111,"neow_bonus":"THREE_ENEMY_KILL","is_prod":false,"is_daily":false,"chose_seed":false,"campfire_upgraded":0,"win_rate":0,"timestamp":1555841807,"path_taken":["M","?","M","?","?","E","R","$","T","M","?","M","M","M","R","BOSS","M","M","?"],"build_version":"2019-01-23","purchased_purges":0,"victory":false,"max_hp_per_floor":[71,71,71,71,71,71,71,71,71,71,71,71,71,71,71,71,71,71,71,71],"card_choices":[{"not_picked":["Genetic Algorithm","Beam Cell"],"picked":"Redo","floor":1.0},{"not_picked":["Turbo","Hologram"],"picked":"Conserve Battery","floor":3.0},{"not_picked":["Go for the Eyes","Steam"],"picked":"Doom and Gloom","floor":5.0},{"not_picked":["Undo","Hyperbeam"],"picked":"Barrage","floor":6.0},{"not_picked":["Steam","Double Energy"],"picked":"Conserve Battery","floor":10.0},{"not_picked":["Gash","Chaos"],"picked":"Defragment+1","floor":12.0},{"not_picked":["Gash","Rebound"],"picked":"Redo","floor":13.0},{"not_picked":["Genetic Algorithm","Rebound"],"picked":"Darkness","floor":14.0},{"not_picked":["Biased Cognition+1","Fission"],"picked":"Buffer+1","floor":16.0},{"not_picked":["Compile Driver","Hologram"],"picked":"Defragment+1","floor":18.0},{"not_picked":["Turbo","Go for the Eyes","Reprogram+1"],"picked":"SKIP","floor":19}],"player_experience":1226907,"relics_obtained":[{"floor":6.0,"key":"Frozen Egg 2"},{"floor":9.0,"key":"Darkstone Periapt"}],"event_choices":[{"damage_healed":0.0,"max_hp_gain":0.0,"max_hp_loss":0.0,"gold_gain":0.0,"event_name":"Golden Idol","player_choice":"Take Wound","floor":2.0,"gold_loss":0.0,"damage_taken":0.0,"relics_obtained":["Golden Idol"],"cards_obtained":["Injury"]},{"damage_healed":0.0,"max_hp_gain":0.0,"max_hp_loss":0.0,"gold_gain":0.0,"event_name":"FaceTrader","player_choice":"Trade","floor":4.0,"gold_loss":0.0,"damage_taken":0.0,"relics_obtained":["GremlinMask"]},{"damage_healed":0.0,"max_hp_gain":0.0,"max_hp_loss":0.0,"gold_gain":0.0,"cards_transformed":["Defend_B"],"event_name":"Transmorgrifier","player_choice":"Transformed","floor":11.0,"gold_loss":0.0,"damage_taken":0.0,"cards_obtained":["Chill"]}],"is_beta":false,"boss_relics":[{"not_picked":["Busted Crown","Ectoplasm"],"picked":"Empty Cage"}],"items_purged_floors":[],"is_endless":false,"potions_floor_spawned":[1,13,14],"ascension_level":19}