{"gold_per_floor":[367,367,34,34,48,48,98,108,108,123,136,168,168,168,168,242,242,214,224,10,10,27,56,56,68,145,145,145,155,155,180,180,257,257,257,269,269,283,296,296,296],"floor_reached":41,"playtime":1741,"items_purged":["Strike_B","Strike_B"],"score":916,"play_id":"b245a19b-3d5d-4c2f-b9b8-1b2cd188d014","local_time":"20190421151018","is_ascension_mode":true,"campfire_choices":[{"data":"Consume","floor":6,"key":"SMITH"},{"data":"Tempest","floor":13,"key":"SMITH"},{"data":"Coolheaded","floor":15,"key":"SMITH"},{"floor":24,"key":"REST"},{"floor":28,"key":"REST"},{"data":"Capacitor","floor":30,"key":"SMITH"},{"floor":32,"key":"REST"},{"data":"Fission","floor":40,"key":"SMITH"}],"neow_cost":"CURSE","seed_source_timestamp":471099632491500,"circlet_count":0,"master_deck":["AscendersBane","Strike_B","Defend_B","Defend_B","Defend_B","Defend_B","Zap","Dualcast","Consume+1","Coolheaded+1","Glacier","Echo Form","Ball Lightning","Tempest+1","Reboot","Turbo","White Noise","Self Repair","Doom and Gloom","Static Discharge","Capacitor+1","Core Surge","Cold Snap+1","Fission+1","Electrodynamics","Skim","Self Repair"],"relics":["Cracked Core","Membership Card","Art of War","Anchor","Runic Dome","The Courier","Pear","Blue Candle","DataDisk","Coffee Dripper"],"potions_floor_usage":[16,19,20,29,33,35],"damage_taken":[{"damage":10,"enemies":"Small Slimes","floor":1,"turns":2},{"damage":2,"enemies":"Jaw Worm","floor":5,"turns":3},{"damage":0,"enemies":"Cultist","floor":8,"turns":4},{"damage":0,"enemies":"Looter","floor":10,"turns":4},{"damage":2,"enemies":"3 Louse","floor":11,"turns":6},{"damage":0,"enemies":"Lagavulin","floor":12,"turns":6},{"damage":22,"enemies":"Hexaghost","floor":16,"turns":10},{"damage":0,"enemies":"2 Thieves","floor":18,"turns":4},{"damage":2,"enemies":"3 Byrds","floor":19,"turns":2},{"damage":13,"enemies":"Sentry and Sphere","floor":22,"turns":9},{"damage":45,"enemies":"Book of Stabbing","floor":23,"turns":5},{"damage":17,"enemies":"Centurion and Healer","floor":25,"turns":11},{"damage":4,"enemies":"Chosen and Byrds","floor":29,"turns":3},{"damage":47,"enemies":"Gremlin Leader","floor":31,"turns":3},{"damage":48,"enemies":"Automaton","floor":33,"turns":14},{"damage":10,"enemies":"3 Darklings","floor":35,"turns":2},{"damage":0,"enemies":"Orb Walker","floor":36,"turns":3},{"damage":0,"enemies":"3 Darklings","floor":38,"turns":3},{"damage":37,"enemies":"Writhing Mass","floor":39,"turns":7},{"damage":59,"enemies":"Nemesis","floor":41,"turns":13}],"seed_played":"-5009477812656376243","potions_obtained":[{"floor":5,"key":"Block Potion"},{"floor":8,"key":"SneckoOil"},{"floor":11,"key":"SmokeBomb"},{"floor":18,"key":"LiquidBronze"},{"floor":21,"key":"PowerPotion"},{"floor":31,"key":"FocusPotion"},{"floor":33,"key":"SteroidPotion"},{"floor":36,"key":"FearPotion"},{"floor":39,"key":"Ancient Potion"}],"is_trial":false,"path_per_floor":["M","?","$","?","M","R","?","M","T","M","M","E","R","?","R","B",null,"M","M","$","?","M","E","R","M","T","T","R","M","R","E","R","B",null,"M","M","?","M","M","R","E"],"character_chosen":"DEFECT","items_purchased":["Membership Card","Art of War","Self Repair","Fruit Juice","Doom and Gloom","Energy Potion"],"campfire_rested":3,"item_purchase_floors":[3,3,20,20,20,20],"current_hp_per_floor":[54,54,54,54,52,52,45,45,45,45,43,43,43,36,36,14,57,57,55,60,60,47,16,38,35,45,45,70,80,80,33,58,17,69,59,73,73,80,57,57,0],"gold":296,"neow_bonus":"TWO_FIFTY_GOLD","is_prod":false,"is_daily":false,"chose_seed":false,"campfire_upgraded":5,"win_rate":0,"timestamp":1555827018,"path_taken":["M","?","$","?","M","R","?","M","T","?","M","E","R","?","R","BOSS","M","M","$","?","M","E","R","?","T","?","R","M","R","E","R","BOSS","M","M","?","M","M","R","E"],"build_version":"2019-01-23","purchased_purges":2,"victory":false,"max_hp_per_floor":[71,71,71,71,71,71,71,71,71,71,71,71,71,71,71,71,71,71,71,76,76,76,76,76,76,86,86,86,86,86,86,86,86,86,86,86,86,86,86,86,86],"card_choices":[{"not_picked":["Loop","Self Repair"],"picked":"Consume","floor":1},{"not_picked":["Rebound","Leap"],"picked":"Coolheaded","floor":5},{"not_picked":["Stack","Rebound"],"picked":"Glacier","floor":8},{"not_picked":["Redo","Reprogram"],"picked":"Echo Form","floor":10},{"not_picked":["Fusion","Barrage"],"picked":"Ball Lightning","floor":11},{"not_picked":["Cold Snap","Leap"],"picked":"Tempest","floor":12},{"not_picked":["Multi-Cast","All For One"],"picked":"Reboot","floor":16},{"not_picked":["Sunder","Compile Driver"],"picked":"Turbo","floor":18},{"not_picked":["Cold Snap","Reprogram"],"picked":"White Noise","floor":19},{"not_picked":["Go for the Eyes","Compile Driver"],"picked":"Static Discharge","floor":22},{"not_picked":["Turbo","Hologram","Conserve Battery"],"picked":"SKIP","floor":23},{"not_picked":["Go for the Eyes","Stack+1"],"picked":"Capacitor","floor":25},{"not_picked":["Reinforced Body","Stack"],"picked":"Core Surge","floor":29},{"not_picked":["Stack","Doom and Gloom"],"picked":"Cold Snap+1","floor":31},{"not_picked":["Machine Learning","Reboot"],"picked":"Fission","floor":33},{"not_picked":["Beam Cell","Turbo","Melter"],"picked":"SKIP","floor":36},{"not_picked":["Streamline","Steam"],"picked":"Skim","floor":38},{"not_picked":["Sweeping Beam","Sunder"],"picked":"Self Repair","floor":39}],"player_experience":3274640,"relics_obtained":[{"floor":12,"key":"Anchor"},{"floor":23,"key":"The Courier"},{"floor":26,"key":"Pear"},{"floor":27,"key":"Blue Candle"},{"floor":31,"key":"DataDisk"}],"event_choices":[{"cards_removed":["Doubt"],"damage_healed":0,"gold_gain":0,"player_choice":"Forget","damage_taken":0,"max_hp_gain":0,"max_hp_loss":0,"event_name":"Living Wall","floor":2,"gold_loss":0},{"damage_healed":0,"gold_gain":0,"player_choice":"Leave","damage_taken":0,"max_hp_gain":0,"max_hp_loss":0,"event_name":"The Cleric","floor":4,"gold_loss":0},{"damage_healed":0,"gold_gain":50,"player_choice":"Touch","damage_taken":7,"max_hp_gain":0,"max_hp_loss":0,"event_name":"FaceTrader","floor":7,"gold_loss":0},{"cards_removed":["Strike_B"],"damage_healed":0,"gold_gain":0,"player_choice":"Card Removal","damage_taken":7,"max_hp_gain":0,"max_hp_loss":0,"event_name":"Golden Wing","floor":14,"gold_loss":0},{"damage_healed":0,"gold_gain":0,"player_choice":"Got Potions","damage_taken":0,"max_hp_gain":0,"max_hp_loss":0,"event_name":"Lab","floor":21,"gold_loss":0},{"damage_healed":0,"gold_gain":0,"player_choice":"1 cards matched","damage_taken":0,"max_hp_gain":0,"max_hp_loss":0,"event_name":"Match and Keep!","floor":37,"gold_loss":0,"cards_obtained":["Electrodynamics"]}],"is_beta":false,"boss_relics":[{"not_picked":["Pandora\u0027s Box","Calling Bell"],"picked":"Runic Dome"},{"not_picked":["Eternal Feather","White Beast Statue"],"picked":"Coffee Dripper"}],"items_purged_floors":[3,20],"is_endless":false,"potions_floor_spawned":[5,8,11,18,23,31,33,36,39],"killed_by":"Nemesis","ascension_level":20}