{"gold_per_floor":[114,34,34,84,100,100,131,281,306,306,325,382,382,382,382,458,458,476,493,510,529,529],"floor_reached":22,"playtime":1212,"items_purged":[],"score":376,"play_id":"747f0003-0ea1-455f-a641-ec42f785636b","local_time":"20190306100832","is_ascension_mode":true,"campfire_choices":[{"floor":6,"key":"REST"},{"data":"Darkness","floor":10,"key":"SMITH"},{"data":"Loop","floor":13,"key":"SMITH"},{"data":"Sunder","floor":15,"key":"SMITH"}],"neow_cost":"NONE","seed_source_timestamp":60658867204153,"circlet_count":0,"master_deck":["AscendersBane","Strike_B","Strike_B","Strike_B","Strike_B","Defend_B","Defend_B","Defend_B","Defend_B","Zap","Dualcast","Darkness+1","Capacitor","Loop+1","Doubt","Sunder+1","Creative AI","Compile Driver","Conserve Battery","Cold Snap","Cold Snap","Darkness","Fission","Self Repair","Chaos","Redo"],"special_seed":0,"relics":["Cracked Core","Matryoshka","Smiling Mask","Dream Catcher","Blood Vial","Tiny Chest","Vajra","Orrery"],"potions_floor_usage":[7,7,19,20,21],"damage_taken":[{"damage":0.0,"enemies":"Small Slimes","floor":1.0,"turns":4.0},{"damage":1,"enemies":"Cultist","floor":5,"turns":3},{"damage":0,"enemies":"Lagavulin","floor":7,"turns":6},{"damage":0,"enemies":"2 Louse","floor":11,"turns":3},{"damage":33,"enemies":"Slime Boss","floor":16,"turns":6},{"damage":4,"enemies":"Spheric Guardian","floor":18,"turns":3},{"damage":6,"enemies":"Shell Parasite","floor":19,"turns":7},{"damage":46,"enemies":"Cultist and Chosen","floor":20,"turns":7},{"damage":25,"enemies":"Snake Plant","floor":21,"turns":4},{"damage":4,"enemies":"Centurion and Healer","floor":22,"turns":1}],"seed_played":"-4623022805754849412","potions_obtained":[{"floor":0.0,"key":"SkillPotion"},{"floor":0.0,"key":"PowerPotion"},{"floor":7,"key":"Dexterity Potion"},{"floor":19,"key":"Block Potion"},{"floor":20,"key":"AttackPotion"}],"is_trial":false,"path_per_floor":["M","$","?","?","M","R","E","?","T","R","M","T","R","T","R","B",null,"M","M","M","M","M"],"character_chosen":"DEFECT","items_purchased":["Capacitor"],"campfire_rested":1,"item_purchase_floors":[2],"current_hp_per_floor":[64,64,69,62,61,76,76,76,76,76,76,76,76,76,76,43,68,66,62,25,2,0],"gold":529,"neow_bonus":"THREE_SMALL_POTIONS","is_prod":false,"is_daily":false,"chose_seed":false,"campfire_upgraded":3,"win_rate":0,"timestamp":1551859712,"path_taken":["M","$","?","?","?","R","E","?","T","R","M","?","R","?","R","BOSS","M","M","?","?","M"],"build_version":"2019-01-23","purchased_purges":0,"victory":false,"max_hp_per_floor":[71,71,76,76,76,76,76,76,76,76,76,76,76,76,76,76,76,76,76,76,76,76],"card_choices":[{"not_picked":["Coolheaded","Beam Cell"],"picked":"Darkness","floor":1.0},{"not_picked":["Leap","Ball Lightning"],"picked":"Loop","floor":5},{"not_picked":["Recycle","Steam Power","Tempest"],"picked":"SKIP","floor":7},{"not_picked":["Lockon","Rebound"],"picked":"Sunder","floor":11},{"not_picked":["Hyperbeam","Reboot"],"picked":"Creative AI","floor":16},{"not_picked":["Consume","Beam Cell"],"picked":"Compile Driver","floor":17},{"not_picked":["Doom and Gloom","Steam Power"],"picked":"Conserve Battery","floor":17},{"not_picked":["Gash","Streamline"],"picked":"Cold Snap","floor":17},{"not_picked":["Sweeping Beam","Turbo"],"picked":"Cold Snap","floor":17},{"not_picked":["Hologram","Leap"],"picked":"Darkness","floor":17},{"not_picked":["Leap","Redo"],"picked":"Fission","floor":18},{"not_picked":["Undo","Stack+1"],"picked":"Self Repair","floor":19},{"not_picked":["Conserve Battery","Compile Driver"],"picked":"Chaos","floor":20},{"not_picked":["Coolheaded","Sweeping Beam"],"picked":"Redo","floor":21}],"player_experience":1039560,"relics_obtained":[{"floor":7,"key":"Matryoshka"},{"floor":9,"key":"Smiling Mask"},{"floor":9,"key":"Dream Catcher"},{"floor":12,"key":"Blood Vial"},{"floor":12,"key":"Tiny Chest"},{"floor":14,"key":"Vajra"}],"event_choices":[{"damage_healed":0.0,"max_hp_gain":5.0,"max_hp_loss":0.0,"gold_gain":0.0,"event_name":"Big Fish","player_choice":"Donut","floor":3.0,"gold_loss":0.0,"damage_taken":0.0},{"damage_healed":0,"gold_gain":50,"player_choice":"Touch","damage_taken":7,"max_hp_gain":0,"max_hp_loss":0,"event_name":"FaceTrader","floor":4,"gold_loss":0},{"damage_healed":0,"gold_gain":150,"player_choice":"AGREE","damage_taken":0,"max_hp_gain":0,"max_hp_loss":0,"event_name":"Liars Game","floor":8,"gold_loss":0,"cards_obtained":["Doubt"]}],"is_beta":false,"boss_relics":[{"not_picked":["Cursed Key","White Beast Statue"],"picked":"Orrery"}],"items_purged_floors":[],"is_endless":false,"potions_floor_spawned":[5,7,19,20],"killed_by":"Centurion and Healer","ascension_level":16}