{"gold_per_floor":[109,109,119,134,153,153,188,188,188,204,204,233,233,263,263,337,337],"floor_reached":17,"playtime":416,"items_purged":[],"score":400,"play_id":"53b47bcd-468a-47f2-bc4a-d5dc74354b9d","local_time":"20190403202641","is_ascension_mode":true,"campfire_choices":[{"data":"Darkness","floor":6,"key":"SMITH"},{"data":"Hologram","floor":8,"key":"SMITH"},{"floor":11,"key":"REST"},{"floor":15,"key":"REST"}],"neow_cost":"NONE","seed_source_timestamp":465659538987100,"circlet_count":0,"master_deck":["AscendersBane","Zap","Dualcast","Darkness+1","White Noise","Hologram+1","White Noise","Biased Cognition","Redo","Sweeping Beam","Genetic Algorithm","Fusion","Fission","Steam Power","Melter"],"relics":["Cracked Core","NeowsBlessing","Mercury Hourglass","PreservedInsect","Nunchaku","Pandora\u0027s Box"],"potions_floor_usage":[7,10,16],"damage_taken":[{"damage":0,"enemies":"Jaw Worm","floor":1,"turns":1},{"damage":0,"enemies":"Cultist","floor":3,"turns":1},{"damage":0,"enemies":"Small Slimes","floor":4,"turns":1},{"damage":14,"enemies":"2 Fungi Beasts","floor":5,"turns":5},{"damage":17,"enemies":"3 Sentries","floor":7,"turns":7},{"damage":15,"enemies":"Gremlin Gang","floor":10,"turns":5},{"damage":0,"enemies":"Lagavulin","floor":12,"turns":4},{"damage":26,"enemies":"3 Sentries","floor":14,"turns":3},{"damage":28,"enemies":"The Guardian","floor":16,"turns":9}],"seed_played":"5303792520888467875","potions_obtained":[{"floor":3,"key":"Weak Potion"},{"floor":5,"key":"PowerPotion"},{"floor":7,"key":"Poison Potion"},{"floor":16,"key":"AttackPotion"}],"is_trial":false,"path_per_floor":["M","?","M","M","M","R","E","R","T","M","R","E","?","E","R","B",null],"character_chosen":"DEFECT","items_purchased":[],"campfire_rested":2,"item_purchase_floors":[],"current_hp_per_floor":[64,64,64,64,50,50,33,33,33,18,39,39,39,13,34,6,55],"gold":337,"neow_bonus":"THREE_ENEMY_KILL","is_prod":false,"is_daily":false,"chose_seed":false,"campfire_upgraded":2,"win_rate":0,"timestamp":1554290801,"path_taken":["M","?","M","?","M","R","E","R","T","M","R","E","?","E","R","BOSS"],"build_version":"2019-01-23","purchased_purges":0,"victory":false,"max_hp_per_floor":[71,71,71,71,71,71,71,71,71,71,71,71,71,71,71,71,71],"card_choices":[{"not_picked":["Turbo","Scrape","Stack"],"picked":"SKIP","floor":1},{"not_picked":["Heatsinks","Chaos"],"picked":"Darkness","floor":3},{"not_picked":["Stack","Compile Driver"],"picked":"White Noise","floor":4},{"not_picked":["Genetic Algorithm","Tempest"],"picked":"Hologram","floor":5},{"not_picked":["Stack","Capacitor"],"picked":"White Noise","floor":7},{"not_picked":["Fusion","Tempest","Force Field"],"picked":"SKIP","floor":10},{"not_picked":["Streamline","Compile Driver","Go for the Eyes"],"picked":"SKIP","floor":12},{"not_picked":["Rebound","Double Energy","Tempest"],"picked":"SKIP","floor":14},{"not_picked":["Hyperbeam","Reboot"],"picked":"Biased Cognition","floor":16}],"player_experience":2845981,"relics_obtained":[{"floor":9,"key":"Mercury Hourglass"},{"floor":12,"key":"PreservedInsect"},{"floor":14,"key":"Nunchaku"}],"event_choices":[{"cards_removed":["Defend_B"],"damage_healed":0,"gold_gain":0,"player_choice":"Offered Basic","damage_taken":0,"max_hp_gain":0,"max_hp_loss":0,"event_name":"Bonfire Elementals","floor":2,"gold_loss":0},{"damage_healed":0,"gold_gain":0,"player_choice":"Ignored","damage_taken":0,"max_hp_gain":0,"max_hp_loss":0,"event_name":"Shining Light","floor":13,"gold_loss":0}],"is_beta":false,"boss_relics":[{"not_picked":["Calling Bell","Ectoplasm"],"picked":"Pandora\u0027s Box"}],"items_purged_floors":[],"is_endless":false,"potions_floor_spawned":[3,5,7,16],"ascension_level":20}