{"gold_per_floor":[112,16,16,16,26,26,55,79,79,79,109,143,194,204,204,283,283,298,298,298,313,151,151,162,162,215,50,50,50,80,80,80,157,157,175,175,175,193,210,210,265,293,319,339,208,237,249,269,269,269,269,269,269,0,28,28],"floor_reached":57,"playtime":2679,"items_purged":["Bash","Flame Barrier"],"score":3343,"play_id":"4263464b-5d64-499d-88bf-dbca5c81868b","local_time":"20190329145617","is_ascension_mode":true,"campfire_choices":[{"data":"Discovery","floor":6,"key":"SMITH"},{"data":"Shockwave","floor":10,"key":"SMITH"},{"floor":15,"key":"REST"},{"data":"Barricade","floor":23,"key":"SMITH"},{"data":"Entrench","floor":29,"key":"SMITH"},{"data":"Barricade","floor":32,"key":"SMITH"},{"data":"Juggernaut","floor":40,"key":"SMITH"},{"floor":49,"key":"RECALL"},{"data":"Body Slam","floor":53,"key":"SMITH"}],"neow_cost":"TEN_PERCENT_HP_LOSS","seed_source_timestamp":11554242864600,"circlet_count":0,"master_deck":["AscendersBane","Shockwave+1","Discovery+1","Entrench+1","Battle Trance","Ghostly Armor","Offering","Barricade+1","Barricade+1","Metallicize","Power Through","Disarm","Second Wind+1","Offering","Impervious","Ghostly","Ghostly","Ghostly","Entrench+1","Juggernaut+1","Master of Strategy","Finesse","Finesse","Body Slam+1"],"relics":["Burning Blood","Du-Vu Doll","Dream Catcher","Self Forming Clay","Odd Mushroom","Mummified Hand","Tiny Chest","Anchor","PreservedInsect","Pandora\u0027s Box","Juzu Bracelet","Oddly Smooth Stone","Centennial Puzzle","Orichalcum","Empty Cage","Calipers","Lantern","Blood Vial","Strawberry"],"potions_floor_usage":[12,12,16,56,56],"damage_taken":[{"damage":17,"enemies":"Small Slimes","floor":1,"turns":4},{"damage":6,"enemies":"Jaw Worm","floor":5,"turns":4},{"damage":32,"enemies":"Gremlin Nob","floor":7,"turns":4},{"damage":0,"enemies":"The Mushroom Lair","floor":8,"turns":2},{"damage":10,"enemies":"3 Sentries","floor":12,"turns":9},{"damage":0,"enemies":"2 Louse","floor":14,"turns":2},{"damage":38,"enemies":"Slime Boss","floor":16,"turns":12},{"damage":6,"enemies":"Shell Parasite","floor":18,"turns":6},{"damage":7,"enemies":"2 Thieves","floor":21,"turns":4},{"damage":12,"enemies":"Cultist and Chosen","floor":24,"turns":8},{"damage":2,"enemies":"Gremlin Leader","floor":30,"turns":6},{"damage":2,"enemies":"Champ","floor":33,"turns":19},{"damage":2,"enemies":"3 Darklings","floor":35,"turns":6},{"damage":1,"enemies":"Orb Walker","floor":38,"turns":7},{"damage":6,"enemies":"Jaw Worm Horde","floor":39,"turns":12},{"damage":2,"enemies":"2 Orb Walkers","floor":41,"turns":3},{"damage":2,"enemies":"Giant Head","floor":42,"turns":9},{"damage":1,"enemies":"Maw","floor":44,"turns":4},{"damage":7,"enemies":"Nemesis","floor":46,"turns":9},{"damage":1,"enemies":"Transient","floor":47,"turns":6},{"damage":2,"enemies":"Sphere and 2 Shapes","floor":48,"turns":3},{"damage":2,"enemies":"Awakened One","floor":50,"turns":5},{"damage":1,"enemies":"Time Eater","floor":51,"turns":6},{"damage":3,"enemies":"Shield and Spear","floor":55,"turns":4},{"damage":7,"enemies":"The Heart","floor":56,"turns":7}],"seed_played":"-2047307762755845783","potions_obtained":[{"floor":5,"key":"SkillPotion"},{"floor":8,"key":"Block Potion"},{"floor":14,"key":"SteroidPotion"},{"floor":16,"key":"FearPotion"},{"floor":18,"key":"AttackPotion"},{"floor":41,"key":"Ancient Potion"},{"floor":47,"key":"SkillPotion"}],"is_trial":false,"path_per_floor":["M","$","?","?","M","R","E","?","T","R","?","E","T","M","R","B",null,"M","?","?","M","$","R","M","?","T","$","$","R","E","?","R","B",null,"M","?","?","M","M","R","?","E","T","M","$","E","M","M","R","B","B",null,"R","$","E","B",null],"character_chosen":"IRONCLAD","items_purchased":["Discovery","Juzu Bracelet","Centennial Puzzle","PowerPotion","Blood Vial"],"campfire_rested":1,"item_purchase_floors":[2,22,27,45,54],"current_hp_per_floor":[57,57,57,57,57,57,31,37,37,37,19,15,15,21,41,9,53,53,34,34,33,33,33,27,27,27,27,27,27,31,31,31,35,36,36,26,26,31,31,31,35,36,36,36,36,35,36,36,36,36,36,36,36,36,43,42],"gold":28,"neow_bonus":"ONE_RARE_RELIC","is_prod":false,"is_daily":false,"chose_seed":false,"campfire_upgraded":7,"win_rate":0,"timestamp":1553838977,"path_taken":["M","$","?","?","M","R","E","?","T","R","?","E","?","?","R","BOSS","M","?","?","M","$","R","M","?","T","?","$","R","E","?","R","BOSS","M","?","?","M","M","R","?","E","T","M","?","E","M","M","R","BOSS","BOSS","R","$","E","BOSS"],"build_version":"2019-01-23","purchased_purges":2,"victory":true,"max_hp_per_floor":[68,68,68,68,68,68,68,68,68,68,68,68,68,68,68,68,68,68,73,73,73,73,73,73,36,36,36,36,36,36,36,36,36,36,36,36,36,36,36,36,36,36,36,36,36,36,36,36,36,36,36,36,36,36,43,43],"card_choices":[{"not_picked":["Headbutt","Perfected Strike"],"picked":"Shockwave","floor":1},{"not_picked":["Uppercut","Heavy Blade","Shockwave"],"picked":"SKIP","floor":5},{"not_picked":["Burning Pact","Cleave"],"picked":"Flame Barrier","floor":7},{"not_picked":["Power Through","Perfected Strike"],"picked":"Entrench","floor":12},{"not_picked":["Warcry","Dropkick"],"picked":"Battle Trance","floor":14},{"not_picked":["Heavy Blade","Bloodletting"],"picked":"Ghostly Armor","floor":15},{"not_picked":["Exhume","Fiend Fire"],"picked":"Offering","floor":16},{"not_picked":["Heavy Blade","Havoc"],"picked":"Second Wind+1","floor":18},{"not_picked":["Rupture","Second Wind","Pommel Strike"],"picked":"SKIP","floor":21},{"not_picked":["Twin Strike","Shockwave","Thunderclap"],"picked":"SKIP","floor":24},{"not_picked":["Clash","Dual Wield","Second Wind"],"picked":"SKIP","floor":30},{"not_picked":["Brutality","Barricade"],"picked":"Juggernaut","floor":33},{"not_picked":["Sever Soul+1","Havoc+1"],"picked":"Shrug It Off+1","floor":35},{"not_picked":["Impatience","Flash of Steel"],"picked":"Master of Strategy","floor":36},{"not_picked":["Transmutation","Bandage Up"],"picked":"Finesse","floor":36},{"not_picked":["Swift Strike","Metamorphosis"],"picked":"Finesse","floor":36},{"not_picked":["Warcry","Spot Weakness","Carnage+1"],"picked":"SKIP","floor":38},{"not_picked":["Whirlwind","Twin Strike","Flex"],"picked":"SKIP","floor":39},{"not_picked":["Anger+1","Twin Strike+1"],"picked":"Body Slam","floor":42},{"not_picked":["Dropkick+1","Clash","Clothesline"],"picked":"SKIP","floor":44},{"not_picked":["Anger","Twin Strike","Wild Strike+1"],"picked":"SKIP","floor":46},{"not_picked":["Uppercut+1","Cleave","Flex"],"picked":"SKIP","floor":47},{"not_picked":["Metallicize","Dropkick","Thunderclap+1"],"picked":"SKIP","floor":48},{"not_picked":["Second Wind","Clash","Dropkick"],"picked":"SKIP","floor":55}],"player_experience":2705420,"relics_obtained":[{"floor":7,"key":"Self Forming Clay"},{"floor":8,"key":"Odd Mushroom"},{"floor":9,"key":"Mummified Hand"},{"floor":12,"key":"Anchor"},{"floor":13,"key":"PreservedInsect"},{"floor":26,"key":"Oddly Smooth Stone"},{"floor":30,"key":"Orichalcum"},{"floor":41,"key":"Calipers"},{"floor":42,"key":"Lantern"},{"floor":55,"key":"Strawberry"}],"event_choices":[{"damage_healed":0,"gold_gain":0,"player_choice":"Box","damage_taken":0,"relics_obtained":["Dream Catcher"],"max_hp_gain":0,"max_hp_loss":0,"event_name":"Big Fish","floor":3,"gold_loss":0,"cards_obtained":["Regret"]},{"cards_removed":["Regret"],"damage_healed":0,"gold_gain":0,"player_choice":"Forget","damage_taken":0,"max_hp_gain":0,"max_hp_loss":0,"event_name":"Living Wall","floor":4,"gold_loss":0},{"damage_healed":0,"gold_gain":0,"player_choice":"Fought Mushrooms","damage_taken":0,"max_hp_gain":0,"max_hp_loss":0,"event_name":"Mushrooms","floor":8,"gold_loss":0},{"damage_healed":0,"gold_gain":0,"player_choice":"Success","damage_taken":18,"relics_obtained":["Tiny Chest"],"max_hp_gain":0,"max_hp_loss":0,"event_name":"Scrap Ooze","floor":11,"gold_loss":0},{"damage_healed":0,"gold_gain":0,"player_choice":"Shed Blood","damage_taken":24,"max_hp_gain":5,"max_hp_loss":0,"event_name":"Forgotten Altar","floor":19,"gold_loss":0},{"damage_healed":0,"gold_gain":0,"cards_transformed":["Berserk","Sever Soul"],"player_choice":"Became Test Subject","damage_taken":0,"max_hp_gain":0,"max_hp_loss":0,"event_name":"Drug Dealer","floor":20,"gold_loss":0,"cards_obtained":["Offering","Impervious"]},{"damage_healed":0,"gold_gain":0,"player_choice":"Became a Ghost","damage_taken":0,"max_hp_gain":0,"max_hp_loss":37,"event_name":"Ghosts","floor":25,"gold_loss":0,"cards_obtained":["Ghostly","Ghostly","Ghostly"]},{"damage_healed":0,"gold_gain":0,"player_choice":"Copied","damage_taken":0,"max_hp_gain":0,"max_hp_loss":0,"event_name":"Duplicator","floor":31,"gold_loss":0,"cards_obtained":["Entrench"]},{"damage_healed":0,"gold_gain":0,"player_choice":"Memory 3","damage_taken":10,"max_hp_gain":0,"max_hp_loss":0,"event_name":"SensoryStone","floor":36,"gold_loss":0},{"cards_removed":["Shrug It Off"],"damage_healed":0,"gold_gain":0,"player_choice":"Removed Skill","damage_taken":0,"max_hp_gain":0,"max_hp_loss":0,"event_name":"Falling","floor":37,"gold_loss":0},{"damage_healed":0,"gold_gain":0,"player_choice":"Fight","damage_taken":0,"max_hp_gain":0,"max_hp_loss":0,"event_name":"Mysterious Sphere","floor":41,"gold_loss":0}],"is_beta":false,"boss_relics":[{"not_picked":["Cursed Key","Runic Cube"],"picked":"Pandora\u0027s Box"},{"not_picked":["Mark of Pain","Snecko Eye"],"picked":"Empty Cage"}],"items_purged_floors":[45,54],"is_endless":false,"potions_floor_spawned":[5,8,14,16,18,24,39,41,47,48,55],"ascension_level":20}