{"gold_per_floor":[366,376,390,355,355,355,34,67,67,67,85,85,85,149,149,228,228,203,215,228,68,79,79,113,28,28,44,44,64,91,111,111,187,187,207,207,207,220,110,110,129,129,129,141,174,191,191,206,206,206,206,206,206,41,67,67],"floor_reached":57,"playtime":3196,"items_purged":[],"score":2943,"play_id":"0614ba3b-af88-4c2d-8b73-0f64d809f6f5","local_time":"20190324134948","is_ascension_mode":true,"campfire_choices":[{"data":"Defragment","floor":6.0,"key":"SMITH"},{"data":"Loop","floor":10.0,"key":"SMITH"},{"data":"Dualcast","floor":13.0,"key":"SMITH"},{"data":"Zap","floor":15.0,"key":"SMITH"},{"data":"Fission","floor":23.0,"key":"SMITH"},{"data":"Loop","floor":28.0,"key":"SMITH"},{"data":"Defragment","floor":32.0,"key":"SMITH"},{"data":"Loop","floor":40.0,"key":"SMITH"},{"data":"Defragment","floor":42.0,"key":"SMITH"},{"floor":47.0,"key":"RECALL"},{"data":"Capacitor","floor":49.0,"key":"SMITH"},{"data":"Reboot","floor":53.0,"key":"SMITH"}],"neow_cost":"PERCENT_DAMAGE","seed_source_timestamp":66532016825700,"circlet_count":0,"master_deck":["AscendersBane","Strike_B","Strike_B","Strike_B","Strike_B","Defend_B","Defend_B","Defend_B","Zap+1","Dualcast+1","Defragment+1","Coolheaded+1","Loop+1","Chill","Cold Snap","Coolheaded","Self Repair+1","Echo Form","Compile Driver","Loop+1","Capacitor+1","Fission+1","Loop+1","Hologram+1","Chill","Defragment+1","Reboot+1","Compile Driver+1","Defragment+1","Hologram","Skim","Chaos+1","Hologram"],"special_seed":0,"relics":["Cracked Core","Lantern","Meat on the Bone","Cables","Tiny Chest","Cursed Key","DataDisk","Letter Opener","Vajra","Blue Candle","Runic Dome","Omamori","Dream Catcher","Bird Faced Urn","War Paint"],"potions_floor_usage":[56,56],"damage_taken":[{"damage":2.0,"enemies":"2 Louse","floor":1.0,"turns":3.0},{"damage":3.0,"enemies":"Small Slimes","floor":2.0,"turns":4.0},{"damage":7.0,"enemies":"Jaw Worm","floor":3.0,"turns":3.0},{"damage":0.0,"enemies":"3 Sentries","floor":8.0,"turns":10.0},{"damage":0.0,"enemies":"Lots of Slimes","floor":11.0,"turns":5.0},{"damage":12.0,"enemies":"Gremlin Nob","floor":14.0,"turns":4.0},{"damage":0.0,"enemies":"The Guardian","floor":16.0,"turns":11.0},{"damage":14.0,"enemies":"2 Thieves","floor":18.0,"turns":4.0},{"damage":5.0,"enemies":"Chosen","floor":19.0,"turns":7.0},{"damage":0.0,"enemies":"Snecko","floor":20.0,"turns":5.0},{"damage":12.0,"enemies":"Centurion and Healer","floor":22.0,"turns":6.0},{"damage":24.0,"enemies":"Book of Stabbing","floor":24.0,"turns":5.0},{"damage":6.0,"enemies":"Sentry and Sphere","floor":27.0,"turns":3.0},{"damage":22.0,"enemies":"Snake Plant","floor":29.0,"turns":5.0},{"damage":23.0,"enemies":"Gremlin Leader","floor":30.0,"turns":6.0},{"damage":13.0,"enemies":"Centurion and Healer","floor":31.0,"turns":7.0},{"damage":27.0,"enemies":"Collector","floor":33.0,"turns":9.0},{"damage":12.0,"enemies":"Orb Walker","floor":35.0,"turns":7.0},{"damage":0.0,"enemies":"3 Darklings","floor":38.0,"turns":6.0},{"damage":14.0,"enemies":"Maw","floor":41.0,"turns":7.0},{"damage":2.0,"enemies":"Sphere and 2 Shapes","floor":44.0,"turns":6.0},{"damage":0.0,"enemies":"Reptomancer","floor":45.0,"turns":8.0},{"damage":27.0,"enemies":"4 Shapes","floor":46.0,"turns":9.0},{"damage":0.0,"enemies":"3 Darklings","floor":48.0,"turns":5.0},{"damage":28.0,"enemies":"Awakened One","floor":50.0,"turns":18.0},{"damage":0.0,"enemies":"Donu and Deca","floor":51.0,"turns":12.0},{"damage":0.0,"enemies":"Shield and Spear","floor":55.0,"turns":11.0},{"damage":61,"enemies":"The Heart","floor":56,"turns":11}],"seed_played":"7881679211454283064","potions_obtained":[{"floor":2.0,"key":"Fire Potion"},{"floor":3.0,"key":"PowerPotion"},{"floor":19.0,"key":"SpeedPotion"},{"floor":30.0,"key":"Fire Potion"},{"floor":45.0,"key":"Block Potion"},{"floor":46.0,"key":"SpeedPotion"}],"is_trial":false,"path_per_floor":["M","M","M","?","?","R","$","E","T","R","M","T","R","E","R","B",null,"M","M","M","$","M","R","E","?","T","M","R","M","E","M","R","B",null,"M","?","T","M","?","R","M","R","T","M","E","M","R","M","R","B","B",null,"R","$","E","B",null],"character_chosen":"DEFECT","items_purchased":["Lantern","Loop","Chill","DataDisk","FocusPotion","FocusPotion"],"campfire_rested":0,"item_purchase_floors":[7,7,7,21,54,54],"current_hp_per_floor":[44,41,34,51,51,51,51,51,51,51,51,51,51,39,39,46,65,65,71,71,71,71,71,61,61,61,55,55,52,48,61,61,60,68,56,56,56,56,56,56,62,62,62,70,71,71,71,71,71,71,71,71,71,71,71,50],"gold":67,"neow_bonus":"TWO_FIFTY_GOLD","is_prod":false,"is_daily":false,"chose_seed":false,"campfire_upgraded":11,"win_rate":0,"timestamp":1553402988,"path_taken":["M","M","M","?","?","R","$","E","T","R","M","?","R","E","R","BOSS","M","?","?","$","M","R","E","?","T","M","R","M","E","M","R","BOSS","M","?","?","M","?","R","M","R","T","?","E","M","R","M","R","BOSS","BOSS","R","$","E","BOSS"],"build_version":"2019-01-23","purchased_purges":0,"victory":true,"max_hp_per_floor":[71,71,71,71,71,71,71,71,71,71,71,71,71,71,71,71,71,71,71,71,71,71,71,71,71,71,71,71,71,71,71,71,71,71,71,71,71,71,71,71,71,71,71,71,71,71,71,71,71,71,71,71,71,71,71,71],"card_choices":[{"not_picked":["Stack","Rebound"],"picked":"Melter","floor":1.0},{"not_picked":["Cold Snap","Redo"],"picked":"Defragment","floor":2.0},{"not_picked":["Rebound","Leap"],"picked":"Coolheaded","floor":3.0},{"not_picked":["Darkness","Gash"],"picked":"Cold Snap","floor":8.0},{"not_picked":["Ball Lightning","Sweeping Beam"],"picked":"Coolheaded","floor":11.0},{"not_picked":["Core Surge","Static Discharge"],"picked":"Self Repair","floor":14.0},{"not_picked":["Machine Learning","Thunder Strike"],"picked":"Echo Form","floor":16.0},{"not_picked":["Turbo","Force Field"],"picked":"Compile Driver","floor":18.0},{"not_picked":["Turbo","Hello World"],"picked":"Loop","floor":19.0},{"not_picked":["Steam","Genetic Algorithm"],"picked":"Capacitor","floor":20.0},{"not_picked":["Ball Lightning","Reinforced Body"],"picked":"Fission","floor":22.0},{"not_picked":["Turbo","Coolheaded"],"picked":"Loop","floor":24.0},{"not_picked":["Beam Cell","Double Energy","Compile Driver"],"picked":"SKIP","floor":27.0},{"not_picked":["Reinforced Body","Beam Cell"],"picked":"Hologram+1","floor":29.0},{"not_picked":["Beam Cell","Multi-Cast"],"picked":"Chill","floor":30.0},{"not_picked":["Sweeping Beam","Rebound"],"picked":"Defragment","floor":31.0},{"not_picked":["Amplify","Hyperbeam"],"picked":"Reboot","floor":33.0},{"not_picked":["Streamline","Gash"],"picked":"Compile Driver+1","floor":35.0},{"not_picked":["Hologram+1","Beam Cell"],"picked":"Defragment","floor":38.0},{"not_picked":["BootSequence+1","Ball Lightning"],"picked":"Hologram","floor":41.0},{"not_picked":["BootSequence","Hello World","Beam Cell"],"picked":"SKIP","floor":44.0},{"not_picked":["Auto Shields","Machine Learning","Storm+1"],"picked":"SKIP","floor":45.0},{"not_picked":["Auto Shields","Machine Learning","Storm+1"],"picked":"SKIP","floor":45.0},{"not_picked":["Ball Lightning","Compile Driver"],"picked":"Skim","floor":46.0},{"not_picked":["Steam","Coolheaded"],"picked":"Chaos","floor":48.0},{"not_picked":["Aggregate+1","Conserve Battery"],"picked":"Hologram","floor":55.0}],"player_experience":2528368,"relics_obtained":[{"floor":8.0,"key":"Meat on the Bone"},{"floor":12.0,"key":"Cables"},{"floor":14.0,"key":"Tiny Chest"},{"floor":24.0,"key":"Letter Opener"},{"floor":30.0,"key":"Blue Candle"},{"floor":37.0,"key":"Omamori"},{"floor":43.0,"key":"Dream Catcher"},{"floor":45.0,"key":"Bird Faced Urn"},{"floor":55.0,"key":"War Paint"}],"event_choices":[{"damage_healed":17.0,"max_hp_gain":0.0,"max_hp_loss":0.0,"gold_gain":0.0,"event_name":"The Cleric","player_choice":"Healed","floor":4.0,"gold_loss":35.0,"damage_taken":0.0},{"cards_removed":["Defend_B"],"damage_healed":0.0,"max_hp_gain":0.0,"max_hp_loss":0.0,"gold_gain":0.0,"event_name":"Living Wall","player_choice":"Forget","floor":5.0,"gold_loss":0.0,"damage_taken":0.0},{"damage_healed":0.0,"max_hp_gain":0.0,"max_hp_loss":0.0,"gold_gain":0.0,"event_name":"Addict","player_choice":"Obtained Relic","floor":25.0,"gold_loss":85.0,"damage_taken":0.0,"relics_obtained":["Vajra"]},{"cards_removed":["Melter"],"damage_healed":0.0,"max_hp_gain":0.0,"max_hp_loss":0.0,"gold_gain":0.0,"event_name":"Falling","player_choice":"Removed Attack","floor":36.0,"gold_loss":0.0,"damage_taken":0.0},{"cards_removed":["Doubt"],"damage_healed":0.0,"max_hp_gain":0.0,"max_hp_loss":0.0,"gold_gain":0.0,"event_name":"Designer","player_choice":"Upgrade and Remove","floor":39.0,"gold_loss":110.0,"damage_taken":0.0,"cards_upgraded":["Self Repair"]}],"is_beta":false,"boss_relics":[{"not_picked":["Empty Cage","Calling Bell"],"picked":"Cursed Key"},{"not_picked":["Snecko Eye","Philosopher\u0027s Stone"],"picked":"Runic Dome"}],"items_purged_floors":[],"is_endless":false,"potions_floor_spawned":[2,3,14,19,24,27,30,31,41,45,46,48],"ascension_level":20}