{"gold_per_floor":[111,36,36,54,0,27,27,27,73,73,101,101,113,138,138,214,214,233,66,66,66,85,85,96,112,183,183,216,216,246,261,261,338,338,349,362,362,380,380,380],"floor_reached":40,"playtime":1447,"items_purged":["Pain"],"score":934,"play_id":"c4dd28dd-a843-46d8-9baf-7a8e23ae713c","local_time":"20190306133525","is_ascension_mode":true,"campfire_choices":[{"data":"Demon Form","floor":7.0,"key":"SMITH"},{"data":"Bash","floor":10.0,"key":"SMITH"},{"data":"Whirlwind","floor":15.0,"key":"SMITH"},{"data":"Feel No Pain","floor":23.0,"key":"SMITH"},{"data":"Feel No Pain","floor":27.0,"key":"SMITH"},{"data":"Evolve","floor":29.0,"key":"SMITH"},{"data":"True Grit","floor":32.0,"key":"SMITH"}],"neow_cost":"NONE","seed_source_timestamp":128400516484200,"circlet_count":0,"master_deck":["AscendersBane","Strike_R","Strike_R","Defend_R","Defend_R","Defend_R+1","Defend_R+1","Bash+1","Demon Form+1","Whirlwind+1","Evolve+1","Shrug It Off","Reaper","Warcry+1","Enlightenment","Feel No Pain+1","Feel No Pain+1","Sword Boomerang+1","True Grit+1","Warcry+1","Seeing Red","Shrug It Off+1"],"special_seed":0,"relics":["Burning Blood","NeowsBlessing","StoneCalendar","Juzu Bracelet","War Paint","WarpedTongs","Oddly Smooth Stone","Runic Dome","Kunai","Sundial","Strawberry","Art of War","Black Star"],"potions_floor_usage":[40,40],"damage_taken":[{"damage":0.0,"enemies":"Jaw Worm","floor":1.0,"turns":1.0},{"damage":0.0,"enemies":"2 Louse","floor":4.0,"turns":2.0},{"damage":0.0,"enemies":"Gremlin Nob","floor":6.0,"turns":1.0},{"damage":35.0,"enemies":"3 Sentries","floor":11.0,"turns":7.0},{"damage":8.0,"enemies":"Cultist","floor":13.0,"turns":3.0},{"damage":18.0,"enemies":"Lagavulin","floor":14.0,"turns":7.0},{"damage":42.0,"enemies":"Slime Boss","floor":16.0,"turns":7.0},{"damage":29.0,"enemies":"Spheric Guardian","floor":18.0,"turns":6.0},{"damage":6.0,"enemies":"Chosen","floor":22.0,"turns":7.0},{"damage":17.0,"enemies":"Sentry and Sphere","floor":24.0,"turns":4.0},{"damage":2.0,"enemies":"Chosen and Byrds","floor":25.0,"turns":6.0},{"damage":32.0,"enemies":"Slavers","floor":28.0,"turns":4.0},{"damage":31.0,"enemies":"Book of Stabbing","floor":30.0,"turns":5.0},{"damage":18.0,"enemies":"Snecko","floor":31.0,"turns":7.0},{"damage":43.0,"enemies":"Champ","floor":33.0,"turns":8.0},{"damage":20.0,"enemies":"3 Darklings","floor":35.0,"turns":7.0},{"damage":11.0,"enemies":"3 Shapes","floor":36.0,"turns":7.0},{"damage":23.0,"enemies":"Sphere and 2 Shapes","floor":38.0,"turns":6.0},{"damage":113,"enemies":"Reptomancer","floor":40,"turns":5}],"seed_played":"-4458024783178330420","potions_obtained":[{"floor":6.0,"key":"Strength Potion"},{"floor":14.0,"key":"FairyPotion"},{"floor":16.0,"key":"LiquidBronze"},{"floor":28.0,"key":"AttackPotion"}],"is_trial":false,"path_per_floor":["M","?","?","M","$","E","R","?","T","R","E","?","M","E","R","B",null,"M","$","?","T","M","R","M","M","T","R","E","R","E","M","R","B",null,"M","M","?","M","?","E"],"character_chosen":"IRONCLAD","items_purchased":["AttackPotion","Enlightenment"],"campfire_rested":0,"item_purchase_floors":[5,19],"current_hp_per_floor":[74,74,74,75,75,75,75,75,75,75,46,46,44,32,32,11,59,56,56,56,56,75,75,64,75,75,75,71,71,70,65,65,62,77,63,82,82,81,81,0],"gold":380,"neow_bonus":"THREE_ENEMY_KILL","is_prod":false,"is_daily":false,"chose_seed":false,"campfire_upgraded":7,"win_rate":0,"timestamp":1551846925,"path_taken":["M","?","?","?","?","E","R","?","T","R","E","?","M","E","R","BOSS","M","?","?","?","M","R","M","M","T","R","E","R","E","M","R","BOSS","M","M","?","M","?","E"],"build_version":"2019-01-23","purchased_purges":1,"victory":false,"max_hp_per_floor":[75,75,75,75,75,75,75,75,75,75,75,75,75,75,75,75,75,75,75,75,75,75,75,75,75,75,75,82,82,82,82,82,82,82,82,82,82,82,82,82],"card_choices":[{"not_picked":["Clash","Shockwave","Dual Wield"],"picked":"SKIP","floor":1.0},{"not_picked":["Ghostly Armor","Wild Strike","Thunderclap"],"picked":"SKIP","floor":4.0},{"not_picked":["Burning Pact","Fiend Fire"],"picked":"Demon Form","floor":6.0},{"not_picked":["Burning Pact","Dropkick"],"picked":"Whirlwind","floor":11.0},{"not_picked":["Iron Wave","Heavy Blade"],"picked":"Evolve","floor":13.0},{"not_picked":["Havoc","Pummel"],"picked":"Shrug It Off","floor":14.0},{"not_picked":["Feed","Limit Break"],"picked":"Reaper","floor":16.0},{"not_picked":["Searing Blow","Flex"],"picked":"Warcry+1","floor":18.0},{"not_picked":["Iron Wave","Perfected Strike","Anger"],"picked":"SKIP","floor":22.0},{"not_picked":["Uppercut","Thunderclap"],"picked":"Feel No Pain","floor":24.0},{"not_picked":["Perfected Strike","Thunderclap","Clash"],"picked":"SKIP","floor":25.0},{"not_picked":["Pommel Strike","Reckless Charge+1"],"picked":"Sword Boomerang+1","floor":28.0},{"not_picked":["Headbutt","Fire Breathing"],"picked":"True Grit","floor":30.0},{"not_picked":["Clothesline","Dropkick","Clash"],"picked":"SKIP","floor":31.0},{"not_picked":["Body Slam","Sword Boomerang"],"picked":"Warcry+1","floor":35.0},{"not_picked":["Clash","Thunderclap+1"],"picked":"Seeing Red","floor":36.0},{"not_picked":["Cleave","Perfected Strike"],"picked":"Shrug It Off+1","floor":38.0}],"player_experience":2029377,"relics_obtained":[{"floor":6.0,"key":"StoneCalendar"},{"floor":9.0,"key":"Juzu Bracelet"},{"floor":11.0,"key":"War Paint"},{"floor":14.0,"key":"Oddly Smooth Stone"},{"floor":21.0,"key":"Kunai"},{"floor":26.0,"key":"Sundial"},{"floor":28.0,"key":"Strawberry"},{"floor":30.0,"key":"Art of War"}],"event_choices":[{"cards_removed":["Strike_R"],"damage_healed":0.0,"max_hp_gain":0.0,"max_hp_loss":0.0,"gold_gain":0.0,"event_name":"The Cleric","player_choice":"Card Removal","floor":2.0,"gold_loss":75.0,"damage_taken":0.0},{"cards_removed":["Strike_R"],"damage_healed":0.0,"max_hp_gain":0.0,"max_hp_loss":0.0,"gold_gain":0.0,"event_name":"Purifier","player_choice":"Purged","floor":3.0,"gold_loss":0.0,"damage_taken":0.0},{"damage_healed":0.0,"max_hp_gain":0.0,"max_hp_loss":0.0,"gold_gain":0.0,"event_name":"Match and Keep!","player_choice":"0 cards matched","floor":8.0,"gold_loss":0.0,"damage_taken":0.0,"cards_obtained":[]},{"damage_healed":0.0,"max_hp_gain":0.0,"max_hp_loss":0.0,"gold_gain":0.0,"event_name":"Accursed Blacksmith","player_choice":"Rummage","floor":12.0,"gold_loss":0.0,"damage_taken":0.0,"relics_obtained":["WarpedTongs"],"cards_obtained":["Pain"]},{"damage_healed":0.0,"max_hp_gain":0.0,"max_hp_loss":0.0,"gold_gain":0.0,"event_name":"The Library","player_choice":"Read","floor":20.0,"gold_loss":0.0,"damage_taken":0.0,"cards_obtained":["Feel No Pain"]},{"cards_removed":["Strike_R"],"damage_healed":0.0,"max_hp_gain":0.0,"max_hp_loss":0.0,"gold_gain":0.0,"event_name":"Bonfire Elementals","player_choice":"Offered Basic","floor":37.0,"gold_loss":0.0,"damage_taken":0.0},{"damage_healed":0.0,"max_hp_gain":0.0,"max_hp_loss":0.0,"gold_gain":0.0,"event_name":"Tomb of Lord Red Mask","player_choice":"Ignored","floor":39.0,"gold_loss":0.0,"damage_taken":0.0}],"is_beta":false,"boss_relics":[{"not_picked":["Velvet Choker","Eternal Feather"],"picked":"Runic Dome"},{"not_picked":["Sozu","Fusion Hammer"],"picked":"Black Star"}],"items_purged_floors":[19],"is_endless":false,"potions_floor_spawned":[6,14,16,25,28,31,36],"killed_by":"Reptomancer","ascension_level":20}