{"gold_per_floor":[113,123,84,84,84,119,119,150,450,450,725,737,58,133,133,133],"floor_reached":16,"playtime":418,"items_purged":["Regret"],"score":262,"play_id":"138d638b-e61e-4b89-8862-121e59403777","local_time":"20190319183925","is_ascension_mode":true,"campfire_choices":[{"data":"Zap","floor":7,"key":"SMITH"},{"data":"Tempest","floor":10,"key":"SMITH"},{"data":"Lockon","floor":15,"key":"SMITH"}],"neow_cost":"NONE","seed_source_timestamp":98164067400,"circlet_count":0,"master_deck":["AscendersBane","Strike_B","Strike_B","Strike_B","Strike_B","Defend_B","Defend_B","Defend_B","Zap+1","Dualcast","Glacier","Glacier","Tempest+1","Lockon+1"],"relics":["Cracked Core","NeowsBlessing","WingedGreaves","Question Card","Old Coin","Torii","Art of War"],"potions_floor_usage":[8,16],"damage_taken":[{"damage":0,"enemies":"Jaw Worm","floor":1,"turns":1},{"damage":0,"enemies":"Small Slimes","floor":2,"turns":1},{"damage":0,"enemies":"3 Sentries","floor":6,"turns":1},{"damage":22,"enemies":"Lagavulin","floor":8,"turns":10},{"damage":3,"enemies":"2 Louse","floor":12,"turns":3},{"damage":26,"enemies":"Hexaghost","floor":16,"turns":9}],"seed_played":"-6730095689853334236","potions_obtained":[{"floor":1,"key":"FearPotion"},{"floor":12,"key":"Fire Potion"}],"is_trial":false,"path_per_floor":["M","M","$","?","?","E","R","E","T","R","?","M","$","?","R","B"],"character_chosen":"DEFECT","items_purchased":["Glacier","PowerPotion","Torii","Art of War","Lockon"],"campfire_rested":0,"item_purchase_floors":[3,13,13,13,13],"current_hp_per_floor":[64,64,64,57,57,57,57,35,35,35,35,32,32,21,21,0],"gold":133,"neow_bonus":"THREE_ENEMY_KILL","is_prod":false,"is_daily":false,"chose_seed":false,"campfire_upgraded":3,"win_rate":0,"timestamp":1552988365,"path_taken":["M","M","$","?","?","E","R","E","T","R","?","?","$","?","R","BOSS"],"build_version":"2019-01-23","purchased_purges":1,"victory":false,"max_hp_per_floor":[71,71,71,71,71,71,71,71,71,71,71,71,71,71,71,71],"card_choices":[{"not_picked":["Lockon","Blizzard","Barrage"],"picked":"SKIP","floor":1},{"not_picked":["Compile Driver","Genetic Algorithm","Hello World"],"picked":"SKIP","floor":2},{"not_picked":["FTL","Auto Shields"],"picked":"Glacier","floor":6},{"not_picked":["Stack","Coolheaded"],"picked":"Tempest","floor":8},{"not_picked":["BootSequence","Beam Cell","Hello World","Steam"],"picked":"SKIP","floor":12}],"player_experience":2376350,"relics_obtained":[{"floor":6,"key":"WingedGreaves"},{"floor":8,"key":"Question Card"},{"floor":9,"key":"Old Coin"}],"event_choices":[{"cards_removed":["Defend_B"],"damage_healed":0,"gold_gain":0,"player_choice":"Card Removal","damage_taken":7,"max_hp_gain":0,"max_hp_loss":0,"event_name":"Golden Wing","floor":4,"gold_loss":0},{"damage_healed":0,"gold_gain":0,"player_choice":"Leave","damage_taken":0,"max_hp_gain":0,"max_hp_loss":0,"event_name":"The Cleric","floor":5,"gold_loss":0},{"damage_healed":0,"gold_gain":275,"player_choice":"Desecrate","damage_taken":0,"max_hp_gain":0,"max_hp_loss":0,"event_name":"Golden Shrine","floor":11,"gold_loss":0,"cards_obtained":["Regret"]},{"damage_healed":0,"gold_gain":75,"player_choice":"Gather Gold","damage_taken":11,"max_hp_gain":0,"max_hp_loss":0,"event_name":"World of Goop","floor":14,"gold_loss":0}],"is_beta":false,"boss_relics":[],"items_purged_floors":[13],"is_endless":false,"potions_floor_spawned":[1,12],"killed_by":"Hexaghost","ascension_level":20}