{"gold_per_floor":[215,215,215,215,228,228,244,244,244,276,276,288,288,288,288,288],"floor_reached":16,"playtime":638,"items_purged":[],"score":127,"play_id":"0671fbf9-aa3c-465f-bccd-514b79b8ddac","local_time":"20190427025429","is_ascension_mode":true,"campfire_choices":[{"data":"Neutralize","floor":6,"key":"SMITH"},{"data":"Backflip","floor":8,"key":"SMITH"},{"floor":11,"key":"REST"},{"floor":13,"key":"REST"},{"data":"Crippling Poison","floor":15,"key":"SMITH"}],"neow_cost":"NONE","seed_source_timestamp":206629988168100,"circlet_count":0,"master_deck":["Defend_G","Defend_G","Defend_G","Defend_G","Strike_G","Strike_G","Strike_G","Survivor","Neutralize+1","Backflip+1","Calculated Gamble","Infinite Blades","PiercingWail","Dash+1","Crippling Poison+1"],"relics":["Ring of the Snake","Dream Catcher","Molten Egg 2","Art of War"],"potions_floor_usage":[10,16],"damage_taken":[{"damage":4,"enemies":"Small Slimes","floor":1,"turns":3},{"damage":0,"enemies":"2 Louse","floor":5,"turns":3},{"damage":0,"enemies":"Cultist","floor":7,"turns":4},{"damage":24,"enemies":"Gremlin Nob","floor":10,"turns":5},{"damage":5,"enemies":"Large Slime","floor":12,"turns":8},{"damage":56,"enemies":"Hexaghost","floor":16,"turns":16}],"seed_played":"-2236927978598377694","potions_obtained":[{"floor":5,"key":"Strength Potion"},{"floor":10,"key":"Energy Potion"},{"floor":12,"key":"SteroidPotion"}],"is_trial":false,"path_per_floor":["M","?","?","?","M","R","M","R","T","E","R","M","R","?","R","B"],"character_chosen":"THE_SILENT","items_purchased":[],"campfire_rested":2,"item_purchase_floors":[],"current_hp_per_floor":[59,52,40,40,40,40,40,40,40,16,37,32,53,53,53,0],"gold":288,"neow_bonus":"HUNDRED_GOLD","is_prod":false,"is_daily":false,"chose_seed":false,"campfire_upgraded":3,"win_rate":0,"timestamp":1556348069,"path_taken":["M","?","?","?","M","R","M","R","T","E","R","?","R","?","R","BOSS"],"build_version":"2019-01-23","purchased_purges":0,"victory":false,"max_hp_per_floor":[70,70,70,70,70,70,70,70,70,70,70,70,70,70,70,70],"card_choices":[{"not_picked":["Dagger Spray","Bouncing Flask"],"picked":"Backflip","floor":1},{"not_picked":["Expertise","Poisoned Stab"],"picked":"Infinite Blades","floor":5},{"not_picked":["Riddle With Holes","Deadly Poison"],"picked":"PiercingWail","floor":7},{"not_picked":["Flying Knee+1","Sucker Punch+1","Doppelganger"],"picked":"SKIP","floor":10},{"not_picked":["Prepared","Predator+1"],"picked":"Dash+1","floor":11},{"not_picked":["Heel Hook+1","Riddle With Holes+1"],"picked":"Crippling Poison","floor":12}],"player_experience":188657,"relics_obtained":[{"floor":9,"key":"Molten Egg 2"},{"floor":10,"key":"Art of War"}],"event_choices":[{"cards_removed":["Defend_G"],"damage_healed":0,"gold_gain":0,"player_choice":"Card Removal","damage_taken":7,"max_hp_gain":0,"max_hp_loss":0,"event_name":"Golden Wing","floor":2,"gold_loss":0},{"damage_healed":0,"gold_gain":0,"player_choice":"Success","damage_taken":12,"relics_obtained":["Dream Catcher"],"max_hp_gain":0,"max_hp_loss":0,"event_name":"Scrap Ooze","floor":3,"gold_loss":0},{"damage_healed":0,"gold_gain":0,"cards_transformed":["Strike_G"],"player_choice":"Transformed","damage_taken":0,"max_hp_gain":0,"max_hp_loss":0,"event_name":"Transmorgrifier","floor":4,"gold_loss":0,"cards_obtained":["Calculated Gamble"]},{"cards_removed":["Strike_G"],"damage_healed":0,"gold_gain":0,"player_choice":"Forget","damage_taken":0,"max_hp_gain":0,"max_hp_loss":0,"event_name":"Living Wall","floor":14,"gold_loss":0}],"is_beta":false,"boss_relics":[],"items_purged_floors":[],"is_endless":false,"potions_floor_spawned":[5,10,12],"killed_by":"Hexaghost","ascension_level":6}