{"gold_per_floor":[369,394,413,16,16,42,42,70,70,104,104,129,129,144,144,221,221,231,231,249,263,233,264,264,275,275,275,305,320,355,72,72,145,145,157,379,389,434,787,787,819,832,856,756,790,810,810,810,810,810],"floor_reached":50,"playtime":2551,"items_purged":["Pain","Strike_B"],"score":1278,"play_id":"68a868f4-9c0a-41a5-8428-f13524aa5dd5","local_time":"20190303210550","is_ascension_mode":true,"campfire_choices":[{"data":"Barrage","floor":7.0,"key":"SMITH"},{"data":"Zap","floor":13.0,"key":"SMITH"},{"data":"Chill","floor":15.0,"key":"SMITH"},{"data":"Defragment","floor":24.0,"key":"SMITH"},{"data":"Defragment","floor":27.0,"key":"SMITH"},{"data":"Amplify","floor":32.0,"key":"SMITH"},{"data":"Seek","floor":40.0,"key":"SMITH"},{"data":"Defragment","floor":47.0,"key":"SMITH"},{"floor":49.0,"key":"RECALL"}],"neow_cost":"CURSE","seed_source_timestamp":159772343610600,"circlet_count":0,"master_deck":["AscendersBane","Strike_B","Strike_B","Strike_B","Defend_B","Defend_B","Defend_B+1","Defend_B","Zap+1","Dualcast","Sunder+1","Barrage+1","Self Repair","Coolheaded+1","Hologram","Chill+1","Seek+1","Echo Form","Genetic Algorithm","Genetic Algorithm","Defragment+1","Glacier","Defragment+1","Core Surge","Amplify+1","Chill","Coolheaded","Fission","Gash","Gash","Undo","Defragment","Electrodynamics","Defragment+1"],"special_seed":0,"relics":["Cracked Core","Centennial Puzzle","Meat on the Bone","Art of War","Dead Branch","War Paint","Boot","Mummified Hand","Sozu","Vajra","Orichalcum","Bird Faced Urn","Red Mask","Bottled Tornado","Runic Dome","Oddly Smooth Stone","Old Coin","Shuriken","Question Card"],"potions_floor_usage":[],"damage_taken":[{"damage":4.0,"enemies":"Cultist","floor":1.0,"turns":3.0},{"damage":8.0,"enemies":"Jaw Worm","floor":3.0,"turns":2.0},{"damage":8.0,"enemies":"Gremlin Nob","floor":6.0,"turns":3.0},{"damage":26.0,"enemies":"Lagavulin","floor":8.0,"turns":6.0},{"damage":9.0,"enemies":"Gremlin Nob","floor":10.0,"turns":3.0},{"damage":17.0,"enemies":"Lagavulin","floor":12.0,"turns":6.0},{"damage":0.0,"enemies":"Small Slimes","floor":14.0,"turns":2.0},{"damage":47.0,"enemies":"Hexaghost","floor":16.0,"turns":11.0},{"damage":0.0,"enemies":"3 Byrds","floor":18.0,"turns":4.0},{"damage":4.0,"enemies":"Spheric Guardian","floor":20.0,"turns":4.0},{"damage":1.0,"enemies":"Chosen and Byrds","floor":21.0,"turns":5.0},{"damage":14.0,"enemies":"Slavers","floor":23.0,"turns":6.0},{"damage":0.0,"enemies":"3 Cultists","floor":25.0,"turns":4.0},{"damage":2.0,"enemies":"Book of Stabbing","floor":28.0,"turns":5.0},{"damage":0.0,"enemies":"Snecko","floor":29.0,"turns":4.0},{"damage":0.0,"enemies":"Masked Bandits","floor":30.0,"turns":2.0},{"damage":4.0,"enemies":"Champ","floor":33.0,"turns":13.0},{"damage":1.0,"enemies":"3 Darklings","floor":35.0,"turns":6.0},{"damage":6.0,"enemies":"3 Shapes","floor":37.0,"turns":5.0},{"damage":11.0,"enemies":"2 Orb Walkers","floor":39.0,"turns":5.0},{"damage":10.0,"enemies":"Giant Head","floor":41.0,"turns":6.0},{"damage":19.0,"enemies":"3 Darklings","floor":42.0,"turns":4.0},{"damage":0.0,"enemies":"Nemesis","floor":45.0,"turns":5.0},{"damage":0.0,"enemies":"Jaw Worm Horde","floor":46.0,"turns":2.0},{"damage":70,"enemies":"Awakened One","floor":50,"turns":7}],"seed_played":"-7345073559075166934","potions_obtained":[{"floor":3.0,"key":"Energy Potion"},{"floor":8.0,"key":"SkillPotion"},{"floor":10.0,"key":"Block Potion"},{"floor":16.0,"key":"Block Potion"}],"is_trial":false,"path_per_floor":["M","T","M","$","?","E","R","E","T","E","?","E","R","M","R","B",null,"M","?","M","M","?","E","R","M","T","R","E","M","?","$","R","B",null,"M","?","M","T","?","R","E","M","T","$","E","M","R","?","R","B"],"character_chosen":"DEFECT","items_purchased":["Meat on the Bone","Self Repair","Bottled Tornado"],"campfire_rested":0,"item_purchase_floors":[4,4,31],"current_hp_per_floor":[60,60,52,52,52,44,44,37,37,47,47,49,49,56,56,28,60,67,67,70,71,71,64,64,64,64,64,71,71,71,71,71,71,71,71,71,71,71,71,71,71,71,71,71,71,71,71,67,67,0],"gold":810,"neow_bonus":"TWO_FIFTY_GOLD","is_prod":false,"is_daily":false,"chose_seed":false,"campfire_upgraded":8,"win_rate":0,"timestamp":1551614750,"path_taken":["M","?","M","$","?","E","R","E","T","E","?","E","R","M","R","BOSS","M","?","M","?","?","E","R","?","T","R","E","M","?","$","R","BOSS","M","?","M","?","?","R","E","M","T","$","E","M","R","?","R","BOSS"],"build_version":"2019-01-23","purchased_purges":2,"victory":false,"max_hp_per_floor":[71,71,71,71,71,71,71,71,71,71,71,71,71,71,71,71,71,71,71,71,71,71,71,71,71,71,71,71,71,71,71,71,71,71,71,71,71,71,71,71,71,71,71,71,71,71,71,67,67,67],"card_choices":[{"not_picked":["Compile Driver","Stack"],"picked":"Sunder","floor":1.0},{"not_picked":["Sweeping Beam","Leap"],"picked":"Barrage","floor":3.0},{"not_picked":["Hologram","Hello World"],"picked":"Coolheaded","floor":6.0},{"not_picked":["Barrage","Conserve Battery"],"picked":"Hologram","floor":8.0},{"not_picked":["Barrage","Undo","Redo"],"picked":"SKIP","floor":10.0},{"not_picked":["Gash","Hologram"],"picked":"Chill","floor":12.0},{"not_picked":["FTL","Static Discharge"],"picked":"Seek","floor":14.0},{"not_picked":["Biased Cognition","Rainbow"],"picked":"Echo Form","floor":16.0},{"not_picked":["Barrage","Cold Snap"],"picked":"Genetic Algorithm","floor":18.0},{"not_picked":["Cold Snap","Streamline"],"picked":"Defragment","floor":20.0},{"not_picked":["Compile Driver","Streamline"],"picked":"Glacier","floor":21.0},{"not_picked":["Undo","Double Energy"],"picked":"Defragment","floor":23.0},{"not_picked":["Ball Lightning","Cold Snap"],"picked":"Core Surge","floor":25.0},{"not_picked":["Streamline","Barrage"],"picked":"Amplify","floor":28.0},{"not_picked":["Conserve Battery","Gash"],"picked":"Chill","floor":29.0},{"not_picked":["Barrage","Compile Driver"],"picked":"Coolheaded","floor":30.0},{"not_picked":["Biased Cognition","All For One"],"picked":"Fission","floor":33.0},{"not_picked":["Sweeping Beam+1","Static Discharge"],"picked":"Gash","floor":35.0},{"not_picked":["Beam Cell","Leap"],"picked":"Gash","floor":37.0},{"not_picked":["Beam Cell","Streamline+1"],"picked":"Undo","floor":39.0},{"not_picked":["Sweeping Beam+1","Undo"],"picked":"Defragment","floor":41.0},{"not_picked":["Conserve Battery","Ball Lightning"],"picked":"Electrodynamics","floor":42.0},{"not_picked":["Go for the Eyes+1","Redo","Conserve Battery"],"picked":"SKIP","floor":45.0},{"not_picked":["Go for the Eyes","Gash","Force Field"],"picked":"Defragment","floor":46.0}],"player_experience":1975832,"relics_obtained":[{"floor":2.0,"key":"Centennial Puzzle"},{"floor":6.0,"key":"Art of War"},{"floor":8.0,"key":"Dead Branch"},{"floor":9.0,"key":"War Paint"},{"floor":10.0,"key":"Boot"},{"floor":12.0,"key":"Mummified Hand"},{"floor":23.0,"key":"Vajra"},{"floor":26.0,"key":"Orichalcum"},{"floor":28.0,"key":"Bird Faced Urn"},{"floor":30.0,"key":"Red Mask"},{"floor":38.0,"key":"Oddly Smooth Stone"},{"floor":39.0,"key":"Old Coin"},{"floor":41.0,"key":"Shuriken"},{"floor":45.0,"key":"Question Card"}],"event_choices":[{"damage_healed":0.0,"max_hp_gain":0.0,"max_hp_loss":0.0,"gold_gain":0.0,"event_name":"Living Wall","player_choice":"Grow","floor":5.0,"gold_loss":0.0,"damage_taken":0.0,"cards_upgraded":["Sunder"]},{"damage_healed":0.0,"max_hp_gain":0.0,"max_hp_loss":0.0,"gold_gain":0.0,"event_name":"Scrap Ooze","player_choice":"Fled","floor":11.0,"gold_loss":0.0,"damage_taken":0.0},{"damage_healed":0.0,"max_hp_gain":0.0,"max_hp_loss":0.0,"gold_gain":0.0,"event_name":"Match and Keep!","player_choice":"1 cards matched","floor":19.0,"gold_loss":0.0,"damage_taken":0.0,"cards_obtained":["Genetic Algorithm"]},{"damage_healed":0.0,"max_hp_gain":0.0,"max_hp_loss":0.0,"gold_gain":0.0,"event_name":"The Woman in Blue","player_choice":"Bought 2 Potions","floor":22.0,"gold_loss":0.0,"damage_taken":0.0},{"damage_healed":0.0,"max_hp_gain":0.0,"max_hp_loss":0.0,"gold_gain":0.0,"event_name":"Masked Bandits","player_choice":"Fought Bandits","floor":30.0,"gold_loss":0.0,"damage_taken":0.0},{"damage_healed":0.0,"max_hp_gain":0.0,"max_hp_loss":0.0,"gold_gain":222.0,"event_name":"Tomb of Lord Red Mask","player_choice":"Wore Mask","floor":36.0,"gold_loss":0.0,"damage_taken":0.0},{"damage_healed":0.0,"max_hp_gain":0.0,"max_hp_loss":0.0,"gold_gain":0.0,"event_name":"Mysterious Sphere","player_choice":"Fight","floor":39.0,"gold_loss":0.0,"damage_taken":0.0},{"damage_healed":0.0,"max_hp_gain":0.0,"max_hp_loss":4.0,"gold_gain":0.0,"event_name":"Winding Halls","player_choice":"Max HP","floor":48.0,"gold_loss":0.0,"damage_taken":0.0}],"is_beta":false,"boss_relics":[{"not_picked":["Ectoplasm","Runic Pyramid"],"picked":"Sozu"},{"not_picked":["Busted Crown","Orrery"],"picked":"Runic Dome"}],"items_purged_floors":[4,44],"is_endless":false,"potions_floor_spawned":[3,8,10,14,16,18,25,29,30,35,37,41],"killed_by":"Awakened One","ascension_level":20}