{"gold_per_floor":[368,320,332,607,621,621,264,282,282,252,266,294,294,305,305,305],"floor_reached":16,"playtime":1403,"items_purged":[],"score":102,"play_id":"ac656d88-4174-4895-ba1f-fd532f373913","local_time":"20181216194040","is_ascension_mode":false,"campfire_choices":[{"floor":6.0,"key":"RECALL"},{"floor":15.0,"key":"REST"}],"neow_cost":"TEN_PERCENT_HP_LOSS","seed_source_timestamp":23504882718779,"circlet_count":0,"master_deck":["Strike_R","Strike_R","Strike_R","Strike_R","Strike_R","Defend_R","Defend_R","Defend_R","Defend_R","Bash","Intimidate","Havoc","Shockwave","Regret","Havoc","Feel No Pain","Seeing Red","Intimidate","Seeing Red","Pommel Strike","Sentinel"],"special_seed":0,"relics":["Burning Blood","Letter Opener","Frozen Egg 2"],"potions_floor_usage":[16],"damage_taken":[{"damage":8.0,"enemies":"Jaw Worm","floor":1.0,"turns":4.0},{"damage":6.0,"enemies":"Cultist","floor":3.0,"turns":3.0},{"damage":2.0,"enemies":"2 Louse","floor":5.0,"turns":2.0},{"damage":11.0,"enemies":"Blue Slaver","floor":8.0,"turns":5.0},{"damage":13.0,"enemies":"Exordium Thugs","floor":11.0,"turns":4.0},{"damage":23.0,"enemies":"Gremlin Nob","floor":12.0,"turns":4.0},{"damage":0.0,"enemies":"2 Fungi Beasts","floor":14.0,"turns":3.0},{"damage":81,"enemies":"Slime Boss","floor":16,"turns":16}],"seed_played":"-758869443504661189","potions_obtained":[{"floor":1.0,"key":"SteroidPotion"},{"floor":3.0,"key":"Block Potion"},{"floor":8.0,"key":"Fruit Juice"},{"floor":10.0,"key":"Explosive Potion"},{"floor":10.0,"key":"Poison Potion"},{"floor":14.0,"key":"SkillPotion"}],"is_trial":false,"path_per_floor":["M","$","M","?","M","R","$","M","T","?","M","E","?","M","R","B"],"character_chosen":"IRONCLAD","items_purchased":["Havoc","Letter Opener","Feel No Pain","Seeing Red"],"campfire_rested":1,"item_purchase_floors":[2,7,7,7],"current_hp_per_floor":[70,70,70,70,72,72,72,72,72,72,65,48,48,54,77,0],"gold":305,"neow_bonus":"TWO_FIFTY_GOLD","is_prod":false,"is_daily":false,"chose_seed":false,"campfire_upgraded":0,"win_rate":0,"timestamp":1544982040,"path_taken":["M","$","M","?","?","R","$","M","T","?","?","E","?","M","R","BOSS"],"build_version":"2018-12-13","purchased_purges":0,"victory":false,"max_hp_per_floor":[72,72,72,72,72,72,72,77,77,77,77,77,77,77,77,77],"card_choices":[{"not_picked":["Iron Wave","True Grit"],"picked":"Intimidate","floor":1.0},{"not_picked":["Pummel","Anger"],"picked":"Shockwave","floor":3.0},{"not_picked":["Cleave","Body Slam"],"picked":"Havoc","floor":5.0},{"not_picked":["Havoc","Thunderclap"],"picked":"Intimidate","floor":8.0},{"not_picked":["Battle Trance","Metallicize"],"picked":"Seeing Red","floor":11.0},{"not_picked":["Perfected Strike","Anger"],"picked":"Pommel Strike","floor":12.0},{"not_picked":["Wild Strike","Havoc"],"picked":"Sentinel","floor":14.0}],"player_experience":841131,"relics_obtained":[{"floor":12.0,"key":"Frozen Egg 2"}],"event_choices":[{"damage_healed":0.0,"max_hp_gain":0.0,"max_hp_loss":0.0,"gold_gain":275.0,"event_name":"Golden Shrine","player_choice":"Desecrate","floor":4.0,"gold_loss":0.0,"damage_taken":0.0,"cards_obtained":["Regret"]},{"damage_healed":0.0,"max_hp_gain":0.0,"max_hp_loss":0.0,"gold_gain":0.0,"event_name":"The Woman in Blue","player_choice":"Bought 2 Potions","floor":10.0,"gold_loss":0.0,"damage_taken":0.0},{"damage_healed":0.0,"max_hp_gain":0.0,"max_hp_loss":0.0,"gold_gain":0.0,"event_name":"Golden Wing","player_choice":"Ignored","floor":13.0,"gold_loss":0.0,"damage_taken":0.0}],"is_beta":false,"boss_relics":[],"items_purged_floors":[],"is_endless":false,"potions_floor_spawned":[1,3,8,14],"killed_by":"Slime Boss","ascension_level":0}