{"gold_per_floor":[110,185,185,185,206,250,250,27,57,88,88,13,13,13,13,106,106,120,120,144,144],"floor_reached":21,"playtime":677,"items_purged":[],"score":516,"play_id":"5f842b13-6335-4b29-9a84-208acc9adc85","local_time":"20190210142843","is_ascension_mode":true,"campfire_choices":[{"data":"Zap","floor":7,"key":"SMITH"},{"floor":13,"key":"REST"},{"floor":15,"key":"REST"}],"neow_cost":"NONE","seed_source_timestamp":418417953108100,"circlet_count":0,"master_deck":["AscendersBane","Strike_B+1","Strike_B","Defend_B","Defend_B","Defend_B+1","Zap+1","Dualcast","Coolheaded","Cold Snap","Scrape","Core Surge","Hyperbeam","Defragment","Ghostly","Ghostly","Ghostly","Consume"],"relics":["Cracked Core","NeowsBlessing","Golden Idol","Lantern","Membership Card","Tiny Chest","Blue Candle","Mercury Hourglass","Empty Cage"],"potions_floor_usage":[16,16,21],"damage_taken":[{"damage":0,"enemies":"Jaw Worm","floor":1,"turns":1},{"damage":0,"enemies":"2 Louse","floor":5,"turns":1},{"damage":0,"enemies":"3 Sentries","floor":6,"turns":1},{"damage":27,"enemies":"Lagavulin","floor":10,"turns":8},{"damage":0,"enemies":"Slime Boss","floor":16,"turns":9},{"damage":26,"enemies":"Shell Parasite","floor":18,"turns":6},{"damage":4,"enemies":"Spheric Guardian","floor":20,"turns":6},{"damage":38,"enemies":"Cultist and Chosen","floor":21,"turns":5}],"seed_played":"-4336315514685177149","potions_obtained":[{"floor":10,"key":"FocusPotion"},{"floor":16,"key":"Fruit Juice"},{"floor":18,"key":"Weak Potion"}],"is_trial":false,"path_per_floor":["M","?","?","?","M","E","R","$","T","E","?","$","R","T","R","B",null,"M","?","M","M"],"character_chosen":"DEFECT","items_purchased":["Membership Card","Core Surge"],"campfire_rested":2,"item_purchase_floors":[8,12],"current_hp_per_floor":[64,53,32,32,32,32,32,32,32,5,5,5,24,24,43,48,64,38,34,30,0],"gold":144,"neow_bonus":"THREE_ENEMY_KILL","is_prod":false,"is_daily":false,"chose_seed":false,"campfire_upgraded":1,"win_rate":0,"timestamp":1549776523,"path_taken":["M","?","?","?","?","E","R","$","T","E","?","?","R","?","R","BOSS","M","?","M","M"],"build_version":"2019-01-23","purchased_purges":0,"victory":false,"max_hp_per_floor":[71,71,71,64,64,64,64,64,64,64,64,64,64,64,64,69,69,69,34,34,34],"card_choices":[{"not_picked":["Leap","Redo"],"picked":"Coolheaded","floor":1},{"not_picked":["Rebound","Go for the Eyes"],"picked":"Cold Snap","floor":5},{"not_picked":["Steam","Leap","Fusion"],"picked":"SKIP","floor":6},{"not_picked":["Reprogram","Steam","Steam Power"],"picked":"SKIP","floor":10},{"not_picked":["Fission","Core Surge"],"picked":"Hyperbeam","floor":16},{"not_picked":["Redo","Conserve Battery"],"picked":"Defragment","floor":18},{"not_picked":["Leap","Fusion"],"picked":"Consume","floor":20}],"player_experience":1491592,"relics_obtained":[{"floor":6,"key":"Lantern"},{"floor":9,"key":"Tiny Chest"},{"floor":10,"key":"Blue Candle"},{"floor":14,"key":"Mercury Hourglass"}],"event_choices":[{"damage_healed":0,"gold_gain":75,"player_choice":"Gather Gold","damage_taken":11,"max_hp_gain":0,"max_hp_loss":0,"event_name":"World of Goop","floor":2,"gold_loss":0},{"damage_healed":0,"gold_gain":0,"player_choice":"Entered Light","damage_taken":21,"max_hp_gain":0,"max_hp_loss":0,"event_name":"Shining Light","floor":3,"gold_loss":0,"cards_upgraded":["Defend_B","Strike_B"]},{"damage_healed":0,"gold_gain":0,"player_choice":"Lose Max HP","damage_taken":0,"relics_obtained":["Golden Idol"],"max_hp_gain":0,"max_hp_loss":7,"event_name":"Golden Idol","floor":4,"gold_loss":0},{"damage_healed":0,"gold_gain":0,"cards_transformed":["Defend_B"],"player_choice":"Change","damage_taken":0,"max_hp_gain":0,"max_hp_loss":0,"event_name":"Living Wall","floor":11,"gold_loss":0,"cards_obtained":["Scrape"]},{"damage_healed":0,"gold_gain":0,"player_choice":"Became a Ghost","damage_taken":0,"max_hp_gain":0,"max_hp_loss":35,"event_name":"Ghosts","floor":19,"gold_loss":0,"cards_obtained":["Ghostly","Ghostly","Ghostly"]}],"is_beta":false,"boss_relics":[{"not_picked":["FrozenCore","Runic Pyramid"],"picked":"Empty Cage"}],"items_purged_floors":[],"is_endless":false,"potions_floor_spawned":[10,16,18],"killed_by":"Cultist and Chosen","ascension_level":20}