{"gold_per_floor":[109,19,37,37,37,37,37,53,76,76,76,76,102,114,114,191,191,211,42,42,42,62,62,62],"floor_reached":24,"playtime":444,"items_purged":[],"score":384,"play_id":"6275e1cf-dd12-415c-a220-034626b4b6b2","local_time":"20190331004703","is_ascension_mode":true,"campfire_choices":[{"data":"Sunder","floor":6,"key":"SMITH"},{"data":"Consume","floor":10,"key":"SMITH"},{"data":"Zap","floor":12,"key":"SMITH"},{"data":"Capacitor","floor":15,"key":"SMITH"},{"data":"Coolheaded","floor":23,"key":"SMITH"}],"neow_cost":"NONE","seed_source_timestamp":135649288626800,"circlet_count":0,"master_deck":["AscendersBane","Strike_B","Strike_B","Strike_B","Defend_B","Defend_B","Defend_B","Defend_B","Zap+1","Dualcast","Sunder+1","Consume+1","Coolheaded+1","Capacitor+1","Rainbow","Undo"],"relics":["Cracked Core","NeowsBlessing","Pantograph","DataDisk","Omamori","Coffee Dripper","Blood Vial","Centennial Puzzle"],"potions_floor_usage":[16,20],"damage_taken":[{"damage":0,"enemies":"Cultist","floor":1,"turns":1},{"damage":0,"enemies":"2 Louse","floor":3,"turns":1},{"damage":0,"enemies":"Small Slimes","floor":8,"turns":1},{"damage":39,"enemies":"Gremlin Nob","floor":13,"turns":4},{"damage":0,"enemies":"Exordium Wildlife","floor":14,"turns":1},{"damage":18,"enemies":"The Guardian","floor":16,"turns":9},{"damage":17,"enemies":"3 Byrds","floor":18,"turns":6},{"damage":37,"enemies":"Colosseum Slavers","floor":20,"turns":4},{"damage":9,"enemies":"Shell Parasite","floor":22,"turns":5},{"damage":17,"enemies":"Snake Plant","floor":24,"turns":2}],"seed_played":"-2430494144575386492","potions_obtained":[{"floor":1,"key":"Regen Potion"},{"floor":3,"key":"SteroidPotion"},{"floor":18,"key":"Fire Potion"}],"is_trial":false,"path_per_floor":["M","$","M","?","$","R","?","M","T","R","?","R","E","M","R","B",null,"M","$","?","?","M","R","M"],"character_chosen":"DEFECT","items_purchased":["Consume","Blood Vial"],"campfire_rested":0,"item_purchase_floors":[2,19],"current_hp_per_floor":[64,64,64,64,64,64,59,59,59,59,59,59,20,20,20,27,60,43,43,20,20,13,13,0],"gold":62,"neow_bonus":"THREE_ENEMY_KILL","is_prod":false,"is_daily":false,"chose_seed":false,"campfire_upgraded":5,"win_rate":0,"timestamp":1553960823,"path_taken":["M","?","M","?","$","R","?","?","T","R","?","R","E","?","R","BOSS","M","$","?","?","M","R","?"],"build_version":"2019-01-23","purchased_purges":0,"victory":false,"max_hp_per_floor":[71,71,71,71,71,71,71,71,71,71,71,71,71,71,71,71,71,71,71,71,71,71,71,71],"card_choices":[{"not_picked":["Static Discharge","Turbo"],"picked":"Sunder","floor":1},{"not_picked":["Rebound","Turbo","Steam"],"picked":"SKIP","floor":3},{"not_picked":["Aggregate","Turbo","Compile Driver"],"picked":"SKIP","floor":8},{"not_picked":["Rainbow","Gash"],"picked":"Coolheaded","floor":13},{"not_picked":["Hologram","Gash"],"picked":"Capacitor","floor":14},{"not_picked":["Thunder Strike","Hyperbeam"],"picked":"Rainbow","floor":16},{"not_picked":["Streamline","Steam+1","Barrage"],"picked":"SKIP","floor":18},{"not_picked":["Leap","Storm"],"picked":"Undo","floor":22}],"player_experience":2768596,"relics_obtained":[{"floor":9,"key":"DataDisk"},{"floor":13,"key":"Omamori"}],"event_choices":[{"damage_healed":0,"gold_gain":0,"player_choice":"Leave","damage_taken":0,"max_hp_gain":0,"max_hp_loss":0,"event_name":"The Cleric","floor":4,"gold_loss":0},{"damage_healed":0,"gold_gain":0,"player_choice":"Success","damage_taken":5,"relics_obtained":["Pantograph"],"max_hp_gain":0,"max_hp_loss":0,"event_name":"Scrap Ooze","floor":7,"gold_loss":0},{"cards_removed":["Strike_B"],"damage_healed":0,"gold_gain":0,"player_choice":"Purged","damage_taken":0,"max_hp_gain":0,"max_hp_loss":0,"event_name":"Purifier","floor":11,"gold_loss":0},{"damage_healed":0,"gold_gain":0,"player_choice":"Fight","damage_taken":0,"max_hp_gain":0,"max_hp_loss":0,"event_name":"Colosseum","floor":20,"gold_loss":0},{"damage_healed":0,"gold_gain":0,"player_choice":"Fled From Nobs","damage_taken":0,"max_hp_gain":0,"max_hp_loss":0,"event_name":"Colosseum","floor":20,"gold_loss":0},{"damage_healed":0,"gold_gain":0,"player_choice":"Stole Relic","damage_taken":0,"relics_obtained":["Centennial Puzzle"],"max_hp_gain":0,"max_hp_loss":0,"event_name":"Addict","floor":21,"gold_loss":0,"cards_obtained":["Shame"]}],"is_beta":false,"boss_relics":[{"not_picked":["White Beast Statue","Philosopher\u0027s Stone"],"picked":"Coffee Dripper"}],"items_purged_floors":[],"is_endless":false,"potions_floor_spawned":[1,3,18],"killed_by":"Snake Plant","ascension_level":20}