{"gold_per_floor":[12,23,23,37,37,37,54,85,164,164,164,178,198,97,97,172,172,190,190,64,97,107,107,133,143,189,189,201,171,171,185,185,260,260,272,11,22,32,32,32,50,50,50,50],"floor_reached":44,"playtime":3085,"items_purged":[],"score":1010,"play_id":"02b563d4-1be1-4f64-a239-fcad9fa4fa8c","local_time":"20190403195921","is_ascension_mode":true,"campfire_choices":[{"data":"Buffer","floor":6.0,"key":"SMITH"},{"data":"White Noise","floor":11.0,"key":"SMITH"},{"data":"Hello World","floor":15.0,"key":"SMITH"},{"floor":23.0,"key":"REST"},{"floor":27.0,"key":"REST"},{"floor":30.0,"key":"REST"},{"floor":32.0,"key":"REST"},{"floor":40.0,"key":"REST"}],"neow_cost":"NO_GOLD","seed_source_timestamp":1741244187766708,"circlet_count":0,"master_deck":["AscendersBane","Strike_B+1","Strike_B+1","Strike_B+1","Strike_B+1","Defend_B+1","Defend_B+1","Defend_B+1","Zap","Dualcast","Buffer+1","Auto Shields","Cold Snap","White Noise+1","Cold Snap+1","Heatsinks","Melter","Hello World+1","Ball Lightning+1","Biased Cognition","Static Discharge","Leap","Glacier","Fusion","Ball Lightning","Conserve Battery","Echo Form","Defragment+1","Storm","BootSequence","Self Repair","Heatsinks+1","Zap","Force Field","Chill","Zap"],"special_seed":0,"relics":["Cracked Core","Nunchaku","The Courier","FaceOfCleric","Lizard Tail","Blood Vial","Red Mask","Whetstone","Anchor","Eternal Feather","Potion Belt","Regal Pillow"],"potions_floor_usage":[],"damage_taken":[{"damage":9.0,"enemies":"Jaw Worm","floor":1.0,"turns":3.0},{"damage":0.0,"enemies":"2 Louse","floor":2.0,"turns":5.0},{"damage":0.0,"enemies":"Cultist","floor":4.0,"turns":4.0},{"damage":0.0,"enemies":"Blue Slaver","floor":7.0,"turns":4.0},{"damage":0.0,"enemies":"Gremlin Nob","floor":8.0,"turns":4.0},{"damage":0.0,"enemies":"Gremlin Gang","floor":12.0,"turns":5.0},{"damage":2.0,"enemies":"Exordium Wildlife","floor":13.0,"turns":3.0},{"damage":0.0,"enemies":"Slime Boss","floor":16.0,"turns":11.0},{"damage":19.0,"enemies":"Shell Parasite","floor":18.0,"turns":5.0},{"damage":44.0,"enemies":"Masked Bandits","floor":21.0,"turns":4.0},{"damage":0.0,"enemies":"Chosen","floor":22.0,"turns":4.0},{"damage":14.0,"enemies":"Book of Stabbing","floor":24.0,"turns":6.0},{"damage":0.0,"enemies":"Snecko","floor":25.0,"turns":5.0},{"damage":19.0,"enemies":"Sentry and Sphere","floor":28.0,"turns":5.0},{"damage":22.0,"enemies":"Cultist and Chosen","floor":31.0,"turns":8.0},{"damage":107.0,"enemies":"Automaton","floor":33.0,"turns":13.0},{"damage":9.0,"enemies":"3 Shapes","floor":35.0,"turns":7.0},{"damage":26.0,"enemies":"3 Darklings","floor":37.0,"turns":6.0},{"damage":39.0,"enemies":"Jaw Worm Horde","floor":38.0,"turns":7.0},{"damage":53,"enemies":"Maw","floor":41,"turns":8},{"damage":22,"enemies":"3 Darklings","floor":44,"turns":2}],"seed_played":"-5454806713411821598","potions_obtained":[{"floor":1.0,"key":"Regen Potion"},{"floor":7.0,"key":"Fire Potion"},{"floor":8.0,"key":"Energy Potion"},{"floor":21.0,"key":"Weak Potion"},{"floor":25.0,"key":"SkillPotion"},{"floor":28.0,"key":"PowerPotion"},{"floor":29.0,"key":"EntropicBrew"},{"floor":35.0,"key":"PowerPotion"},{"floor":37.0,"key":"SteroidPotion"},{"floor":41,"key":"SteroidPotion"}],"is_trial":false,"path_per_floor":["M","M","?","M","?","R","M","E","T","?","R","M","M","$","R","B",null,"M","?","$","?","M","R","E","M","T","R","M","?","R","M","R","B",null,"M","$","M","M","?","R","M","?","T","M"],"character_chosen":"DEFECT","items_purchased":["Hello World","Ball Lightning","Blood Vial","Storm","BootSequence","Potion Belt"],"campfire_rested":5,"item_purchase_floors":[14,14,20,36,36,36],"current_hp_per_floor":[55,69,74,74,74,74,74,74,74,74,74,75,74,74,74,75,78,60,60,60,19,22,46,35,38,38,63,47,47,72,53,78,44,76,70,70,47,18,18,63,20,20,20,0],"gold":50,"neow_bonus":"THREE_RARE_CARDS","is_prod":false,"is_daily":false,"chose_seed":false,"campfire_upgraded":3,"win_rate":0,"timestamp":1554310761,"path_taken":["M","M","?","M","?","R","?","E","T","?","R","?","M","$","R","BOSS","M","?","$","?","M","R","E","M","T","R","M","?","R","?","R","BOSS","M","$","M","M","?","R","?","?","T","M"],"build_version":"2019-01-23","purchased_purges":0,"victory":false,"max_hp_per_floor":[71,71,76,76,76,76,76,76,76,76,76,77,78,78,78,79,79,80,80,80,81,82,82,83,84,84,84,85,85,85,86,86,87,87,88,88,89,90,90,90,91,91,91,91],"card_choices":[{"not_picked":["Rainbow","All For One"],"picked":"Buffer","floor":0.0},{"not_picked":["Blizzard","Beam Cell"],"picked":"Auto Shields","floor":1.0},{"not_picked":["Gash","Hologram","Rebound"],"picked":"SKIP","floor":2.0},{"not_picked":["Tempest","Gash"],"picked":"Cold Snap","floor":4.0},{"not_picked":["Reinforced Body","Blizzard"],"picked":"White Noise","floor":7.0},{"not_picked":["Beam Cell","Reprogram"],"picked":"Cold Snap","floor":8.0},{"not_picked":["Hologram","Glacier"],"picked":"Heatsinks","floor":12.0},{"not_picked":["Streamline","Recycle"],"picked":"Melter","floor":13.0},{"not_picked":["Amplify","Rainbow"],"picked":"Biased Cognition","floor":16.0},{"not_picked":["Glacier","Compile Driver"],"picked":"Static Discharge","floor":18.0},{"not_picked":["Steam Power","Reprogram"],"picked":"Leap","floor":21.0},{"not_picked":["Turbo+1","Scrape"],"picked":"Glacier","floor":22.0},{"not_picked":["Thunder Strike","Tempest"],"picked":"Fusion","floor":24.0},{"not_picked":["Fusion","Skim","Compile Driver"],"picked":"SKIP","floor":25.0},{"not_picked":["Skim","Reinforced Body"],"picked":"Ball Lightning","floor":28.0},{"not_picked":["Barrage","Sweeping Beam"],"picked":"Conserve Battery","floor":31.0},{"not_picked":["Creative AI","Buffer"],"picked":"Echo Form","floor":33.0},{"not_picked":["Gash","Beam Cell"],"picked":"Defragment+1","floor":35.0},{"not_picked":["Compile Driver+1","Steam"],"picked":"Self Repair","floor":37.0},{"not_picked":["Thunder Strike","Streamline"],"picked":"Heatsinks+1","floor":38.0},{"not_picked":["Beam Cell","Steam+1"],"picked":"Force Field","floor":41}],"player_experience":1163386,"relics_obtained":[{"floor":8.0,"key":"Nunchaku"},{"floor":9.0,"key":"The Courier"},{"floor":21.0,"key":"Red Mask"},{"floor":24.0,"key":"Whetstone"},{"floor":26.0,"key":"Anchor"},{"floor":43,"key":"Regal Pillow"}],"event_choices":[{"damage_healed":0.0,"max_hp_gain":5.0,"max_hp_loss":0.0,"gold_gain":0.0,"event_name":"Big Fish","player_choice":"Donut","floor":3.0,"gold_loss":0.0,"damage_taken":0.0},{"cards_removed":["Defend_B"],"damage_healed":0.0,"max_hp_gain":0.0,"max_hp_loss":0.0,"gold_gain":0.0,"event_name":"Bonfire Elementals","player_choice":"Offered Basic","floor":5.0,"gold_loss":0.0,"damage_taken":0.0},{"damage_healed":0.0,"max_hp_gain":0.0,"max_hp_loss":0.0,"gold_gain":0.0,"event_name":"FaceTrader","player_choice":"Trade","floor":10.0,"gold_loss":0.0,"damage_taken":0.0,"relics_obtained":["FaceOfCleric"]},{"damage_healed":0.0,"max_hp_gain":0.0,"max_hp_loss":0.0,"gold_gain":0.0,"event_name":"Back to Basics","player_choice":"Simplicity","floor":19.0,"gold_loss":0.0,"damage_taken":0.0,"cards_upgraded":["Strike_B","Strike_B","Strike_B","Strike_B","Defend_B","Defend_B","Defend_B"]},{"damage_healed":0.0,"max_hp_gain":0.0,"max_hp_loss":0.0,"gold_gain":0.0,"event_name":"Masked Bandits","player_choice":"Fought Bandits","floor":21.0,"gold_loss":0.0,"damage_taken":0.0},{"damage_healed":0.0,"max_hp_gain":0.0,"max_hp_loss":0.0,"gold_gain":0.0,"event_name":"The Woman in Blue","player_choice":"Bought 2 Potions","floor":29.0,"gold_loss":0.0,"damage_taken":0.0},{"damage_healed":0.0,"max_hp_gain":0.0,"max_hp_loss":0.0,"gold_gain":0.0,"event_name":"Match and Keep!","player_choice":"1 cards matched","floor":39.0,"gold_loss":0.0,"damage_taken":0.0,"cards_obtained":["Zap"]},{"damage_healed":0,"gold_gain":0,"player_choice":"2 cards matched","damage_taken":0,"max_hp_gain":0,"max_hp_loss":0,"event_name":"Match and Keep!","floor":42,"gold_loss":0,"cards_obtained":["Chill","Zap"]}],"is_beta":false,"boss_relics":[{"not_picked":["Nuclear Battery","Calling Bell"],"picked":"Lizard Tail"},{"not_picked":["White Beast Statue","Runic Pyramid"],"picked":"Eternal Feather"}],"items_purged_floors":[],"is_endless":false,"potions_floor_spawned":[1,7,8,21,25,28,35,37,41],"killed_by":"3 Darklings","ascension_level":18}