{"gold_per_floor":[109,122,37,54,54,54,87,104,104,104,130,149,149,149,149,226,226,245,170,270,284,296,296,296,296,296,364,414,514,564,614],"floor_reached":31,"playtime":891,"items_purged":["Strike_R"],"score":486,"play_id":"ff4af575-4701-444e-b1e3-1bcd5c6f8433","local_time":"20190426203759","is_ascension_mode":true,"campfire_choices":[{"data":"Inflame","floor":6,"key":"SMITH"},{"data":"Carnage","floor":10,"key":"SMITH"},{"data":"True Grit","floor":13,"key":"SMITH"},{"data":"Whirlwind","floor":15,"key":"SMITH"},{"data":"Armaments","floor":23,"key":"SMITH"}],"neow_cost":"NONE","seed_source_timestamp":376902979460400,"circlet_count":0,"master_deck":["AscendersBane","Strike_R","Strike_R","Strike_R","Strike_R","Defend_R","Defend_R","Defend_R","Defend_R","Bash","Evolve","Inflame+1","Shockwave","Whirlwind+1","Carnage+1","True Grit+1","Fiend Fire","Armaments+1","Clothesline","Dark Embrace+1","Feel No Pain+1"],"relics":["Burning Blood","NeowsBlessing","Bottled Tornado","Mercury Hourglass","Omamori","Sundial","Snecko Eye","Shovel","Frozen Egg 2","SsserpentHead","StoneCalendar","Blue Candle"],"potions_floor_usage":[7,16,20,22],"damage_taken":[{"damage":0,"enemies":"Cultist","floor":1,"turns":1},{"damage":0,"enemies":"Jaw Worm","floor":2,"turns":1},{"damage":0,"enemies":"2 Louse","floor":4,"turns":1},{"damage":35,"enemies":"3 Sentries","floor":7,"turns":10},{"damage":8,"enemies":"2 Fungi Beasts","floor":8,"turns":4},{"damage":6,"enemies":"Gremlin Nob","floor":11,"turns":3},{"damage":7,"enemies":"Large Slime","floor":12,"turns":3},{"damage":31,"enemies":"Hexaghost","floor":16,"turns":9},{"damage":8,"enemies":"2 Thieves","floor":18,"turns":2},{"damage":25,"enemies":"Colosseum Slavers","floor":20,"turns":3},{"damage":21,"enemies":"Colosseum Nobs","floor":20,"turns":3},{"damage":7,"enemies":"Shell Parasite","floor":21,"turns":2},{"damage":16,"enemies":"Sentry and Sphere","floor":22,"turns":4},{"damage":4,"enemies":"Snecko","floor":27,"turns":3},{"damage":23,"enemies":"Centurion and Healer","floor":31,"turns":2}],"seed_played":"-5360118226606981154","potions_obtained":[{"floor":1,"key":"SneckoOil"},{"floor":2,"key":"Regen Potion"},{"floor":11,"key":"Strength Potion"},{"floor":16,"key":"SpeedPotion"},{"floor":18,"key":"FearPotion"}],"is_trial":false,"path_per_floor":["M","M","$","M","?","R","E","M","T","R","E","M","R","?","R","B",null,"M","$","?","M","M","R","?","?","T","M","?","?","?","M"],"character_chosen":"IRONCLAD","items_purchased":["Inflame"],"campfire_rested":0,"item_purchase_floors":[3],"current_hp_per_floor":[74,75,75,75,80,80,66,64,64,64,64,63,63,52,52,27,67,65,65,31,30,20,20,20,20,20,22,22,22,22,0],"gold":614,"neow_bonus":"THREE_ENEMY_KILL","is_prod":false,"is_daily":false,"chose_seed":false,"campfire_upgraded":5,"win_rate":0,"timestamp":1556278679,"path_taken":["M","?","$","M","?","R","E","M","T","R","E","M","R","?","R","BOSS","M","$","?","M","M","R","?","?","T","?","?","?","?","?"],"build_version":"2019-01-23","purchased_purges":1,"victory":false,"max_hp_per_floor":[75,75,75,75,80,80,80,80,80,80,80,80,80,80,80,80,80,80,80,80,80,80,80,80,80,80,80,80,80,80,80],"card_choices":[{"not_picked":["Pommel Strike","Pummel"],"picked":"Evolve","floor":1},{"not_picked":["Heavy Blade","Bloodletting","Armaments"],"picked":"SKIP","floor":2},{"not_picked":["Cleave","Intimidate"],"picked":"Shockwave","floor":4},{"not_picked":["Double Tap","Bludgeon"],"picked":"Whirlwind","floor":7},{"not_picked":["Reckless Charge","Havoc"],"picked":"Carnage","floor":8},{"not_picked":["Armaments","Iron Wave"],"picked":"True Grit","floor":11},{"not_picked":["Evolve","Clothesline","Body Slam"],"picked":"SKIP","floor":12},{"not_picked":["Demon Form","Feed"],"picked":"Fiend Fire","floor":16},{"not_picked":["Twin Strike","Clash"],"picked":"Armaments","floor":18},{"not_picked":["Rage","Clash"],"picked":"Clothesline","floor":21},{"not_picked":["Clothesline","Thunderclap"],"picked":"Dark Embrace+1","floor":22},{"not_picked":["Perfected Strike+1","Reckless Charge","Pummel"],"picked":"SKIP","floor":27}],"player_experience":3398035,"relics_obtained":[{"floor":7,"key":"Bottled Tornado"},{"floor":9,"key":"Mercury Hourglass"},{"floor":11,"key":"Omamori"},{"floor":20,"key":"Shovel"},{"floor":20,"key":"Frozen Egg 2"},{"floor":26,"key":"StoneCalendar"}],"event_choices":[{"damage_healed":0,"gold_gain":0,"player_choice":"Donut","damage_taken":0,"max_hp_gain":5,"max_hp_loss":0,"event_name":"Big Fish","floor":5,"gold_loss":0},{"damage_healed":0,"gold_gain":0,"player_choice":"Success","damage_taken":11,"relics_obtained":["Sundial"],"max_hp_gain":0,"max_hp_loss":0,"event_name":"Scrap Ooze","floor":14,"gold_loss":0},{"damage_healed":0,"gold_gain":0,"player_choice":"Fight","damage_taken":0,"max_hp_gain":0,"max_hp_loss":0,"event_name":"Colosseum","floor":20,"gold_loss":0},{"damage_healed":0,"gold_gain":0,"player_choice":"Fought Nobs","damage_taken":0,"max_hp_gain":0,"max_hp_loss":0,"event_name":"Colosseum","floor":20,"gold_loss":0},{"damage_healed":0,"gold_gain":0,"player_choice":"Ignored","damage_taken":0,"max_hp_gain":0,"max_hp_loss":0,"event_name":"Cursed Tome","floor":24,"gold_loss":0},{"damage_healed":0,"gold_gain":0,"player_choice":"Trade","damage_taken":0,"relics_obtained":["SsserpentHead"],"max_hp_gain":0,"max_hp_loss":0,"event_name":"FaceTrader","floor":25,"gold_loss":0},{"damage_healed":0,"gold_gain":0,"player_choice":"Opened","damage_taken":0,"relics_obtained":["Blue Candle"],"max_hp_gain":0,"max_hp_loss":0,"event_name":"The Mausoleum","floor":28,"gold_loss":0,"cards_obtained":["Writhe"]},{"damage_healed":0,"gold_gain":50,"player_choice":"Stole From Cult","damage_taken":0,"max_hp_gain":0,"max_hp_loss":0,"event_name":"Nest","floor":29,"gold_loss":0},{"damage_healed":0,"gold_gain":0,"player_choice":"Read","damage_taken":0,"max_hp_gain":0,"max_hp_loss":0,"event_name":"The Library","floor":30,"gold_loss":0,"cards_obtained":["Feel No Pain"]}],"is_beta":false,"boss_relics":[{"not_picked":["Runic Cube","Philosopher\u0027s Stone"],"picked":"Snecko Eye"}],"items_purged_floors":[19],"is_endless":false,"potions_floor_spawned":[1,2,11,12,16,18,20],"killed_by":"Centurion and Healer","ascension_level":20}