{"path_per_floor":["M","M","?","M","M","R","M","E","T","R","M","M"],"character_chosen":"THE_SILENT","items_purchased":[],"gold_per_floor":[110,120,195,209,226,226,246,279,303,303,321,337],"floor_reached":13,"campfire_rested":0,"playtime":3539,"current_hp_per_floor":[63,61,50,41,40,40,26,15,15,15,5,4],"items_purged":[],"gold":307,"play_id":"ad15dbf3-3bbe-4416-b5e6-6c0922bec412","is_prod":false,"is_daily":false,"is_ascension_mode":false,"campfire_upgraded":2,"path_taken":["M","M","?","M","M","R","M","E","T","R","M","M","M"],"build_version":"2018-02-01-PROD3","purchased_purges":0,"victory":false,"master_deck":["Defend_G","Defend_G","Defend_G","Defend_G","Defend_G","Strike_G","Strike_G","Strike_G","Strike_G","Strike_G","Survivor","Neutralize+1","Sucker Punch","Heel Hook","Crippling Poison","Prepared","Outmaneuver","Escape Plan","Infinite Blades+1","Backflip","Backflip","Bouncing Flask","Accuracy","Slice","Backflip"],"max_hp_per_floor":[70,70,70,70,70,70,70,70,70,70,70,70],"relics":["Orrery","Vajra","Anchor"],"card_choices":[{"not_picked":["Choke","Backflip"],"picked":"Sucker Punch"},{"not_picked":["Dagger Throw","Backflip"],"picked":"Heel Hook"},{"not_picked":["Glass Knife","Catalyst"],"picked":"Crippling Poison"},{"not_picked":["Distraction","Slice"],"picked":"Prepared"},{"not_picked":["Terror","PiercingWail"],"picked":"Outmaneuver"},{"not_picked":["Underhanded Strike","Deadly Poison"],"picked":"Escape Plan"},{"not_picked":["Outmaneuver","Poisoned Stab"],"picked":"Infinite Blades"},{"not_picked":["Dodge and Roll","Dagger Spray"],"picked":"Backflip"},{"not_picked":["Reflex","Deflect"],"picked":"Backflip"},{"not_picked":["Glass Knife","Skewer"],"picked":"Bouncing Flask"},{"not_picked":["Malaise","Sucker Punch"],"picked":"Accuracy"},{"not_picked":["Underhanded Strike","Outmaneuver"],"picked":"Slice"},{"not_picked":["Dagger Spray","Deadly Poison"],"picked":"Backflip"}],"player_experience":127919,"potions_floor_usage":[8,8,12],"damage_taken":[{"damage":7,"enemies":"Small Slimes","floor":1,"turns":6},{"damage":2,"enemies":"2 Louse","floor":2,"turns":3},{"damage":9,"enemies":"Jaw Worm","floor":4,"turns":5},{"damage":1,"enemies":"Red Slaver","floor":5,"turns":4},{"damage":14,"enemies":"Gremlin Gang","floor":7,"turns":7},{"damage":11,"enemies":"Lagavulin","floor":8,"turns":5},{"damage":10,"enemies":"Exordium Wildlife","floor":11,"turns":5},{"damage":1,"enemies":"2 Fungi Beasts","floor":12,"turns":4},{"damage":7,"enemies":"Looter","floor":13,"turns":2}],"event_choices":[{"event_name":"World of Goop","player_choice":"Gather Gold","floor":3,"damage_taken":0}],"boss_relics":[],"potions_floor_spawned":[1,7,8,11],"seed_played":"8299206569491331841","killed_by":"Looter","ascension_level":0,"is_trial":false}