{"path_per_floor":["M","M","?","M","M","R","E","M","T","M","?","T","M","M","R"],"character_chosen":"IRONCLAD","items_purchased":[],"gold_per_floor":[10,21,89,105,118,118,153,172,197,211,211,511,527,541,541],"floor_reached":16,"campfire_rested":1,"playtime":721,"current_hp_per_floor":[74,71,71,79,69,69,41,55,55,66,54,54,59,57,101],"items_purged":[],"gold":541,"score":163,"play_id":"8587dc3f-16ae-4cff-b4d8-216c5962e761","local_time":"20180310181553","is_prod":false,"is_daily":false,"is_ascension_mode":true,"campfire_upgraded":1,"timestamp":1520698553,"path_taken":["M","M","?","M","M","R","E","M","T","M","?","?","M","M","R","BOSS"],"build_version":"2018-03-09","purchased_purges":0,"victory":false,"master_deck":["Strike_R","Strike_R","Strike_R","Strike_R","Strike_R","Defend_R","Defend_R","Defend_R","Defend_R","Bash","Feed","Twin Strike","Cleave","Exhume+1","Pommel Strike","Anger","Twin Strike","Thunderclap","Rampage","Iron Wave"],"max_hp_per_floor":[83,86,86,89,89,89,89,95,95,98,98,98,98,101,101],"relics":["Burning Blood","Blood Vial","Regal Pillow","Smiling Mask","Old Coin"],"card_choices":[{"not_picked":["Double Tap","Immolate"],"picked":"Feed"},{"not_picked":["Intimidate","Sword Boomerang"],"picked":"Twin Strike"},{"not_picked":["Battle Trance","Sever Soul"],"picked":"Cleave"},{"not_picked":["Carnage","Heavy Blade"],"picked":"Exhume"},{"not_picked":["Burning Pact","Fire Breathing"],"picked":"Pommel Strike"},{"not_picked":["Body Slam","Havoc"],"picked":"Anger"},{"not_picked":["Uppercut","Flex"],"picked":"Twin Strike"},{"not_picked":["Juggernaut","Wild Strike"],"picked":"Thunderclap"},{"not_picked":["Wild Strike","Perfected Strike"],"picked":"Rampage"},{"not_picked":["Perfected Strike","Headbutt"],"picked":"Iron Wave"}],"player_experience":264804,"potions_floor_usage":[13,13,16,16],"damage_taken":[{"damage":7,"enemies":"Jaw Worm","floor":1,"turns":3},{"damage":12,"enemies":"Small Slimes","floor":2,"turns":3},{"damage":1,"enemies":"Cultist","floor":4,"turns":3},{"damage":16,"enemies":"Blue Slaver","floor":5,"turns":4},{"damage":34,"enemies":"Gremlin Nob","floor":7,"turns":4},{"damage":0,"enemies":"3 Louse","floor":8,"turns":2},{"damage":0,"enemies":"2 Fungi Beasts","floor":10,"turns":3},{"damage":3,"enemies":"Blue Slaver","floor":13,"turns":2},{"damage":13,"enemies":"Exordium Thugs","floor":14,"turns":3},{"damage":105,"enemies":"Hexaghost","floor":16,"turns":9}],"event_choices":[{"event_name":"Golden Wing","player_choice":"Gained Gold","floor":3,"damage_taken":0},{"event_name":"Scrap Ooze","player_choice":"success","floor":11,"damage_taken":12}],"boss_relics":[],"potions_floor_spawned":[1,7,13,14],"seed_played":"4943998271647632609","killed_by":"Hexaghost","ascension_level":6,"is_trial":false}