{"gold_per_floor":[115,130,16,26,26,59,59,59,82,147,147,179,241,267,279,365,377,409,471,408],"floor_reached":20,"playtime":813,"items_purged":[],"score":319,"play_id":"ca55690e-31a3-4e94-b62c-90bf628d04c1","local_time":"20181124194155","is_ascension_mode":true,"campfire_choices":[{"floor":8,"key":"REST"},{"floor":11,"key":"REST"},{"data":"Redo","floor":15,"key":"SMITH"}],"neow_cost":"NONE","seed_source_timestamp":25455728854879,"circlet_count":0,"master_deck":["AscendersBane","Strike_B","Strike_B","Strike_B","Strike_B","Defend_B","Defend_B","Defend_B","Defend_B","Zap","Dualcast","Redo+1","White Noise+1","Loop","Self Repair","Ball Lightning","FTL","Rainbow","Self Repair"],"relics":["Cracked Core","NeowsBlessing","Oddly Smooth Stone","SsserpentHead","Blood Vial","MawBank"],"potions_floor_usage":[2,16,18,20,20],"damage_taken":[{"damage":0,"enemies":"Small Slimes","floor":1,"turns":1},{"damage":0,"enemies":"2 Louse","floor":2,"turns":1},{"damage":0,"enemies":"Cultist","floor":4,"turns":1},{"damage":45,"enemies":"3 Sentries","floor":6,"turns":7},{"damage":15,"enemies":"3 Louse","floor":10,"turns":4},{"damage":28,"enemies":"Lagavulin","floor":12,"turns":5},{"damage":4,"enemies":"Blue Slaver","floor":14,"turns":3},{"damage":31,"enemies":"The Guardian","floor":16,"turns":10},{"damage":48,"enemies":"3 Byrds","floor":18,"turns":5},{"damage":33,"enemies":"2 Thieves","floor":20,"turns":3}],"seed_played":"-310555209541054214","potions_obtained":[{"floor":2,"key":"Fruit Juice"},{"floor":10,"key":"Fire Potion"},{"floor":12,"key":"EntropicBrew"}],"is_trial":false,"path_per_floor":["M","M","$","M","?","E","?","R","T","M","R","E","?","M","R","B",null,"M","?","M"],"character_chosen":"DEFECT","items_purchased":["White Noise","Loop"],"campfire_rested":2,"item_purchase_floors":[3,3],"current_hp_per_floor":[64,69,69,69,69,24,24,46,46,40,62,43,68,73,73,51,70,31,31,0],"gold":408,"neow_bonus":"THREE_ENEMY_KILL","is_prod":false,"is_daily":false,"chose_seed":false,"campfire_upgraded":1,"win_rate":0,"timestamp":1543081315,"path_taken":["M","M","$","M","?","E","?","R","T","?","R","E","?","M","R","BOSS","M","?","M"],"build_version":"2018-11-15","purchased_purges":0,"victory":false,"max_hp_per_floor":[71,76,76,76,76,76,76,76,76,76,76,76,76,76,76,76,76,76,76,76],"card_choices":[{"not_picked":["Rebound","Beam Cell","Tempest"],"picked":"SKIP","floor":1},{"not_picked":["Hologram","Conserve Battery"],"picked":"Redo","floor":2},{"not_picked":["Beam Cell","Rebound","Tempest"],"picked":"SKIP","floor":4},{"not_picked":["Redo","Fission"],"picked":"Self Repair","floor":6},{"not_picked":["Go for the Eyes","Steam Power"],"picked":"Ball Lightning","floor":10},{"not_picked":["Steam Power","Barrage","Lockon"],"picked":"SKIP","floor":12},{"not_picked":["Rebound","Stack"],"picked":"FTL","floor":14},{"not_picked":["Reboot","Thunder Strike"],"picked":"Rainbow","floor":16},{"not_picked":["Stack","Conserve Battery"],"picked":"Self Repair","floor":18}],"player_experience":782443,"relics_obtained":[{"floor":6,"key":"Oddly Smooth Stone"},{"floor":9,"key":"Blood Vial"},{"floor":12,"key":"MawBank"}],"event_choices":[{"damage_healed":0,"gold_gain":0,"player_choice":"Grow","damage_taken":0,"max_hp_gain":0,"max_hp_loss":0,"event_name":"Living Wall","floor":5,"gold_loss":0,"cards_upgraded":["White Noise"]},{"damage_healed":0,"gold_gain":0,"player_choice":"Trade","damage_taken":0,"relics_obtained":["SsserpentHead"],"max_hp_gain":0,"max_hp_loss":0,"event_name":"FaceTrader","floor":7,"gold_loss":0},{"damage_healed":25,"gold_gain":0,"player_choice":"Banana","damage_taken":0,"max_hp_gain":0,"max_hp_loss":0,"event_name":"Big Fish","floor":13,"gold_loss":0},{"damage_healed":0,"gold_gain":0,"player_choice":"Ignored","damage_taken":0,"max_hp_gain":0,"max_hp_loss":0,"event_name":"Beggar","floor":19,"gold_loss":0}],"is_beta":false,"boss_relics":[{"not_picked":["Runic Pyramid","Sozu","Astrolabe"]}],"items_purged_floors":[],"is_endless":false,"potions_floor_spawned":[2,10,12],"killed_by":"2 Thieves","ascension_level":15}