{"path_per_floor":["M","?","M","M","$","R","E","R","T","E","T","R","M","$","R","B",null,"M","M","?","?","M","R","E","M","T","R","$","M","M","E","R","B",null,"M","M","M","?","M","R","M","$","T","R","?","M","M","E","R"],"character_chosen":"IRONCLAD","items_purchased":["Toxic Egg 2","True Grit","Lantern","Shrug It Off"],"gold_per_floor":[117,117,134,151,76,76,108,108,158,186,233,233,245,145,145,240,240,259,270,270,270,285,285,318,336,359,359,62,72,91,123,123,220,220,237,249,265,265,284,284,299,4,31,31,80,95,107,141,141],"floor_reached":50,"campfire_rested":2,"playtime":3000,"current_hp_per_floor":[79,79,80,80,80,80,50,50,50,53,53,53,59,59,59,43,71,64,59,43,43,36,36,40,44,44,44,44,49,44,28,52,10,63,59,65,22,12,18,42,48,48,48,48,48,39,45,51,51],"items_purged":["Regret","Strike_R","Strike_R"],"gold":141,"score":744,"play_id":"2867f434-5b0b-4d9b-b44f-4f60623fa76e","local_time":"20180303143441","is_prod":false,"is_daily":false,"is_ascension_mode":true,"campfire_upgraded":8,"timestamp":1520058881,"path_taken":["M","?","?","?","$","R","E","R","T","E","?","R","M","?","R","BOSS","M","M","?","?","M","R","E","M","T","R","$","M","M","E","R","BOSS","M","M","M","?","M","R","M","$","T","R","?","M","M","E","R","BOSS"],"build_version":"2018-03-02-BETA2","purchased_purges":3,"victory":false,"master_deck":["Strike_R","Strike_R","Strike_R","Defend_R+1","Defend_R","Defend_R+1","Bash+1","Headbutt","Metallicize+1","True Grit+1","Thunderclap","Bludgeon+1","Warcry","Limit Break+1","Cleave","Cleave+1","Flex+1","Clash+1","True Grit+1","Ghostly Armor+1","Shockwave+1","Warcry+1","Heavy Blade+1","Warcry+1","Heavy Blade+1","Madness+1","Madness+1","Flex+1","Shrug It Off+1","Warcry+1","Metallicize+1","Limit Break+1"],"max_hp_per_floor":[80,80,80,80,80,80,80,80,80,80,80,80,80,80,80,80,80,80,80,80,80,80,80,80,80,80,80,80,80,80,80,80,80,80,80,80,80,80,80,80,80,80,80,80,80,83,83,83,83],"relics":["Burning Blood","Anchor","Orichalcum","War Paint","Bag of Preparation","Ancient Tea Set","Velvet Choker","Nilry\u0027s Codex","Vajra","Pen Nib","Toxic Egg 2","Ginger","Question Card","Lantern","Bag of Marbles","Thread and Needle","Bottled Tornado"],"card_choices":[{"not_picked":["Thunderclap","Berserk"],"picked":"Headbutt"},{"not_picked":["Body Slam","Dropkick"],"picked":"Metallicize"},{"not_picked":["Ghostly Armor","Headbutt"],"picked":"True Grit"},{"not_picked":["Carnage","Ghostly Armor"],"picked":"Thunderclap"},{"not_picked":["Disarm","Headbutt"],"picked":"Bludgeon"},{"not_picked":["Thunderclap","Perfected Strike"],"picked":"Warcry"},{"not_picked":["Demon Form","Impervious"],"picked":"Limit Break"},{"not_picked":["Heavy Blade","Seeing Red"],"picked":"Cleave"},{"not_picked":["Body Slam","Anger"],"picked":"Cleave"},{"not_picked":["Pommel Strike","Ghostly Armor"],"picked":"Flex"},{"not_picked":["Headbutt","Exhume"],"picked":"Clash"},{"not_picked":["Armaments","Perfected Strike"],"picked":"Ghostly Armor"},{"not_picked":["Pommel Strike","Dropkick"],"picked":"Shockwave"},{"not_picked":["Flex","Burning Pact"],"picked":"Warcry"},{"not_picked":["Sever Soul","Iron Wave","True Grit"],"picked":"Heavy Blade"},{"not_picked":["Power Through","Thunderclap","Blood for Blood"],"picked":"Warcry"},{"not_picked":["Clash","Battle Trance","Flame Barrier"],"picked":"Heavy Blade"},{"not_picked":["Clothesline","Warcry","Entrench"],"picked":"Flex"},{"not_picked":["Shrug It Off","Corruption","Thunderclap"],"picked":"Warcry"},{"not_picked":["Cleave","Heavy Blade","Carnage"],"picked":"Metallicize"},{"not_picked":["Havoc","Sword Boomerang","Seeing Red"],"picked":"Limit Break"}],"player_experience":132675,"potions_floor_usage":[16,24,33,45,46,50,50],"damage_taken":[{"damage":7,"enemies":"Jaw Worm","floor":1,"turns":3},{"damage":4,"enemies":"Small Slimes","floor":3,"turns":3},{"damage":3,"enemies":"Cultist","floor":4,"turns":3},{"damage":36,"enemies":"Gremlin Nob","floor":7,"turns":5},{"damage":3,"enemies":"3 Sentries","floor":10,"turns":7},{"damage":0,"enemies":"Gremlin Gang","floor":13,"turns":4},{"damage":22,"enemies":"The Guardian","floor":16,"turns":6},{"damage":13,"enemies":"Spheric Guardian","floor":18,"turns":4},{"damage":11,"enemies":"Shell Parasite","floor":19,"turns":3},{"damage":13,"enemies":"Centurion and Healer","floor":22,"turns":5},{"damage":2,"enemies":"Slavers","floor":24,"turns":3},{"damage":2,"enemies":"Cultist and Chosen","floor":25,"turns":3},{"damage":1,"enemies":"Snecko","floor":29,"turns":3},{"damage":11,"enemies":"Snake Plant","floor":30,"turns":3},{"damage":22,"enemies":"Gremlin Leader","floor":31,"turns":4},{"damage":63,"enemies":"Collector","floor":33,"turns":8},{"damage":10,"enemies":"Flame Bruiser 1 Orb","floor":35,"turns":3},{"damage":0,"enemies":"3 Darklings","floor":36,"turns":1},{"damage":49,"enemies":"Spire Growth","floor":37,"turns":4},{"damage":0,"enemies":"Flame Bruiser 2 Orb","floor":39,"turns":1},{"damage":0,"enemies":"Maw","floor":41,"turns":4},{"damage":6,"enemies":"Mysterious Sphere","floor":45,"turns":6},{"damage":18,"enemies":"4 Shapes","floor":46,"turns":6},{"damage":0,"enemies":"3 Darklings","floor":47,"turns":4},{"damage":0,"enemies":"Giant Head","floor":48,"turns":5},{"damage":62,"enemies":"Awakened One","floor":50,"turns":7}],"event_choices":[{"event_name":"Big Fish","player_choice":"Box","floor":2,"damage_taken":0},{"event_name":"Cursed Tome","player_choice":"Obtained Book","floor":20,"damage_taken":0},{"event_name":"Back to Basics","player_choice":"Elegance","floor":21,"damage_taken":0},{"event_name":"Winding Halls","player_choice":"Embrace Madness","floor":38,"damage_taken":0},{"event_name":"Mysterious Sphere","player_choice":"Fight","floor":45,"damage_taken":0}],"boss_relics":[{"not_picked":["White Beast Statue","Snecko Eye"],"picked":"Velvet Choker"},{"not_picked":["Sozu","Calling Bell"],"picked":"Question Card"}],"potions_floor_spawned":[3,4,7,19,22,29,33,39,45,46,48],"seed_played":"-8310527846070519231","killed_by":"Awakened One","ascension_level":5,"is_trial":false}