{"gold_per_floor":[117,133,283,48,59,59,84,84,114,146,173,197,209,236,248,339,351],"floor_reached":17,"playtime":364,"items_purged":["Doubt"],"score":330,"play_id":"1fa9de4d-e452-44c3-aaaf-c98a3d47cb77","local_time":"20190414184123","is_ascension_mode":true,"campfire_choices":[{"data":"Bash","floor":6,"key":"SMITH"},{"data":"Wild Strike","floor":8,"key":"SMITH"},{"data":"Disarm","floor":15,"key":"SMITH"}],"neow_cost":"NONE","seed_source_timestamp":198407901624400,"circlet_count":0,"master_deck":["AscendersBane","Bash+1","Pommel Strike","Wild Strike","Wild Strike+1","Twin Strike","Disarm","Parasite","Disarm+1","Double Tap"],"relics":["Burning Blood","NeowsBlessing","Ancient Tea Set","Darkstone Periapt","Tiny Chest","Happy Flower","MawBank","Pandora\u0027s Box"],"potions_floor_usage":[14,16],"damage_taken":[{"damage":0,"enemies":"Small Slimes","floor":1,"turns":1},{"damage":0,"enemies":"Jaw Worm","floor":2,"turns":1},{"damage":0,"enemies":"Cultist","floor":5,"turns":1},{"damage":45,"enemies":"Lagavulin","floor":7,"turns":7},{"damage":35,"enemies":"3 Sentries","floor":10,"turns":7},{"damage":6,"enemies":"Looter","floor":12,"turns":3},{"damage":1,"enemies":"2 Fungi Beasts","floor":14,"turns":3},{"damage":22,"enemies":"The Guardian","floor":16,"turns":12}],"seed_played":"-7585018636804494162","potions_obtained":[{"floor":5,"key":"Poison Potion"},{"floor":10,"key":"Dexterity Potion"},{"floor":12,"key":"Block Potion"},{"floor":16,"key":"FearPotion"}],"is_trial":false,"path_per_floor":["M","M","?","$","M","R","E","R","T","E","T","M","?","M","R","B",null],"character_chosen":"IRONCLAD","items_purchased":["Ancient Tea Set"],"campfire_rested":0,"item_purchase_floors":[4],"current_hp_per_floor":[74,75,75,75,75,75,36,36,36,7,7,7,31,36,36,20,20],"gold":351,"neow_bonus":"THREE_ENEMY_KILL","is_prod":false,"is_daily":false,"chose_seed":false,"campfire_upgraded":3,"win_rate":0,"timestamp":1555234883,"path_taken":["M","M","?","$","M","R","E","R","T","E","?","?","?","M","R","BOSS"],"build_version":"2019-01-23","purchased_purges":1,"victory":false,"max_hp_per_floor":[75,75,75,75,75,75,75,75,75,75,75,75,81,81,81,81,81],"card_choices":[{"not_picked":["Cleave","Second Wind"],"picked":"Pommel Strike","floor":1},{"not_picked":["Body Slam","Evolve"],"picked":"Wild Strike","floor":2},{"not_picked":["Armaments","Heavy Blade"],"picked":"Wild Strike","floor":5},{"not_picked":["Exhume","Body Slam","Metallicize"],"picked":"SKIP","floor":7},{"not_picked":["Hemokinesis","Juggernaut"],"picked":"Twin Strike","floor":10},{"not_picked":["True Grit","Power Through"],"picked":"Disarm","floor":12},{"not_picked":["Uppercut","Sword Boomerang"],"picked":"Disarm","floor":14},{"not_picked":["Demon Form","Juggernaut"],"picked":"Double Tap","floor":16}],"player_experience":3130067,"relics_obtained":[{"floor":7,"key":"Darkstone Periapt"},{"floor":9,"key":"Tiny Chest"},{"floor":10,"key":"Happy Flower"},{"floor":11,"key":"MawBank"}],"event_choices":[{"damage_healed":0,"gold_gain":150,"player_choice":"AGREE","damage_taken":0,"max_hp_gain":0,"max_hp_loss":0,"event_name":"Liars Game","floor":3,"gold_loss":0,"cards_obtained":["Doubt"]},{"damage_healed":18,"gold_gain":0,"player_choice":"Healed and dodged fight","damage_taken":0,"max_hp_gain":0,"max_hp_loss":0,"event_name":"Mushrooms","floor":13,"gold_loss":0,"cards_obtained":["Parasite"]}],"is_beta":false,"boss_relics":[{"not_picked":["Philosopher\u0027s Stone","Tiny House"],"picked":"Pandora\u0027s Box"}],"items_purged_floors":[4],"is_endless":false,"potions_floor_spawned":[5,10,12,16],"ascension_level":20}