{"gold_per_floor":[115,190,190,206,206,249,249,293,319,269,269,313,49,72,72,165,165,186,204,10,30,54,90,90,133,157,169,204,239,251,304,316,424,436,473,229,252,275,288,328,661,694,694,332,332,332,367,384,384,384],"floor_reached":50,"playtime":3357,"items_purged":["Defend_B","Strike_B"],"score":1144,"play_id":"43515528-7091-4f2b-a672-656784dbd66b","local_time":"20181203001333","is_ascension_mode":true,"campfire_choices":[{"data":"Zap","floor":7.0,"key":"SMITH"},{"data":"Dualcast","floor":11.0,"key":"SMITH"},{"data":"Defragment","floor":15.0,"key":"SMITH"},{"floor":24.0,"key":"REST"},{"data":"Electrodynamics","floor":27.0,"key":"SMITH"},{"floor":32.0,"key":"RECALL"},{"floor":45,"key":"REST"},{"floor":49,"key":"REST"}],"neow_cost":"NONE","seed_source_timestamp":637987158407838,"circlet_count":0,"master_deck":["AscendersBane","Strike_B","Defend_B","Defend_B","Zap+1","Dualcast+1","Ball Lightning","Sweeping Beam+1","Ball Lightning+1","Defragment+1","Reinforced Body+1","Conserve Battery+1","Core Surge","Ball Lightning","Auto Shields+1","Electrodynamics+1","Hologram+1","Compile Driver","Conserve Battery+1","Steam+1","Seek+1","All For One","BootSequence+1","Bandage Up+1","Reinforced Body+1","Capacitor+1","Coolheaded+1","FTL+1","Compile Driver+1","Gash+1"],"special_seed":0,"relics":["Cracked Core","NeowsBlessing","Whetstone","Toxic Egg 2","Bag of Marbles","Bronze Scales","Membership Card","Empty Cage","Kunai","Potion Belt","Blood Vial","MawBank","Omamori","Fusion Hammer","Centennial Puzzle","Frozen Eye","Molten Egg 2","Matryoshka","Pear","Ginger","PrismaticShard","Du-Vu Doll","Shuriken"],"potions_floor_usage":[33,33,33,40,47,50,50],"damage_taken":[{"damage":0.0,"enemies":"Jaw Worm","floor":1.0,"turns":1.0},{"damage":0.0,"enemies":"Small Slimes","floor":4.0,"turns":1.0},{"damage":0.0,"enemies":"Lagavulin","floor":6.0,"turns":1.0},{"damage":8.0,"enemies":"Gremlin Nob","floor":8.0,"turns":3.0},{"damage":15.0,"enemies":"3 Sentries","floor":12.0,"turns":4.0},{"damage":0.0,"enemies":"2 Louse","floor":14.0,"turns":1.0},{"damage":25.0,"enemies":"Hexaghost","floor":16.0,"turns":8.0},{"damage":0.0,"enemies":"Spheric Guardian","floor":18.0,"turns":3.0},{"damage":8.0,"enemies":"2 Thieves","floor":19.0,"turns":3.0},{"damage":0.0,"enemies":"Chosen and Byrds","floor":21.0,"turns":4.0},{"damage":1.0,"enemies":"Snecko","floor":22.0,"turns":4.0},{"damage":25.0,"enemies":"Slavers","floor":23.0,"turns":4.0},{"damage":8.0,"enemies":"Book of Stabbing","floor":25.0,"turns":5.0},{"damage":15.0,"enemies":"Snake Plant","floor":28.0,"turns":3.0},{"damage":0.0,"enemies":"Centurion and Healer","floor":29.0,"turns":5.0},{"damage":0.0,"enemies":"Gremlin Leader","floor":31.0,"turns":4.0},{"damage":64,"enemies":"Champ","floor":33,"turns":12},{"damage":0,"enemies":"Orb Walker","floor":35,"turns":3},{"damage":0,"enemies":"3 Shapes","floor":37,"turns":1},{"damage":22,"enemies":"Sphere and 2 Shapes","floor":38,"turns":4},{"damage":0,"enemies":"4 Shapes","floor":39,"turns":3},{"damage":10,"enemies":"Reptomancer","floor":40,"turns":5},{"damage":10,"enemies":"Nemesis","floor":42,"turns":5},{"damage":40,"enemies":"Giant Head","floor":47,"turns":8},{"damage":9,"enemies":"Writhing Mass","floor":48,"turns":6},{"damage":67,"enemies":"Time Eater","floor":50,"turns":8}],"seed_played":"-2285752183127806371","potions_obtained":[{"floor":4.0,"key":"Regen Potion"},{"floor":6.0,"key":"FearPotion"},{"floor":14.0,"key":"SteroidPotion"},{"floor":21.0,"key":"EntropicBrew"},{"floor":25.0,"key":"Fire Potion"},{"floor":28.0,"key":"SkillPotion"},{"floor":29.0,"key":"SkillPotion"},{"floor":35,"key":"Weak Potion"},{"floor":40,"key":"Block Potion"},{"floor":47,"key":"Fire Potion"}],"is_trial":false,"path_per_floor":["M","?","?","M","?","E","R","E","T","?","R","E","$","M","R","B",null,"M","M","$","M","M","E","R","E","T","R","M","M","?","E","R","B",null,"M","$","M","M","M","E","?","E","T","$","R","?","E","M","R","B"],"character_chosen":"DEFECT","items_purchased":["Membership Card","Defragment","Reinforced Body+1","Electrodynamics","Kunai","Centennial Puzzle","Frozen Eye","Bandage Up+1","PrismaticShard","Du-Vu Doll","FTL+1","Compile Driver+1","PowerPotion"],"campfire_rested":3,"item_purchase_floors":[13,13,13,20,20,36,36,36,44,44,44,44,44],"current_hp_per_floor":[64,53,53,53,53,53,53,54,54,54,54,39,39,39,39,14,53,53,45,45,45,44,19,38,30,30,30,17,19,66,66,66,2,50,52,52,60,46,54,52,52,50,60,60,76,76,36,35,57,0],"gold":384,"neow_bonus":"THREE_ENEMY_KILL","is_prod":false,"is_daily":false,"chose_seed":false,"campfire_upgraded":4,"win_rate":0,"timestamp":1543767213,"path_taken":["M","?","?","M","?","E","R","E","T","?","R","E","$","M","R","BOSS","M","M","$","M","M","E","R","E","T","R","M","M","?","E","R","BOSS","M","$","M","M","?","E","?","E","T","$","R","?","E","M","R","BOSS"],"build_version":"2018-11-15","purchased_purges":2,"victory":false,"max_hp_per_floor":[71,71,71,71,66,66,66,66,66,66,66,66,66,66,66,66,66,66,66,66,66,66,66,66,66,66,66,66,66,66,66,66,66,66,66,66,66,66,66,66,66,66,76,76,76,76,76,76,76,76],"card_choices":[{"not_picked":["Go for the Eyes","Leap"],"picked":"Ball Lightning","floor":1.0},{"not_picked":["Conserve Battery","Stack"],"picked":"Sweeping Beam","floor":4.0},{"not_picked":["Conserve Battery","Machine Learning"],"picked":"Ball Lightning","floor":6.0},{"not_picked":["Turbo","Double Energy","Doom and Gloom"],"picked":"SKIP","floor":8.0},{"not_picked":["Gash","Skim+1"],"picked":"Chill+1","floor":12.0},{"not_picked":["Beam Cell","Coolheaded+1"],"picked":"Conserve Battery+1","floor":14.0},{"not_picked":["Reboot+1","All For One"],"picked":"Core Surge","floor":16.0},{"not_picked":["Heatsinks","Sunder"],"picked":"Ball Lightning","floor":18.0},{"not_picked":["Hologram+1","Leap+1"],"picked":"Auto Shields+1","floor":19.0},{"not_picked":["FTL","Go for the Eyes"],"picked":"Hologram+1","floor":21.0},{"not_picked":["Rebound","Sweeping Beam"],"picked":"Compile Driver","floor":22.0},{"not_picked":["Sunder","Rebound"],"picked":"Conserve Battery+1","floor":23.0},{"not_picked":["Skim+1","Stack+1","Turbo+1"],"picked":"SKIP","floor":25.0},{"not_picked":["Compile Driver","Hologram+1"],"picked":"Steam+1","floor":28.0},{"not_picked":["Rip and Tear","Barrage"],"picked":"Seek+1","floor":29.0},{"not_picked":["Conserve Battery+1","Rip and Tear","Rebound"],"picked":"SKIP","floor":31.0},{"not_picked":["Machine Learning","Electrodynamics"],"picked":"All For One","floor":33},{"not_picked":["Steam Power+1","Hologram+1"],"picked":"BootSequence+1","floor":35},{"not_picked":["Redo+1","Static Discharge"],"picked":"Reinforced Body+1","floor":37},{"not_picked":["Double Energy+1","Blizzard"],"picked":"Capacitor+1","floor":38},{"not_picked":["Steam Power+1","Sweeping Beam"],"picked":"Coolheaded+1","floor":39},{"not_picked":["Fusion+1","Darkness+1","Sweeping Beam+1"],"picked":"SKIP","floor":40},{"not_picked":["Fusion+1","Hello World","Redo+1"],"picked":"SKIP","floor":42},{"not_picked":["Fire Breathing","Compile Driver+1","Searing Blow+1"],"picked":"SKIP","floor":47},{"not_picked":["Burning Pact+1","Trip+1"],"picked":"Gash+1","floor":48}],"player_experience":574263,"relics_obtained":[{"floor":6.0,"key":"Whetstone"},{"floor":8.0,"key":"Toxic Egg 2"},{"floor":9.0,"key":"Bag of Marbles"},{"floor":12.0,"key":"Bronze Scales"},{"floor":23.0,"key":"Potion Belt"},{"floor":25.0,"key":"Blood Vial"},{"floor":26.0,"key":"MawBank"},{"floor":31.0,"key":"Omamori"},{"floor":40,"key":"Molten Egg 2"},{"floor":42,"key":"Matryoshka"},{"floor":43,"key":"Pear"},{"floor":43,"key":"Ginger"},{"floor":47,"key":"Shuriken"}],"event_choices":[{"damage_healed":0.0,"max_hp_gain":0.0,"max_hp_loss":0.0,"gold_gain":75.0,"event_name":"World of Goop","player_choice":"Gather Gold","floor":2.0,"gold_loss":0.0,"damage_taken":11.0},{"damage_healed":0.0,"max_hp_gain":0.0,"max_hp_loss":0.0,"gold_gain":0.0,"event_name":"Liars Game","player_choice":"Ignored","floor":3.0,"gold_loss":0.0,"damage_taken":0.0},{"damage_healed":0.0,"max_hp_gain":0.0,"max_hp_loss":5.0,"gold_gain":0.0,"event_name":"Golden Idol","player_choice":"Lose Max HP","floor":5.0,"gold_loss":0.0,"damage_taken":0.0,"relics_obtained":["Golden Idol"]},{"cards_removed":["Strike_B"],"damage_healed":0.0,"max_hp_gain":0.0,"max_hp_loss":0.0,"gold_gain":0.0,"event_name":"The Cleric","player_choice":"Card Removal","floor":10.0,"gold_loss":50.0,"damage_taken":0.0},{"cards_removed":["Chill"],"damage_healed":47.0,"max_hp_gain":0.0,"max_hp_loss":0.0,"gold_gain":0.0,"event_name":"Bonfire Elementals","player_choice":"Offered Uncommon","floor":30.0,"gold_loss":0.0,"damage_taken":0.0},{"damage_healed":0,"gold_gain":333,"player_choice":"Gave Idol","damage_taken":0,"max_hp_gain":0,"max_hp_loss":0,"event_name":"The Moai Head","floor":41,"relics_lost":["Golden Idol"],"gold_loss":0},{"damage_healed":19,"gold_gain":0,"player_choice":"Writhe","damage_taken":0,"max_hp_gain":0,"max_hp_loss":0,"event_name":"Winding Halls","floor":46,"gold_loss":0,"cards_obtained":["Writhe"]}],"is_beta":true,"boss_relics":[{"not_picked":["Ectoplasm","Lizard Tail"],"picked":"Empty Cage"},{"not_picked":["Velvet Choker","Busted Crown"],"picked":"Fusion Hammer"}],"items_purged_floors":[36,44],"is_endless":false,"potions_floor_spawned":[4,6,14,21,25,28,29,35,40,47],"killed_by":"Time Eater","ascension_level":14}