{"path_per_floor":["M","$","?","?","?","E","M","R","T","R","$","E","R","T","R","B",null,"M","$","?","?","M","R","M","E","T","R","$","?","R","E","R","B",null,"M","?","M","$","?","R"],"character_chosen":"IRONCLAD","items_purchased":["Inflame","Clash","Energy Potion","Uppercut","Blood Vial","Dramatic Entrance","Dexterity Potion","Rupture","Bronze Scales","Strength Potion","Lantern","Energy Potion","Pen Nib","Anger"],"gold_per_floor":[213,77,77,143,143,177,191,191,491,491,77,105,105,105,105,200,200,210,14,264,189,199,199,213,244,244,244,39,39,39,68,68,170,170,187,187,200,28,28,28],"floor_reached":41,"campfire_rested":4,"playtime":3074,"current_hp_per_floor":[80,80,80,80,68,58,63,80,80,80,80,74,74,74,74,60,80,73,73,73,73,80,80,47,46,46,70,70,70,70,59,80,7,80,80,70,50,50,50,74],"items_purged":[],"gold":28,"play_id":"4e6b9cbf-5728-4b90-8203-536afb3f12a5","is_prod":false,"is_daily":false,"is_ascension_mode":false,"campfire_upgraded":5,"path_taken":["M","$","?","?","?","E","?","R","T","R","$","E","R","?","R","BOSS","M","$","?","?","M","R","M","E","T","R","?","?","R","E","R","BOSS","M","?","M","$","?","R","E"],"build_version":"2018-02-01-PROD3","purchased_purges":0,"victory":false,"master_deck":["Strike_R+1","Strike_R+1","Strike_R+1","Strike_R+1","Strike_R+1","Defend_R+1","Defend_R+1","Defend_R+1","Defend_R+1","Bash","Clothesline","Inflame+1","Clash","Anger","Flex+1","Thunderclap","Uppercut","Dramatic Entrance+1","Rupture","Searing Blow+3","Double Tap","Armaments","Flame Barrier","Clothesline+1","Cleave+1","Clash+1","Sword Boomerang","Flex","Headbutt+1","Double Tap","Infernal Blade+1","Madness","Reckless Charge","Anger","Clash"],"max_hp_per_floor":[80,80,80,80,80,80,80,80,80,80,80,80,80,80,80,80,80,80,80,80,80,80,80,80,80,80,80,80,80,80,80,80,80,80,80,80,80,80,80,80],"relics":["Burning Blood","Dream Catcher","Bird Faced Urn","Old Coin","Blood Vial","War Paint","Anchor","Lizard Tail","Bronze Scales","Prayer Wheel","Shuriken","Lantern","Ornamental Fan","Black Star","Pen Nib"],"card_choices":[{"not_picked":["Battle Trance","Wild Strike"],"picked":"Clothesline"},{"not_picked":["Clothesline","Havoc"],"picked":"Anger"},{"not_picked":["Heavy Blade","True Grit"],"picked":"Flex"},{"not_picked":["Havoc","Pommel Strike"],"picked":"Thunderclap"},{"not_picked":["Anger","Iron Wave"],"picked":"Searing Blow"},{"not_picked":["Barricade","Berserk"],"picked":"Double Tap"},{"not_picked":["Thunderclap","Headbutt"],"picked":"Armaments"},{"not_picked":["Perfected Strike","Intimidate"],"picked":"Flame Barrier"},{"not_picked":["Rampage","Flame Barrier"],"picked":"Clothesline"},{"not_picked":["Pommel Strike","Battle Trance"],"picked":"Cleave"},{"not_picked":["Whirlwind","Anger"],"picked":"Clash"},{"not_picked":["Barricade","Anger"],"picked":"Sword Boomerang"},{"not_picked":["Rage","Feel No Pain"],"picked":"Flex"},{"not_picked":["Dual Wield","Perfected Strike"],"picked":"Headbutt"},{"not_picked":["Berserk","Impervious"],"picked":"Double Tap"},{"not_picked":["Flex","Pommel Strike"],"picked":"Infernal Blade"},{"not_picked":["Cleave","Headbutt"],"picked":"Reckless Charge"},{"not_picked":["Flex","Pommel Strike"],"picked":"Clash"}],"player_experience":96245,"potions_floor_usage":[6,16,16,18,22,25,25,25,31,33],"damage_taken":[{"damage":6,"enemies":"Cultist","floor":1,"turns":3},{"damage":16,"enemies":"Lagavulin","floor":6,"turns":4},{"damage":3,"enemies":"Jaw Worm","floor":7,"turns":3},{"damage":14,"enemies":"3 Sentries","floor":12,"turns":5},{"damage":26,"enemies":"Slime Boss","floor":16,"turns":4},{"damage":14,"enemies":"Chosen","floor":18,"turns":5},{"damage":0,"enemies":"3 Byrds","floor":22,"turns":2},{"damage":41,"enemies":"3 Cultists","floor":24,"turns":5},{"damage":51,"enemies":"Slavers","floor":25,"turns":6},{"damage":23,"enemies":"Book of Stabbing","floor":31,"turns":5},{"damage":81,"enemies":"Champ","floor":33,"turns":10},{"damage":0,"enemies":"Orb Walker","floor":35,"turns":2},{"damage":30,"enemies":"3 Darklings","floor":37,"turns":4},{"damage":89,"enemies":"Giant Head","floor":41,"turns":7}],"event_choices":[{"event_name":"Living Wall","player_choice":"Grow","floor":3,"damage_taken":0},{"event_name":"Golden Wing","player_choice":"Gained Gold","floor":4,"damage_taken":0},{"event_name":"Scrap Ooze","player_choice":"success","floor":5,"damage_taken":12},{"event_name":"Golden Shrine","player_choice":"Desecrate","floor":20,"damage_taken":0},{"event_name":"Beggar","player_choice":"Gave Gold","floor":21,"damage_taken":0},{"event_name":"Back to Basics","player_choice":"Simplicity","floor":29,"damage_taken":0},{"event_name":"Winding Halls","player_choice":"Embrace Madness","floor":36,"damage_taken":0},{"event_name":"Purifier","player_choice":"One Purge","floor":39,"damage_taken":0}],"boss_relics":[{"not_picked":["Ectoplasm","Runic Pyramid"],"picked":"Lizard Tail"},{"not_picked":["Runic Cube","Orrery"],"picked":"Black Star"}],"potions_floor_spawned":[7,12,16,18,24,25],"seed_played":"5092423136182368811","killed_by":"Giant Head","ascension_level":0,"is_trial":false}