{"gold_per_floor":[113,73,73,86,105,105,131,142,165,165,176,195,220,230,230,334,334,349,22,22,35,50,50,83,100,179,189,189,201,232,232,232,337,337,351,351,3,15,15,15,31,56,56,7,7,27,27,46,46,46],"floor_reached":50,"playtime":3378,"items_purged":["Decay"],"score":786,"play_id":"00f98f43-e3ef-4271-b465-6739392550b5","local_time":"20180729134812","is_ascension_mode":true,"campfire_choices":[{"data":"Static Discharge","floor":6.0,"key":"SMITH"},{"data":"Zap","floor":10.0,"key":"SMITH"},{"floor":15.0,"key":"REST"},{"floor":23.0,"key":"REST"},{"floor":32.0,"key":"REST"},{"floor":40.0,"key":"REST"},{"floor":49,"key":"REST"}],"neow_cost":"NONE","seed_source_timestamp":582264260158178,"circlet_count":0,"master_deck":["Strike_B","Strike_B","Strike_B","Strike_B","Defend_B","Defend_B","Defend_B","Zap+1","Dualcast","Static Discharge+1","Beam Cell","Self Repair","Conserve Battery","Beam Cell","Conserve Battery","White Noise","Echo Form","Steam","Conserve Battery","Electrodynamics","Conserve Battery+1","White Noise","Apotheosis","Loop","Auto Shields","Static Discharge","Sunder","Self Repair","Loop","Machine Learning","Storm","Panache","FTL+1","Static Discharge+1","Seek","Writhe","Loop"],"special_seed":0,"relics":["Cracked Core","Dream Catcher","Oddly Smooth Stone","DataDisk","Eternal Feather","Molten Egg 2","Singing Bowl","NlothsMask","Ancient Tea Set","Nuclear Battery","Peace Pipe","Smiling Mask"],"potions_floor_usage":[],"damage_taken":[{"damage":1.0,"enemies":"2 Louse","floor":1.0,"turns":2.0},{"damage":1.0,"enemies":"Cultist","floor":4.0,"turns":3.0},{"damage":0.0,"enemies":"Jaw Worm","floor":5.0,"turns":2.0},{"damage":10.0,"enemies":"3 Sentries","floor":7.0,"turns":6.0},{"damage":11.0,"enemies":"Exordium Thugs","floor":8.0,"turns":3.0},{"damage":16.0,"enemies":"Lots of Slimes","floor":11.0,"turns":5.0},{"damage":6.0,"enemies":"Red Slaver","floor":12.0,"turns":4.0},{"damage":32.0,"enemies":"Gremlin Nob","floor":13.0,"turns":5.0},{"damage":5.0,"enemies":"Looter","floor":14.0,"turns":3.0},{"damage":15.0,"enemies":"The Guardian","floor":16.0,"turns":8.0},{"damage":18.0,"enemies":"Chosen","floor":18.0,"turns":5.0},{"damage":27.0,"enemies":"Shell Parasite","floor":21.0,"turns":4.0},{"damage":15.0,"enemies":"Chosen and Byrds","floor":22.0,"turns":5.0},{"damage":37.0,"enemies":"Gremlin Leader","floor":24.0,"turns":4.0},{"damage":19.0,"enemies":"Centurion and Healer","floor":25.0,"turns":8.0},{"damage":12.0,"enemies":"Cultist and Chosen","floor":27.0,"turns":6.0},{"damage":4.0,"enemies":"3 Cultists","floor":29.0,"turns":4.0},{"damage":41.0,"enemies":"Slavers","floor":30.0,"turns":4.0},{"damage":62.0,"enemies":"Collector","floor":33.0,"turns":10.0},{"damage":28.0,"enemies":"3 Shapes","floor":35.0,"turns":6.0},{"damage":0.0,"enemies":"Orb Walker","floor":38.0,"turns":2.0},{"damage":36.0,"floor":39.0,"turns":5.0},{"damage":33.0,"enemies":"Maw","floor":41.0,"turns":6.0},{"damage":79.0,"enemies":"Nemesis","floor":42.0,"turns":7.0},{"damage":13.0,"enemies":"Sphere and 2 Shapes","floor":46.0,"turns":2.0},{"damage":61,"enemies":"Transient","floor":48,"turns":5},{"damage":80,"enemies":"Time Eater","floor":50,"turns":6}],"seed_played":"2509055923785218354","potions_obtained":[{"floor":2.0,"key":"EssenceOfSteel"},{"floor":2.0,"key":"GamblersBrew"},{"floor":2.0,"key":"SteroidPotion"},{"floor":4.0,"key":"Block Potion"},{"floor":7.0,"key":"Weak Potion"},{"floor":11.0,"key":"SteroidPotion"},{"floor":13.0,"key":"Strength Potion"},{"floor":14.0,"key":"AttackPotion"},{"floor":21.0,"key":"Fire Potion"},{"floor":27.0,"key":"FearPotion"},{"floor":30.0,"key":"Fire Potion"},{"floor":39.0,"key":"Swift Potion"},{"floor":42.0,"key":"Fire Potion"},{"floor":46.0,"key":"Strength Potion"}],"is_trial":false,"path_per_floor":["M","?","?","M","M","R","E","M","T","R","M","M","E","M","R","B",null,"M","$","?","M","M","R","E","M","T","M","?","M","E","?","R","B",null,"M","?","$","M","?","R","M","E","T","$","?","M","?","M","R"],"character_chosen":"DEFECT","items_purchased":["White Noise","Apotheosis","Loop","Storm","Panache","AttackPotion"],"campfire_rested":5,"item_purchase_floors":[19,19,19,37,37,44],"current_hp_per_floor":[74,74,74,73,80,80,77,73,73,73,64,65,47,49,73,65,78,67,67,67,40,39,78,41,43,43,54,54,66,32,32,77,36,75,83,83,83,83,56,92,88,18,18,18,84,71,84,32,78,0],"gold":46,"neow_bonus":"TEN_PERCENT_HP_BONUS","is_prod":false,"is_daily":false,"chose_seed":false,"campfire_upgraded":2,"win_rate":0,"timestamp":1532861292,"path_taken":["M","?","?","M","?","R","E","M","T","R","?","M","E","M","R","BOSS","M","$","?","M","M","R","E","M","T","M","?","M","E","?","R","BOSS","M","?","$","?","?","R","M","E","T","$","?","M","?","M","R","BOSS"],"build_version":"2018-07-26","purchased_purges":1,"victory":false,"max_hp_per_floor":[82,82,82,82,82,82,82,82,82,82,82,82,82,82,82,82,82,82,82,82,82,82,82,82,82,82,84,84,86,86,86,88,88,88,90,90,90,90,92,92,94,96,96,96,84,84,84,86,86,86],"card_choices":[{"not_picked":["Compile Driver","Gash"],"picked":"Static Discharge","floor":1.0},{"not_picked":["Streamline","Stack"],"picked":"Self Repair","floor":4.0},{"not_picked":["Beam Cell","FTL"],"picked":"Conserve Battery","floor":5.0},{"not_picked":["Barrage","Compile Driver"],"picked":"Beam Cell","floor":7.0},{"not_picked":["Barrage","Redo"],"picked":"Conserve Battery","floor":8.0},{"not_picked":["Compile Driver","Sweeping Beam"],"picked":"White Noise","floor":11.0},{"not_picked":["Recycle","Conserve Battery"],"picked":"Echo Form","floor":12.0},{"not_picked":["Streamline","Reinforced Body","Barrage"],"picked":"SKIP","floor":13.0},{"not_picked":["Blizzard","Chill"],"picked":"Steam","floor":14.0},{"not_picked":["Skim","Gash"],"picked":"Conserve Battery","floor":15.0},{"not_picked":["Biased Cognition","Meteor Strike"],"picked":"Electrodynamics","floor":16.0},{"not_picked":["Rebound","Beam Cell"],"picked":"Conserve Battery+1","floor":18.0},{"not_picked":["Stack","Beam Cell"],"picked":"Auto Shields","floor":21.0},{"not_picked":["Double Energy","Stack"],"picked":"Static Discharge","floor":22.0},{"not_picked":["Reprogram","Genetic Algorithm"],"picked":"Sunder","floor":23.0},{"not_picked":["Reprogram","Biased Cognition"],"picked":"Self Repair","floor":24.0},{"not_picked":["Redo","Steam Power","Turbo"],"picked":"SKIP","floor":25.0},{"not_picked":["Go for the Eyes+1","Rebound+1","Cold Snap+1"],"picked":"Singing Bowl","floor":27.0},{"not_picked":["Compile Driver+1","Ball Lightning+1","Barrage+1"],"picked":"Singing Bowl","floor":29.0},{"not_picked":["Rip and Tear+1","Skim"],"picked":"Loop","floor":30.0},{"not_picked":["Coolheaded","Redo","Ball Lightning+1"],"picked":"Singing Bowl","floor":32.0},{"not_picked":["Meteor Strike+1","Hyperbeam+1"],"picked":"Machine Learning","floor":33.0},{"not_picked":["Skim+1","Leap","Sweeping Beam+1"],"picked":"Singing Bowl","floor":35.0},{"not_picked":["Coolheaded+1","Blizzard+1"],"picked":"FTL+1","floor":38.0},{"not_picked":["Skim","Reinforced Body","Streamline+1"],"picked":"Singing Bowl","floor":39.0},{"not_picked":["Steam Power","Steam+1"],"picked":"Static Discharge+1","floor":40.0},{"not_picked":["Genetic Algorithm","Streamline+1","Sweeping Beam+1"],"picked":"Singing Bowl","floor":41.0},{"not_picked":["Blizzard+1","Steam","Lockon+1"],"picked":"Singing Bowl","floor":42.0},{"not_picked":["Gash+1","Sweeping Beam+1"],"picked":"Seek","floor":46.0},{"not_picked":["Compile Driver+1","Scrape+1","Fusion+1"],"picked":"Singing Bowl","floor":48},{"not_picked":["Turbo","Skim+1"],"picked":"Loop","floor":49}],"player_experience":613114,"relics_obtained":[{"floor":7.0,"key":"Dream Catcher"},{"floor":9.0,"key":"Oddly Smooth Stone"},{"floor":13.0,"key":"DataDisk"},{"floor":24.0,"key":"Molten Egg 2"},{"floor":26.0,"key":"Singing Bowl"},{"floor":30.0,"key":"Ancient Tea Set"},{"floor":39.0,"key":"Peace Pipe"},{"floor":42.0,"key":"Smiling Mask"}],"event_choices":[{"event_name":"The Woman in Blue","player_choice":"Bought 3 Potions","floor":2.0,"damage_taken":0.0},{"event_name":"Transmorgrifier","player_choice":"Transform","floor":3.0,"damage_taken":0.0},{"event_name":"Beggar","player_choice":"Ignored","floor":20.0,"damage_taken":0.0},{"event_name":"FaceTrader","player_choice":"Trade","floor":28.0,"damage_taken":0.0},{"event_name":"Wheel of Change","player_choice":"Curse","floor":31.0,"damage_taken":0.0},{"event_name":"Tomb of Lord Red Mask","player_choice":"Ignored","floor":36.0,"damage_taken":0.0},{"event_name":"MindBloom","player_choice":"Fight","floor":39.0,"damage_taken":0.0},{"event_name":"The Moai Head","player_choice":"Heal","floor":45.0,"damage_taken":0.0},{"event_name":"Winding Halls","player_choice":"Writhe","floor":47.0,"damage_taken":0.0}],"is_beta":false,"boss_relics":[{"not_picked":["Philosopher\u0027s Stone","Cursed Key"],"picked":"Eternal Feather"},{"not_picked":["Tiny House","Runic Dome"],"picked":"Nuclear Battery"}],"items_purged_floors":[37],"is_endless":false,"potions_floor_spawned":[4,7,11,13,14,21,27,30,39,42,46],"killed_by":"Time Eater","ascension_level":8}