{"gold_per_floor":[116,19,294,112,127,127,138,108,108,8,38,38,64,64,64,138,138,158,158,158,172,69,69,69,103,126,144,144,178,178,208,208,285,285,300,300,300,317,317,317,342,361,361,361,396,396,396,409,409,409,409,409,409,7,39,39],"floor_reached":56,"playtime":3036,"items_purged":["Regret","Strike_R"],"score":2030,"play_id":"cab7d3ca-1d67-4c56-ade9-f3c300b1752c","local_time":"20190421210436","is_ascension_mode":true,"campfire_choices":[{"data":"Discovery","floor":6.0,"key":"SMITH"},{"data":"Whirlwind","floor":12.0,"key":"SMITH"},{"data":"True Grit","floor":15,"key":"SMITH"},{"data":"Armaments","floor":23,"key":"SMITH"},{"data":"Demon Form","floor":28,"key":"SMITH"},{"data":"Discovery","floor":30,"key":"SMITH"},{"data":"Shrug It Off","floor":32,"key":"SMITH"},{"data":"Offering","floor":40,"key":"SMITH"},{"floor":46,"key":"RECALL"},{"data":"Battle Trance","floor":49,"key":"SMITH"},{"data":"Evolve","floor":53,"key":"SMITH"}],"neow_cost":"NONE","seed_source_timestamp":491044126614400,"circlet_count":0,"master_deck":["AscendersBane","True Grit+1","Discovery+1","Shrug It Off+1","Battle Trance+1","Second Wind","Whirlwind+1","Offering","Spot Weakness","Demon Form+1","Evolve+1","Flame Barrier","Double Tap","Armaments+1","Discovery+1","Flame Barrier+1","Reaper","Offering+1","Heavy Blade","Reckless Charge","Ghostly Armor","Spot Weakness","Body Slam+1","Pummel","True Grit","Sword Boomerang","Heavy Blade+1"],"special_seed":0,"relics":["Burning Blood","NeowsBlessing","FossilizedHelix","Juzu Bracelet","Whetstone","Mark of Pain","The Courier","Omamori","Bag of Preparation","Turnip","Pandora\u0027s Box","Ancient Tea Set","Red Skull","Pocketwatch","Lantern","Bronze Scales"],"potions_floor_usage":[18,25,29,48,55],"damage_taken":[{"damage":0.0,"enemies":"Cultist","floor":1.0,"turns":1.0},{"damage":0.0,"enemies":"Jaw Worm","floor":5.0,"turns":1.0},{"damage":0.0,"enemies":"2 Louse","floor":7.0,"turns":1.0},{"damage":0.0,"enemies":"Gremlin Nob","floor":11.0,"turns":4.0},{"damage":0.0,"enemies":"3 Sentries","floor":13.0,"turns":1.0},{"damage":7,"enemies":"The Guardian","floor":16,"turns":15},{"damage":20,"enemies":"Shell Parasite","floor":18,"turns":4},{"damage":7,"enemies":"Spheric Guardian","floor":21,"turns":6},{"damage":5,"enemies":"Gremlin Leader","floor":25,"turns":5},{"damage":5,"enemies":"3 Cultists","floor":27,"turns":4},{"damage":10,"enemies":"Book of Stabbing","floor":29,"turns":5},{"damage":32,"enemies":"Slavers","floor":31,"turns":3},{"damage":18,"enemies":"Champ","floor":33,"turns":12},{"damage":33,"enemies":"3 Darklings","floor":35,"turns":4},{"damage":6,"enemies":"Orb Walker","floor":38,"turns":2},{"damage":96,"enemies":"Giant Head","floor":41,"turns":8},{"damage":16,"enemies":"Transient","floor":42,"turns":6},{"damage":28,"enemies":"Nemesis","floor":45,"turns":13},{"damage":36,"enemies":"Spire Growth","floor":48,"turns":4},{"damage":75,"enemies":"Awakened One","floor":50,"turns":8},{"damage":68,"enemies":"Time Eater","floor":51,"turns":9},{"damage":81,"enemies":"Shield and Spear","floor":55,"turns":13},{"damage":108,"enemies":"The Heart","floor":56,"turns":5}],"seed_played":"6708416448827244196","potions_obtained":[{"floor":8.0,"key":"Poison Potion"},{"floor":8.0,"key":"Fruit Juice"},{"floor":11.0,"key":"Explosive Potion"},{"floor":13.0,"key":"GamblersBrew"},{"floor":16,"key":"Regen Potion"},{"floor":21,"key":"Energy Potion"},{"floor":33,"key":"EssenceOfSteel"},{"floor":42,"key":"AttackPotion"},{"floor":48,"key":"SpeedPotion"}],"is_trial":false,"path_per_floor":["M","$","?","$","M","R","M","?","T","$","E","R","E","?","R","B",null,"M","?","?","M","$","R","?","E","T","M","R","E","R","E","R","B",null,"M","?","?","M","?","R","E","M","T","?","E","R","$","M","R","B","B",null,"R","$","E","B"],"character_chosen":"IRONCLAD","items_purchased":["Discovery","Shrug It Off","Battle Trance","Discovery","Pocketwatch","Lantern"],"campfire_rested":0,"item_purchase_floors":[2,4,4,22,54,54],"current_hp_per_floor":[74,74,74,74,75,75,75,80,80,80,80,80,80,80,80,79,80,71,71,71,70,70,70,70,71,71,72,72,68,68,42,42,80,80,80,80,80,80,80,80,30,60,60,60,75,75,75,80,80,80,44,71,71,71,60,0],"gold":39,"neow_bonus":"THREE_ENEMY_KILL","is_prod":false,"is_daily":false,"chose_seed":false,"campfire_upgraded":10,"win_rate":0,"timestamp":1555848276,"path_taken":["M","$","?","$","M","R","?","?","T","?","E","R","E","?","R","BOSS","M","?","?","M","$","R","?","E","T","M","R","E","R","E","R","BOSS","M","?","?","M","?","R","E","M","T","?","E","R","$","M","R","BOSS","BOSS","R","$","E","BOSS"],"build_version":"2019-01-23","purchased_purges":2,"victory":false,"max_hp_per_floor":[75,75,75,75,75,75,75,80,80,80,80,80,80,80,80,80,80,80,80,80,80,80,80,80,80,80,80,80,80,80,80,80,80,80,80,80,80,80,80,80,80,80,80,80,80,80,80,80,80,80,80,80,80,80,80,80],"card_choices":[{"not_picked":["Flex","Cleave"],"picked":"True Grit","floor":1.0},{"not_picked":["Power Through","Blood for Blood"],"picked":"Second Wind","floor":5.0},{"not_picked":["Iron Wave","Pummel"],"picked":"Whirlwind","floor":7.0},{"not_picked":["Havoc","Sword Boomerang"],"picked":"Offering","floor":11.0},{"not_picked":["Warcry","Thunderclap"],"picked":"Spot Weakness","floor":13.0},{"not_picked":["Dark Embrace","Juggernaut"],"picked":"Demon Form","floor":16},{"not_picked":["Infernal Blade","Cleave","Sentinel"],"picked":"SKIP","floor":18},{"not_picked":["Infernal Blade","Cleave","Sentinel"],"picked":"SKIP","floor":18},{"not_picked":["Infernal Blade","Cleave","Sentinel"],"picked":"SKIP","floor":18},{"not_picked":["Fire Breathing","Metallicize"],"picked":"Armaments","floor":21},{"not_picked":["Body Slam","Rupture"],"picked":"Flame Barrier+1","floor":25},{"not_picked":["Heavy Blade","Headbutt"],"picked":"Sword Boomerang+1","floor":27},{"not_picked":["Anger","Iron Wave","Sword Boomerang"],"picked":"SKIP","floor":29},{"not_picked":["Feel No Pain","Flex"],"picked":"Reaper","floor":31},{"not_picked":["Impervious","Exhume"],"picked":"Offering","floor":33},{"not_picked":["Corruption+1","Infernal Blade","Sword Boomerang"],"picked":"SKIP","floor":35},{"not_picked":["Battle Trance","Twin Strike","Rampage+1"],"picked":"SKIP","floor":38},{"not_picked":["Clothesline","Fire Breathing","Havoc"],"picked":"SKIP","floor":41},{"not_picked":["Anger","Bloodletting"],"picked":"True Grit","floor":42},{"not_picked":["Pommel Strike","Hemokinesis"],"picked":"Sword Boomerang","floor":45},{"not_picked":["Combust+1","Body Slam+1"],"picked":"Heavy Blade+1","floor":48},{"not_picked":["Pummel","Warcry+1","Clash"],"picked":"SKIP","floor":55}],"player_experience":3285739,"relics_obtained":[{"floor":9.0,"key":"FossilizedHelix"},{"floor":11.0,"key":"Juzu Bracelet"},{"floor":13.0,"key":"Whetstone"},{"floor":25,"key":"The Courier"},{"floor":26,"key":"Omamori"},{"floor":29,"key":"Bag of Preparation"},{"floor":31,"key":"Turnip"},{"floor":41,"key":"Ancient Tea Set"},{"floor":45,"key":"Red Skull"},{"floor":55,"key":"Bronze Scales"}],"event_choices":[{"damage_healed":0.0,"max_hp_gain":0.0,"max_hp_loss":0.0,"gold_gain":275.0,"event_name":"Golden Shrine","player_choice":"Desecrate","floor":3.0,"gold_loss":0.0,"damage_taken":0.0,"cards_obtained":["Regret"]},{"damage_healed":0.0,"max_hp_gain":0.0,"max_hp_loss":0.0,"gold_gain":0.0,"event_name":"The Woman in Blue","player_choice":"Bought 2 Potions","floor":8.0,"gold_loss":0.0,"damage_taken":0.0},{"damage_healed":0,"gold_gain":0,"player_choice":"Leave","damage_taken":0,"max_hp_gain":0,"max_hp_loss":0,"event_name":"The Cleric","floor":14,"gold_loss":0},{"damage_healed":0,"gold_gain":0,"player_choice":"Read","damage_taken":0,"max_hp_gain":0,"max_hp_loss":0,"event_name":"The Library","floor":19,"gold_loss":0,"cards_obtained":["Evolve"]},{"damage_healed":0,"gold_gain":0,"cards_transformed":["Strike_R","Strike_R"],"player_choice":"Became Test Subject","damage_taken":0,"max_hp_gain":0,"max_hp_loss":0,"event_name":"Drug Dealer","floor":20,"gold_loss":0,"cards_obtained":["Flame Barrier","Double Tap"]},{"damage_healed":0,"gold_gain":0,"player_choice":"Ignored","damage_taken":0,"max_hp_gain":0,"max_hp_loss":0,"event_name":"The Mausoleum","floor":24,"gold_loss":0},{"damage_healed":0,"gold_gain":0,"player_choice":"Ignored","damage_taken":0,"max_hp_gain":0,"max_hp_loss":0,"event_name":"Tomb of Lord Red Mask","floor":36,"gold_loss":0},{"cards_removed":["Sword Boomerang"],"damage_healed":0,"gold_gain":0,"player_choice":"Removed Attack","damage_taken":0,"max_hp_gain":0,"max_hp_loss":0,"event_name":"Falling","floor":37,"gold_loss":0},{"cards_removed":["Bash"],"damage_healed":0,"gold_gain":0,"player_choice":"Purged","damage_taken":0,"max_hp_gain":0,"max_hp_loss":0,"event_name":"Purifier","floor":39,"gold_loss":0},{"damage_healed":0,"gold_gain":0,"player_choice":"Upgraded","damage_taken":0,"max_hp_gain":0,"max_hp_loss":0,"event_name":"Upgrade Shrine","floor":44,"gold_loss":0,"cards_upgraded":["Body Slam"]}],"is_beta":false,"boss_relics":[{"not_picked":["Orrery","Black Star"],"picked":"Mark of Pain"},{"not_picked":["Philosopher\u0027s Stone","White Beast Statue"],"picked":"Pandora\u0027s Box"}],"items_purged_floors":[4,10],"is_endless":false,"potions_floor_spawned":[11,13,16,21,33,42,48],"killed_by":"The Heart","ascension_level":20}