{"gold_per_floor":[119,132,43,62,80,80,114,114,114,114,131,131,162,179,179,277,277,249,18,18,29,29,61,61,77,77,104,123,153,165,178,178,273,273,286,186,196,196,2,2,14,14,14,40,40,66,66,100,100,100],"floor_reached":51,"playtime":2280,"items_purged":["Strike_B","Defend_B","Defend_B"],"score":1013,"play_id":"bdcb1c1a-bb9b-404b-8f6e-635dd16bdc7f","local_time":"20190216122150","is_ascension_mode":true,"campfire_choices":[{"data":"Streamline","floor":6,"key":"SMITH"},{"floor":10,"key":"DIG"},{"data":"Defragment","floor":12,"key":"SMITH"},{"data":"Strike_B","floor":15,"key":"PURGE"},{"data":"Strike_B","floor":24,"key":"PURGE"},{"floor":32,"key":"REST"},{"data":"Loop","floor":40,"key":"PURGE"},{"data":"Defend_B","floor":42,"key":"PURGE"},{"data":"Defend_B","floor":47,"key":"PURGE"},{"data":"Strike_B","floor":49,"key":"PURGE"}],"neow_cost":"TEN_PERCENT_HP_LOSS","seed_source_timestamp":179897645892400,"circlet_count":0,"master_deck":["Zap","Dualcast","Cold Snap","Streamline+1","Discovery","Blizzard","Turbo","Glacier","Capacitor","Defragment+1","Coolheaded","Amplify","Capacitor","Reinforced Body+1","Defragment","Consume","Coolheaded+1","Coolheaded+1","Reboot","Cold Snap+1","Double Energy+1","Consume","Consume+1","Barrage+1"],"relics":["Cracked Core","Prayer Wheel","Singing Bowl","Shovel","Mango","Pocketwatch","Peace Pipe","Fusion Hammer","Potion Belt","CultistMask","Ornamental Fan","Vajra","Bag of Marbles","Nunchaku","Inserter","Bottled Flame","Lantern","Regal Pillow","Gambling Chip"],"potions_floor_usage":[18,23,29,29,30,30,30,31,31,48,50,50],"damage_taken":[{"damage":0,"enemies":"Cultist","floor":1,"turns":4},{"damage":6,"enemies":"2 Louse","floor":2,"turns":3},{"damage":2,"enemies":"Jaw Worm","floor":4,"turns":3},{"damage":11,"enemies":"Lots of Slimes","floor":5,"turns":6},{"damage":5,"enemies":"Lagavulin","floor":7,"turns":8},{"damage":7,"enemies":"Exordium Thugs","floor":11,"turns":3},{"damage":0,"enemies":"3 Sentries","floor":13,"turns":7},{"damage":18,"enemies":"Looter","floor":14,"turns":3},{"damage":13,"enemies":"Hexaghost","floor":16,"turns":10},{"damage":7,"enemies":"2 Thieves","floor":18,"turns":5},{"damage":1,"enemies":"Chosen","floor":21,"turns":8},{"damage":3,"enemies":"Book of Stabbing","floor":23,"turns":6},{"damage":0,"enemies":"Snecko","floor":25,"turns":7},{"damage":6,"enemies":"Gremlin Leader","floor":27,"turns":10},{"damage":26,"enemies":"Centurion and Healer","floor":28,"turns":4},{"damage":44,"enemies":"Slavers","floor":29,"turns":5},{"damage":12,"enemies":"Snake Plant","floor":30,"turns":5},{"damage":1,"enemies":"Cultist and Chosen","floor":31,"turns":10},{"damage":12,"enemies":"Collector","floor":33,"turns":14},{"damage":0,"enemies":"Orb Walker","floor":35,"turns":5},{"damage":7,"enemies":"3 Darklings","floor":37,"turns":7},{"damage":0,"enemies":"Spire Growth","floor":41,"turns":7},{"damage":5,"enemies":"Reptomancer","floor":44,"turns":11},{"damage":3,"enemies":"Giant Head","floor":46,"turns":11},{"damage":2,"enemies":"Reptomancer","floor":48,"turns":7},{"damage":0,"enemies":"Awakened One","floor":50,"turns":15}],"seed_played":"5721256686027877964","potions_obtained":[{"floor":1,"key":"EntropicBrew"},{"floor":11,"key":"Energy Potion"},{"floor":13,"key":"Poison Potion"},{"floor":29,"key":"PowerPotion"},{"floor":30,"key":"Poison Potion"},{"floor":31,"key":"FocusPotion"},{"floor":33,"key":"Ancient Potion"},{"floor":37,"key":"Block Potion"},{"floor":44,"key":"Fire Potion"}],"is_trial":false,"path_per_floor":["M","M","$","M","M","R","E","T","T","R","M","R","E","M","R","B",null,"M","$","?","M","?","E","R","M","T","E","M","E","M","M","R","B",null,"M","$","M","?","$","R","M","R","T","E","?","E","R","E","R","B",null],"character_chosen":"DEFECT","items_purchased":["Discovery","Potion Belt","Consume"],"campfire_rested":1,"item_purchase_floors":[3,19,39],"current_hp_per_floor":[68,62,62,60,49,49,46,46,60,60,53,53,55,41,41,28,90,85,85,85,86,86,85,85,87,87,83,59,15,5,6,37,25,106,110,110,103,103,103,103,105,105,105,102,102,99,99,99,99,99],"gold":100,"neow_bonus":"ONE_RARE_RELIC","is_prod":false,"is_daily":false,"chose_seed":false,"campfire_upgraded":2,"win_rate":0,"timestamp":1550287310,"path_taken":["M","?","?","M","?","R","E","?","T","R","M","R","E","M","R","BOSS","M","$","?","M","?","E","R","M","T","E","M","E","?","M","R","BOSS","M","$","M","?","$","R","M","R","T","E","?","E","R","E","R","BOSS"],"build_version":"2019-01-23","purchased_purges":3,"victory":true,"max_hp_per_floor":[68,68,68,68,68,68,70,70,84,84,84,84,86,90,90,90,90,92,92,92,94,94,96,96,98,98,100,102,102,104,106,106,106,106,110,110,110,110,110,110,112,112,112,114,108,108,108,110,110,110],"card_choices":[{"not_picked":["Auto Shields","Ball Lightning"],"picked":"Cold Snap","floor":1},{"not_picked":["Undo","Fusion","Stack"],"picked":"SKIP","floor":1},{"not_picked":["Rebound","Aggregate"],"picked":"Loop","floor":2},{"not_picked":["Barrage","Lockon"],"picked":"Streamline","floor":2},{"not_picked":["Stack","Skim"],"picked":"Blizzard","floor":4},{"not_picked":["Sweeping Beam","Stack"],"picked":"Turbo","floor":4},{"not_picked":["Thunder Strike","Leap"],"picked":"Glacier","floor":5},{"not_picked":["Gash","Rip and Tear"],"picked":"Capacitor","floor":5},{"not_picked":["Beam Cell","Streamline","Reinforced Body"],"picked":"Singing Bowl","floor":7},{"not_picked":["Turbo","Beam Cell"],"picked":"Defragment","floor":11},{"not_picked":["Chaos","Static Discharge"],"picked":"Coolheaded","floor":11},{"not_picked":["Redo","Ball Lightning","Reinforced Body"],"picked":"Singing Bowl","floor":13},{"not_picked":["Machine Learning","Cold Snap","Static Discharge"],"picked":"Singing Bowl","floor":14},{"not_picked":["Turbo","Tempest","Hologram"],"picked":"Singing Bowl","floor":14},{"not_picked":["Thunder Strike","Echo Form"],"picked":"Amplify","floor":16},{"not_picked":["Streamline+1","Rebound","Go for the Eyes+1"],"picked":"Singing Bowl","floor":18},{"not_picked":["Go for the Eyes","Turbo"],"picked":"Capacitor","floor":18},{"not_picked":["Barrage","Turbo","Auto Shields"],"picked":"Singing Bowl","floor":21},{"not_picked":["Turbo+1","Auto Shields"],"picked":"Reinforced Body+1","floor":21},{"not_picked":["Turbo","BootSequence","Leap"],"picked":"Singing Bowl","floor":23},{"not_picked":["Genetic Algorithm","White Noise"],"picked":"Defragment","floor":25},{"not_picked":["Force Field+1","Compile Driver","Fusion"],"picked":"Singing Bowl","floor":25},{"not_picked":["Stack","Amplify","Rebound"],"picked":"Singing Bowl","floor":27},{"not_picked":["Fusion","Doom and Gloom+1"],"picked":"Loop","floor":28},{"not_picked":["Sweeping Beam","Compile Driver","Skim"],"picked":"Singing Bowl","floor":28},{"not_picked":["Tempest","Redo+1"],"picked":"Consume","floor":29},{"not_picked":["Darkness","Sweeping Beam"],"picked":"Coolheaded+1","floor":30},{"not_picked":["Reprogram+1","Coolheaded","Rip and Tear+1"],"picked":"Singing Bowl","floor":30},{"not_picked":["Steam","Rebound","Beam Cell"],"picked":"Singing Bowl","floor":31},{"not_picked":["Fusion","Conserve Battery+1"],"picked":"Coolheaded+1","floor":31},{"not_picked":["Multi-Cast","Thunder Strike"],"picked":"Reboot","floor":33},{"not_picked":["Redo","BootSequence+1","Stack"],"picked":"Singing Bowl","floor":35},{"not_picked":["Lockon","Steam Power+1","Reprogram"],"picked":"Singing Bowl","floor":35},{"not_picked":["Reinforced Body","Leap+1"],"picked":"Cold Snap+1","floor":37},{"not_picked":["Steam","Rip and Tear"],"picked":"Double Energy+1","floor":37},{"not_picked":["Biased Cognition","Turbo+1","Steam+1"],"picked":"Singing Bowl","floor":41},{"not_picked":["Gash+1","Coolheaded+1"],"picked":"Consume+1","floor":41},{"not_picked":["Heatsinks","Beam Cell+1","Lockon"],"picked":"Singing Bowl","floor":44},{"not_picked":["Meteor Strike","Cold Snap"],"picked":"Barrage+1","floor":46},{"not_picked":["Ball Lightning+1","Defragment","Conserve Battery"],"picked":"Singing Bowl","floor":48}],"player_experience":66929,"relics_obtained":[{"floor":7,"key":"Singing Bowl"},{"floor":8,"key":"Shovel"},{"floor":9,"key":"Mango"},{"floor":10,"key":"Pocketwatch"},{"floor":13,"key":"Peace Pipe"},{"floor":23,"key":"Ornamental Fan"},{"floor":26,"key":"Vajra"},{"floor":27,"key":"Bag of Marbles"},{"floor":29,"key":"Nunchaku"},{"floor":43,"key":"Bottled Flame"},{"floor":44,"key":"Lantern"},{"floor":46,"key":"Regal Pillow"},{"floor":48,"key":"Gambling Chip"}],"event_choices":[{"damage_healed":0,"gold_gain":0,"player_choice":"Ignored","damage_taken":0,"max_hp_gain":0,"max_hp_loss":0,"event_name":"Vampires","floor":20,"gold_loss":0},{"damage_healed":0,"gold_gain":0,"player_choice":"Trade","damage_taken":0,"relics_obtained":["CultistMask"],"max_hp_gain":0,"max_hp_loss":0,"event_name":"FaceTrader","floor":22,"gold_loss":0},{"cards_removed":["Loop"],"damage_healed":0,"gold_gain":0,"player_choice":"Removed Power","damage_taken":0,"max_hp_gain":0,"max_hp_loss":0,"event_name":"Falling","floor":38,"gold_loss":0},{"damage_healed":0,"gold_gain":0,"player_choice":"Max HP","damage_taken":0,"max_hp_gain":0,"max_hp_loss":6,"event_name":"Winding Halls","floor":45,"gold_loss":0}],"is_beta":false,"boss_relics":[{"not_picked":["Calling Bell","FrozenCore"],"picked":"Fusion Hammer"},{"not_picked":["Eternal Feather","Cursed Key"],"picked":"Inserter"}],"items_purged_floors":[19,36,39],"is_endless":false,"potions_floor_spawned":[1,11,13,29,30,31,33,37,44],"ascension_level":2}