{"gold_per_floor":[112,126,137,137,147,147,173,173,200,213,241,85,8,37,37,108,108,122,122,136,136,136],"floor_reached":22,"playtime":480,"items_purged":["Strike_R"],"score":508,"play_id":"eafb3530-d5c1-4680-bf58-88a2369ff7d4","local_time":"20190410144724","is_ascension_mode":true,"campfire_choices":[{"data":"Fiend Fire","floor":6.0,"key":"SMITH"},{"data":"Bash","floor":8.0,"key":"SMITH"},{"data":"Spot Weakness","floor":15.0,"key":"SMITH"}],"neow_cost":"NONE","seed_source_timestamp":305185506383900,"circlet_count":0,"master_deck":["AscendersBane","Bash+1","Spot Weakness+1","Armaments+1","Fiend Fire+1","Whirlwind","Corruption","Feel No Pain","Entrench","Infernal Blade","Barricade","Searing Blow","Uppercut","Perfected Strike","Demon Form","Rampage","Spot Weakness","Armaments","Battle Trance","Armaments"],"special_seed":0,"relics":["Burning Blood","NeowsBlessing","Bronze Scales","Bag of Marbles","Lantern","Ice Cream","Pandora\u0027s Box"],"potions_floor_usage":[16,22],"damage_taken":[{"damage":0.0,"enemies":"Cultist","floor":1.0,"turns":1.0},{"damage":0.0,"enemies":"Jaw Worm","floor":2.0,"turns":1.0},{"damage":0.0,"enemies":"Small Slimes","floor":3.0,"turns":1.0},{"damage":18.0,"enemies":"Blue Slaver","floor":5.0,"turns":4.0},{"damage":0.0,"enemies":"Gremlin Nob","floor":7.0,"turns":2.0},{"damage":0.0,"enemies":"Red Slaver","floor":10.0,"turns":1.0},{"damage":20.0,"enemies":"3 Sentries","floor":11.0,"turns":5.0},{"damage":0.0,"enemies":"Lagavulin","floor":14.0,"turns":6.0},{"damage":56,"enemies":"Hexaghost","floor":16,"turns":8},{"damage":30,"enemies":"2 Thieves","floor":18,"turns":3},{"damage":5,"enemies":"Spheric Guardian","floor":20,"turns":4},{"damage":47,"enemies":"Snake Plant","floor":22,"turns":4}],"seed_played":"-7107638771315991420","potions_obtained":[{"floor":2.0,"key":"AttackPotion"},{"floor":3.0,"key":"Poison Potion"},{"floor":7.0,"key":"AttackPotion"},{"floor":16,"key":"Regen Potion"}],"is_trial":false,"path_per_floor":["M","M","M","?","M","R","E","R","T","M","E","$","$","E","R","B",null,"M","?","M","?","M"],"character_chosen":"IRONCLAD","items_purchased":["Feel No Pain","Entrench"],"campfire_rested":0,"item_purchase_floors":[12,13],"current_hp_per_floor":[74,75,75,75,63,63,69,69,69,75,61,61,61,67,67,17,61,37,37,38,38,0],"gold":136,"neow_bonus":"THREE_ENEMY_KILL","is_prod":false,"is_daily":false,"chose_seed":false,"campfire_upgraded":3,"win_rate":0,"timestamp":1554875244,"path_taken":["M","M","?","?","M","R","E","R","T","?","E","?","$","E","R","BOSS","M","?","?","?","M"],"build_version":"2019-01-23","purchased_purges":1,"victory":false,"max_hp_per_floor":[75,75,75,75,75,75,75,75,75,75,75,75,75,75,75,75,75,75,75,75,75,75],"card_choices":[{"not_picked":["Heavy Blade","Infernal Blade"],"picked":"Spot Weakness","floor":1.0},{"not_picked":["Uppercut","Wild Strike","Dual Wield"],"picked":"SKIP","floor":2.0},{"not_picked":["Reckless Charge","Cleave"],"picked":"Armaments","floor":3.0},{"not_picked":["Heavy Blade","Pommel Strike"],"picked":"Fiend Fire","floor":5.0},{"not_picked":["Combust","Seeing Red","Armaments"],"picked":"SKIP","floor":7.0},{"not_picked":["Iron Wave","Entrench"],"picked":"Whirlwind","floor":10.0},{"not_picked":["Clothesline","Anger"],"picked":"Corruption","floor":11.0},{"not_picked":["Havoc","Wild Strike"],"picked":"Infernal Blade","floor":14.0},{"not_picked":["Brutality","Exhume"],"picked":"Barricade","floor":16},{"not_picked":["Carnage","Thunderclap+1","Hemokinesis"],"picked":"SKIP","floor":18},{"not_picked":["Cleave","Flex"],"picked":"Armaments","floor":20}],"player_experience":3034127,"relics_obtained":[{"floor":7.0,"key":"Bronze Scales"},{"floor":9.0,"key":"Bag of Marbles"},{"floor":11.0,"key":"Lantern"},{"floor":14.0,"key":"Ice Cream"}],"event_choices":[{"damage_healed":0.0,"max_hp_gain":0.0,"max_hp_loss":0.0,"gold_gain":0.0,"event_name":"Upgrade Shrine","player_choice":"Upgraded","floor":4.0,"gold_loss":0.0,"damage_taken":0.0,"cards_upgraded":["Armaments"]},{"damage_healed":0,"gold_gain":0,"player_choice":"0 cards matched","damage_taken":0,"max_hp_gain":0,"max_hp_loss":0,"event_name":"Match and Keep!","floor":19,"gold_loss":0,"cards_obtained":[]},{"damage_healed":0,"gold_gain":0,"player_choice":"Ignored","damage_taken":0,"max_hp_gain":0,"max_hp_loss":0,"event_name":"Vampires","floor":21,"gold_loss":0}],"is_beta":false,"boss_relics":[{"not_picked":["Empty Cage","Velvet Choker"],"picked":"Pandora\u0027s Box"}],"items_purged_floors":[12],"is_endless":false,"potions_floor_spawned":[2,3,7,16],"killed_by":"Snake Plant","ascension_level":20}