{"gold_per_floor":[118,118,43,56,56,56,82,82,106,10,29,29,64,75,75,149,149,166,182,182],"floor_reached":20,"playtime":448,"items_purged":[],"score":464,"play_id":"ff7ee4bb-bf1b-4655-bb87-b136073c1782","local_time":"20190405192656","is_ascension_mode":true,"campfire_choices":[{"data":"Defragment","floor":6,"key":"SMITH"},{"data":"Darkness","floor":8,"key":"SMITH"},{"data":"Discovery","floor":12,"key":"SMITH"},{"data":"Consume","floor":15,"key":"SMITH"}],"neow_cost":"NONE","seed_source_timestamp":634844511857300,"circlet_count":0,"master_deck":["AscendersBane","Strike_B","Strike_B","Strike_B","Strike_B","Defend_B","Defend_B","Defend_B","Defend_B","Zap","Dualcast","Defragment+1","Darkness+1","Discovery+1","Self Repair","Consume+1","Lockon","Electrodynamics","Chill","Cold Snap"],"relics":["Cracked Core","NeowsBlessing","Smiling Mask","Happy Flower","Question Card","Vajra","Snecko Eye"],"potions_floor_usage":[14,16,16,18],"damage_taken":[{"damage":0,"enemies":"Small Slimes","floor":1,"turns":1},{"damage":0,"enemies":"2 Louse","floor":4,"turns":1},{"damage":0,"enemies":"3 Sentries","floor":7,"turns":1},{"damage":12,"enemies":"Jaw Worm","floor":11,"turns":3},{"damage":39,"enemies":"Gremlin Nob","floor":13,"turns":4},{"damage":0,"enemies":"Gremlin Gang","floor":14,"turns":3},{"damage":12,"enemies":"Hexaghost","floor":16,"turns":9},{"damage":8,"enemies":"Spheric Guardian","floor":18,"turns":4},{"damage":29,"enemies":"Chosen","floor":19,"turns":6},{"damage":37,"enemies":"Sentry and Sphere","floor":20,"turns":5}],"seed_played":"-4622341284019123389","potions_obtained":[{"floor":7,"key":"Explosive Potion"},{"floor":13,"key":"PowerPotion"},{"floor":14,"key":"SkillPotion"},{"floor":16,"key":"Block Potion"},{"floor":19,"key":"Weak Potion"}],"is_trial":false,"path_per_floor":["M","?","?","M","?","R","E","R","T","$","M","R","E","M","R","B",null,"M","M","M"],"character_chosen":"DEFECT","items_purchased":["Discovery"],"campfire_rested":0,"item_purchase_floors":[10],"current_hp_per_floor":[64,64,64,64,64,64,64,64,64,64,52,52,20,20,20,15,57,56,41,4],"gold":182,"neow_bonus":"THREE_ENEMY_KILL","is_prod":false,"is_daily":false,"chose_seed":false,"campfire_upgraded":4,"win_rate":0,"timestamp":1554460016,"path_taken":["M","?","?","M","?","R","E","R","T","$","M","R","E","M","R","BOSS","M","?","M"],"build_version":"2019-01-23","purchased_purges":0,"victory":false,"max_hp_per_floor":[71,71,71,71,71,71,71,71,71,71,71,71,71,71,71,71,71,71,71,71],"card_choices":[{"not_picked":["Leap","Compile Driver"],"picked":"Defragment","floor":1},{"not_picked":["Barrage","Hello World","Redo"],"picked":"SKIP","floor":4},{"not_picked":["Hello World","Redo"],"picked":"Barrage","floor":4},{"not_picked":["Storm","Tempest"],"picked":"Darkness","floor":7},{"not_picked":["Barrage","Stack","Heatsinks"],"picked":"Self Repair","floor":11},{"not_picked":["Hyperbeam","Compile Driver","Go for the Eyes"],"picked":"Consume","floor":13},{"not_picked":["Undo","Reinforced Body","Hologram"],"picked":"Lockon","floor":14},{"not_picked":["Reboot","Thunder Strike","Amplify"],"picked":"Electrodynamics","floor":16},{"not_picked":["Loop","Streamline","Rebound"],"picked":"Chill","floor":18},{"not_picked":["Aggregate","Steam","Sweeping Beam"],"picked":"Cold Snap","floor":19}],"player_experience":2893930,"relics_obtained":[{"floor":7,"key":"Question Card"},{"floor":13,"key":"Vajra"}],"event_choices":[{"damage_healed":0,"gold_gain":0,"player_choice":"Box","damage_taken":0,"relics_obtained":["Smiling Mask"],"max_hp_gain":0,"max_hp_loss":0,"event_name":"Big Fish","floor":2,"gold_loss":0,"cards_obtained":["Regret"]},{"cards_removed":["Regret"],"damage_healed":0,"gold_gain":0,"player_choice":"Card Removal","damage_taken":0,"max_hp_gain":0,"max_hp_loss":0,"event_name":"The Cleric","floor":3,"gold_loss":75},{"cards_removed":["Barrage"],"damage_healed":0,"gold_gain":0,"player_choice":"Gave Card","damage_taken":0,"relics_obtained":["Happy Flower"],"max_hp_gain":0,"max_hp_loss":0,"event_name":"WeMeetAgain","floor":5,"gold_loss":0}],"is_beta":false,"boss_relics":[{"not_picked":["Fusion Hammer","Runic Pyramid"],"picked":"Snecko Eye"}],"items_purged_floors":[],"is_endless":false,"potions_floor_spawned":[7,13,14,16,19],"killed_by":"Sentry and Sphere","ascension_level":20}