{"path_per_floor":["M","?","$","?","?","R","M","M","T","M","E","M","E","M","R","B",null,"M","M","?","?","?","E","?","R","T","M","$","M","E","M","R"],"character_chosen":"THE_SILENT","items_purchased":["Finesse","Infinite Blades","Regen Potion","Regen Potion"],"gold_per_floor":[109,109,34,34,34,34,54,69,125,145,179,197,231,252,252,373,373,398,411,411,411,326,365,365,365,665,688,309,322,356,379,379],"floor_reached":33,"campfire_rested":0,"playtime":3967,"current_hp_per_floor":[70,70,70,70,53,53,53,53,53,48,30,30,17,17,17,17,70,67,60,44,44,44,26,26,34,34,26,26,31,16,14,26],"items_purged":["Strike_G","Injury"],"gold":379,"play_id":"b63237d4-d33e-4d98-b1c5-21d0f278bf30","is_prod":false,"is_daily":false,"is_ascension_mode":false,"campfire_upgraded":4,"path_taken":["M","?","?","?","?","R","M","M","T","?","E","M","E","M","R","BOSS","M","M","?","?","?","E","?","R","T","M","$","M","E","M","R","BOSS"],"build_version":"2018-01-25-PROD3","purchased_purges":2,"victory":false,"master_deck":["Defend_G","Defend_G","Defend_G","Defend_G","Strike_G","Strike_G","Strike_G","Survivor","Neutralize+1","Quick Slash+1","Adrenaline","Flying Knee","Acrobatics","A Thousand Cuts+1","Heel Hook","Prepared+1","Endless Agony","Choke","After Image","Dagger Spray+1","Dagger Throw","Prepared+1","Infinite Blades","Clumsy","PiercingWail","Finesse","Infinite Blades","Prepared+1","Backflip","Underhanded Strike"],"max_hp_per_floor":[70,70,70,70,70,70,70,70,70,70,70,70,70,70,70,70,70,70,70,70,70,70,70,70,70,70,70,70,70,70,70,70],"relics":["Cursed Key","Golden Idol","Tiny Chest","Molten Egg","Centennial Puzzle","Eternal Feather","Nilry\u0027s Codex","Oddly Smooth Stone","Lantern","Old Coin","Bottled Tornado"],"card_choices":[{"not_picked":["Blade Dance","Dagger Spray"],"picked":"Quick Slash"},{"not_picked":["Calculated Gamble","Deflect"],"picked":"Flying Knee"},{"not_picked":["Masterful Stab","Bouncing Flask"],"picked":"Acrobatics"},{"not_picked":["Escape Plan","Underhanded Strike"],"picked":"A Thousand Cuts"},{"not_picked":["Predator","Crippling Poison"],"picked":"Heel Hook"},{"not_picked":["Flying Knee","Deadly Poison"],"picked":"Prepared"},{"not_picked":["Terror","Dodge and Roll"],"picked":"Endless Agony"},{"not_picked":["Reflex","Acrobatics"],"picked":"Choke"},{"not_picked":["Venomology","Unload"],"picked":"After Image"},{"not_picked":["Dodge and Roll","Poisoned Stab"],"picked":"Dagger Spray"},{"not_picked":["Bane","Burst"],"picked":"Dagger Throw"},{"not_picked":["Catalyst","Bane"],"picked":"Prepared"},{"not_picked":["Sucker Punch","Terror"],"picked":"PiercingWail"},{"not_picked":["Leg Sweep","Dagger Throw"],"picked":"Prepared"},{"not_picked":["Flying Knee","Poisoned Stab"],"picked":"Backflip"},{"not_picked":["Riddle With Holes","Quick Slash"],"picked":"Underhanded Strike"}],"player_experience":53979,"potions_floor_usage":[11,11,18,23,27,29,30,30,33],"damage_taken":[{"damage":0,"enemies":"Small Slimes","floor":1,"turns":4},{"damage":0,"enemies":"Cultist","floor":7,"turns":3},{"damage":0,"enemies":"Blue Slaver","floor":8,"turns":4},{"damage":5,"enemies":"3 Louse","floor":10,"turns":2},{"damage":30,"enemies":"3 Sentries","floor":11,"turns":6},{"damage":0,"enemies":"Exordium Wildlife","floor":12,"turns":2},{"damage":13,"enemies":"Gremlin Nob","floor":13,"turns":3},{"damage":0,"enemies":"Large Slime","floor":14,"turns":3},{"damage":0,"enemies":"Hexaghost","floor":16,"turns":8},{"damage":3,"enemies":"Chosen","floor":18,"turns":3},{"damage":7,"enemies":"3 Byrds","floor":19,"turns":3},{"damage":18,"enemies":"Book of Stabbing","floor":23,"turns":5},{"damage":8,"enemies":"3 Cultists","floor":27,"turns":5},{"damage":7,"enemies":"Slaver and Parasite","floor":29,"turns":5},{"damage":21,"enemies":"Slavers","floor":30,"turns":3},{"damage":2,"enemies":"Snake Plant","floor":31,"turns":4},{"damage":49,"enemies":"Automaton","floor":33,"turns":6}],"event_choices":[{"event_name":"The Lab","player_choice":"Got Potions","floor":2,"damage_taken":0},{"event_name":"Living Wall","player_choice":"Change","floor":4,"damage_taken":0},{"event_name":"Golden Idol","player_choice":"Take Damage","floor":5,"damage_taken":0},{"event_name":"Cursed Tome","player_choice":"Obtained Book","floor":20,"damage_taken":0},{"event_name":"Purifier","player_choice":"One Purge","floor":21,"damage_taken":0},{"event_name":"Addict","player_choice":"Obtained Relic","floor":22,"damage_taken":0},{"event_name":"The Library","player_choice":"Read","floor":24,"damage_taken":0}],"boss_relics":[{"not_picked":["Philosopher\u0027s Stone","Black Star"],"picked":"Eternal Feather"}],"potions_floor_spawned":[1,7,12,13,18,19,31],"seed_played":"-5684972489367095135","killed_by":"Automaton","ascension_level":0,"is_trial":false}