{"gold_per_floor":[111,127,127,127,146,146,176,176,176,193,204,33,65,82,82,158,158,176,176,26,45,61,61,86,86,132,157,198,210,238,277,289,374,386,415,427,449,224,240,240,270,270,293,325,337,370,384,12,12,12],"floor_reached":51,"playtime":3047,"items_purged":["Strike_R+1","Strike_R+1"],"score":1599,"play_id":"dc008285-d365-4652-87b1-f7c6b1521ea1","local_time":"20190112182429","is_ascension_mode":true,"campfire_choices":[{"data":"Immolate","floor":6.0,"key":"SMITH"},{"data":"Bash","floor":8.0,"key":"SMITH"},{"data":"Evolve","floor":15.0,"key":"SMITH"},{"data":"Uppercut","floor":23.0,"key":"SMITH"},{"data":"Immolate","floor":25.0,"key":"SMITH"},{"data":"Spot Weakness","floor":32.0,"key":"SMITH"},{"data":"Inflame","floor":40.0,"key":"SMITH"},{"floor":49.0,"key":"REST"}],"neow_cost":"PERCENT_DAMAGE","seed_source_timestamp":595971750565333,"circlet_count":0,"master_deck":["AscendersBane","Strike_R+1","Strike_R+1","Strike_R+1","Defend_R+1","Defend_R+1","Defend_R+1","Defend_R+1","Bash+1","Immolate+1","Inflame+1","Headbutt","Spot Weakness+1","Evolve+1","Reaper","Uppercut+1","Impervious","Shrug It Off","Burning Pact+1","Immolate+1","Flame Barrier+1","Sword Boomerang+1","Limit Break+1","Exhume","Panacea+1","Heavy Blade","Dark Shackles","Shrug It Off","Mayhem"],"special_seed":0,"relics":["Burning Blood","FossilizedHelix","Pen Nib","Gremlin Horn","Blood Vial","Thread and Needle","Velvet Choker","Red Skull","MawBank","Bag of Marbles","Mummified Hand","White Beast Statue","Centennial Puzzle","Singing Bowl","Strawberry","War Paint","Smiling Mask"],"potions_floor_usage":[50],"damage_taken":[{"damage":4.0,"enemies":"Cultist","floor":1.0,"turns":4.0},{"damage":9.0,"enemies":"Jaw Worm","floor":2.0,"turns":3.0},{"damage":0.0,"enemies":"Small Slimes","floor":5.0,"turns":2.0},{"damage":0.0,"enemies":"Lagavulin","floor":7.0,"turns":5.0},{"damage":0.0,"enemies":"3 Louse","floor":10.0,"turns":1.0},{"damage":6.0,"enemies":"Looter","floor":11.0,"turns":3.0},{"damage":5.0,"enemies":"3 Sentries","floor":13.0,"turns":4.0},{"damage":0.0,"enemies":"Red Slaver","floor":14.0,"turns":3.0},{"damage":52.0,"enemies":"Hexaghost","floor":16.0,"turns":8.0},{"damage":15.0,"enemies":"Spheric Guardian","floor":18.0,"turns":4.0},{"damage":13.0,"enemies":"3 Byrds","floor":21.0,"turns":4.0},{"damage":0.0,"enemies":"Snake Plant","floor":22.0,"turns":4.0},{"damage":22.0,"enemies":"Gremlin Leader","floor":24.0,"turns":6.0},{"damage":6.0,"enemies":"Snecko","floor":27.0,"turns":5.0},{"damage":20.0,"enemies":"Slavers","floor":28.0,"turns":4.0},{"damage":22.0,"enemies":"Cultist and Chosen","floor":30.0,"turns":6.0},{"damage":7.0,"enemies":"Book of Stabbing","floor":31.0,"turns":3.0},{"damage":16.0,"enemies":"Collector","floor":33.0,"turns":5.0},{"damage":0.0,"enemies":"3 Shapes","floor":35.0,"turns":3.0},{"damage":0.0,"enemies":"3 Darklings","floor":37.0,"turns":2.0},{"damage":0.0,"enemies":"Maw","floor":39.0,"turns":7.0},{"damage":9.0,"enemies":"Nemesis","floor":41.0,"turns":5.0},{"damage":106.0,"enemies":"Giant Head","floor":44.0,"turns":7.0},{"damage":0.0,"enemies":"Transient","floor":45.0,"turns":6.0},{"damage":71.0,"enemies":"Nemesis","floor":46.0,"turns":7.0},{"damage":0.0,"enemies":"Spire Growth","floor":47.0,"turns":3.0},{"damage":75,"enemies":"Donu and Deca","floor":50,"turns":8}],"seed_played":"9012125168494928267","potions_obtained":[{"floor":1.0,"key":"Weak Potion"},{"floor":2.0,"key":"SteroidPotion"},{"floor":10.0,"key":"Strength Potion"},{"floor":21.0,"key":"SteroidPotion"},{"floor":33.0,"key":"Block Potion"},{"floor":35.0,"key":"Block Potion"},{"floor":37.0,"key":"EssenceOfSteel"},{"floor":39.0,"key":"Energy Potion"},{"floor":41.0,"key":"Fire Potion"},{"floor":44.0,"key":"SkillPotion"},{"floor":45.0,"key":"LiquidBronze"},{"floor":46.0,"key":"EssenceOfSteel"},{"floor":47.0,"key":"Ancient Potion"}],"is_trial":false,"path_per_floor":["M","M","$","?","M","R","E","R","T","M","M","$","E","M","R","B",null,"M","?","$","M","M","R","E","R","T","M","E","$","M","E","R","B",null,"M","?","M","$","M","R","E","?","T","E","M","E","M","$","R","B",null],"character_chosen":"IRONCLAD","items_purchased":["Blood Vial","Impervious","Centennial Puzzle","Dark Shackles","Shrug It Off","Mayhem"],"campfire_rested":1,"item_purchase_floors":[12,20,38,48,48,48],"current_hp_per_floor":[52,49,49,44,50,50,56,56,56,62,62,62,65,73,73,29,64,57,57,57,58,67,67,75,75,75,75,61,61,47,51,51,43,67,75,71,71,71,71,71,70,67,74,30,86,23,31,31,57,12],"gold":12,"neow_bonus":"THREE_RARE_CARDS","is_prod":false,"is_daily":false,"chose_seed":false,"campfire_upgraded":7,"win_rate":0,"timestamp":1547288669,"path_taken":["M","M","?","?","?","R","E","R","T","?","M","$","E","M","R","BOSS","M","?","$","M","M","R","E","R","T","M","E","$","M","E","R","BOSS","M","?","M","$","M","R","E","?","T","E","M","E","M","$","R","BOSS"],"build_version":"2019-01-10","purchased_purges":2,"victory":true,"max_hp_per_floor":[75,75,75,75,75,75,75,75,75,75,75,75,75,75,75,75,75,75,75,75,75,75,75,75,75,75,75,75,75,75,75,75,75,75,75,71,71,71,71,71,73,75,82,84,86,88,88,88,88,88],"card_choices":[{"not_picked":["Fiend Fire","Limit Break"],"picked":"Immolate","floor":0.0},{"not_picked":["Bloodletting","Clash","Thunderclap"],"picked":"SKIP","floor":1.0},{"not_picked":["Anger","True Grit"],"picked":"Inflame","floor":2.0},{"not_picked":["Heavy Blade","Pummel"],"picked":"Headbutt","floor":5.0},{"not_picked":["Sword Boomerang","Perfected Strike"],"picked":"Spot Weakness","floor":7.0},{"not_picked":["Armaments","Evolve","Thunderclap"],"picked":"SKIP","floor":10.0},{"not_picked":["Anger","Heavy Blade","Pommel Strike"],"picked":"SKIP","floor":11.0},{"not_picked":["Seeing Red","Blood for Blood"],"picked":"Evolve","floor":13.0},{"not_picked":["Body Slam","Rupture","Pommel Strike"],"picked":"SKIP","floor":14.0},{"not_picked":["Body Slam","Rupture","Pommel Strike"],"picked":"SKIP","floor":14.0},{"not_picked":["Feed","Berserk"],"picked":"Reaper","floor":16.0},{"not_picked":["Iron Wave","Sever Soul"],"picked":"Uppercut","floor":18.0},{"not_picked":["Spot Weakness","Seeing Red+1"],"picked":"Shrug It Off","floor":21.0},{"not_picked":["Iron Wave","Havoc"],"picked":"Burning Pact+1","floor":22.0},{"not_picked":["Body Slam","Armaments"],"picked":"Immolate","floor":24.0},{"not_picked":["Carnage","Fire Breathing","Burning Pact"],"picked":"SKIP","floor":27.0},{"not_picked":["Warcry","Bloodletting","Cleave"],"picked":"SKIP","floor":28.0},{"not_picked":["Wild Strike","Spot Weakness"],"picked":"Flame Barrier+1","floor":30.0},{"not_picked":["Rampage+1","Sentinel"],"picked":"Sword Boomerang+1","floor":31.0},{"not_picked":["Dark Embrace","Brutality"],"picked":"Limit Break","floor":33.0},{"not_picked":["Twin Strike+1","Combust","Body Slam+1"],"picked":"SKIP","floor":35.0},{"not_picked":["Seeing Red+1","Thunderclap","Headbutt"],"picked":"SKIP","floor":37.0},{"not_picked":["Clash","Clothesline+1"],"picked":"Exhume","floor":39.0},{"not_picked":["Twin Strike+1","Perfected Strike+1","Wild Strike"],"picked":"Singing Bowl","floor":41.0},{"not_picked":["Mind Blast","Trip","HandOfGreed"],"picked":"Singing Bowl","floor":42.0},{"not_picked":["Metamorphosis","Transmutation"],"picked":"Panacea","floor":42.0},{"not_picked":["Clothesline","Perfected Strike+1","Clash"],"picked":"Singing Bowl","floor":44.0},{"not_picked":["Perfected Strike","Dropkick","Twin Strike"],"picked":"Singing Bowl","floor":45.0},{"not_picked":["Clash","Anger+1","Inflame"],"picked":"Singing Bowl","floor":46.0},{"not_picked":["Combust","Entrench"],"picked":"Heavy Blade","floor":47.0}],"player_experience":710131,"relics_obtained":[{"floor":7.0,"key":"Pen Nib"},{"floor":9.0,"key":"Gremlin Horn"},{"floor":13.0,"key":"Thread and Needle"},{"floor":24.0,"key":"Red Skull"},{"floor":26.0,"key":"MawBank"},{"floor":28.0,"key":"Bag of Marbles"},{"floor":31.0,"key":"Mummified Hand"},{"floor":41.0,"key":"Singing Bowl"},{"floor":43.0,"key":"Strawberry"},{"floor":44.0,"key":"War Paint"},{"floor":46.0,"key":"Smiling Mask"}],"event_choices":[{"damage_healed":0.0,"max_hp_gain":0.0,"max_hp_loss":0.0,"gold_gain":0.0,"event_name":"Scrap Ooze","player_choice":"Success","floor":4.0,"gold_loss":0.0,"damage_taken":5.0,"relics_obtained":["FossilizedHelix"]},{"damage_healed":0.0,"max_hp_gain":0.0,"max_hp_loss":0.0,"gold_gain":0.0,"event_name":"Back to Basics","player_choice":"Simplicity","floor":19.0,"gold_loss":0.0,"damage_taken":0.0,"cards_upgraded":["Strike_R","Strike_R","Strike_R","Strike_R","Strike_R","Defend_R","Defend_R","Defend_R","Defend_R"]},{"damage_healed":0.0,"max_hp_gain":0.0,"max_hp_loss":4.0,"gold_gain":0.0,"event_name":"Winding Halls","player_choice":"Max HP","floor":36.0,"gold_loss":0.0,"damage_taken":0.0},{"damage_healed":0.0,"max_hp_gain":0.0,"max_hp_loss":0.0,"gold_gain":0.0,"event_name":"SensoryStone","player_choice":"Memory 2","floor":42.0,"gold_loss":0.0,"damage_taken":5.0}],"is_beta":true,"boss_relics":[{"not_picked":["Tiny House","Orrery"],"picked":"Velvet Choker"},{"not_picked":["Black Blood","Cursed Key"],"picked":"White Beast Statue"}],"items_purged_floors":[38,48],"is_endless":false,"potions_floor_spawned":[1,2,10,14,21,24,28,33,35,37,39,41,44,45,46,47],"ascension_level":19}