{"gold_per_floor":[111,111,111,127,29,63,63,76,101,101,113,129,129,129,129,228,228,240,240,240,240,254,274,274,274,300,310,345,345,371,386,386,483,483,499,499,518,535,33,60,60,75,149,159,159,194,194,94,94,94],"floor_reached":51,"playtime":1464,"items_purged":["Writhe","Defend_R"],"score":970,"play_id":"5491b2fb-27ce-4e48-8a43-e1de26520503","local_time":"20190203093852","is_ascension_mode":false,"campfire_choices":[{"data":"Dramatic Entrance","floor":7,"key":"SMITH"},{"data":"Flex","floor":10,"key":"SMITH"},{"data":"Bash","floor":13,"key":"SMITH"},{"data":"Strike_R","floor":15,"key":"SMITH"},{"data":"Juggernaut","floor":25,"key":"SMITH"},{"data":"Demon Form","floor":32,"key":"SMITH"}],"neow_cost":"NONE","seed_source_timestamp":88500401732100,"circlet_count":0,"master_deck":["Defend_R","Defend_R+1","Defend_R+1","Bash+1","Shrug It Off","Dramatic Entrance+1","Impervious","Flex+1","Juggernaut+1","Battle Trance","Bite","Bite","Bite","Bite","Ghostly","Ghostly","Ghostly","Ghostly","Ghostly","Shrug It Off+1","Power Through+1","Burning Pact","Barricade","Body Slam+1","Burning Pact+1","Apotheosis","Battle Trance+1","Feel No Pain","Second Wind+1"],"relics":["Burning Blood","Whetstone","Ancient Tea Set","PreservedInsect","Coffee Dripper","Dodecahedron","Pen Nib","Gambling Chip","Matryoshka","Orichalcum","Fusion Hammer","Gremlin Horn","Boot","Darkstone Periapt","Pantograph","Bag of Preparation"],"potions_floor_usage":[16,33],"damage_taken":[{"damage":0,"enemies":"Small Slimes","floor":1,"turns":3},{"damage":0,"enemies":"Cultist","floor":4,"turns":3},{"damage":33,"enemies":"3 Sentries","floor":6,"turns":10},{"damage":0,"enemies":"2 Louse","floor":8,"turns":1},{"damage":5,"enemies":"2 Fungi Beasts","floor":11,"turns":3},{"damage":10,"enemies":"Looter","floor":12,"turns":3},{"damage":39,"enemies":"Hexaghost","floor":16,"turns":11},{"damage":7,"enemies":"Spheric Guardian","floor":18,"turns":4},{"damage":14,"enemies":"Chosen","floor":22,"turns":7},{"damage":3,"enemies":"Snake Plant","floor":23,"turns":5},{"damage":0,"enemies":"3 Cultists","floor":27,"turns":5},{"damage":1,"enemies":"Gremlin Leader","floor":28,"turns":6},{"damage":0,"enemies":"Slavers","floor":30,"turns":6},{"damage":0,"enemies":"Centurion and Healer","floor":31,"turns":7},{"damage":36,"enemies":"Automaton","floor":33,"turns":11},{"damage":0,"enemies":"Orb Walker","floor":35,"turns":4},{"damage":0,"enemies":"3 Darklings","floor":37,"turns":8},{"damage":1,"enemies":"Sphere and 2 Shapes","floor":38,"turns":4},{"damage":0,"enemies":"Nemesis","floor":40,"turns":7},{"damage":0,"enemies":"Jaw Worm Horde","floor":42,"turns":6},{"damage":0,"enemies":"Maw","floor":44,"turns":6},{"damage":0,"enemies":"Reptomancer","floor":46,"turns":5},{"damage":0,"enemies":"Awakened One","floor":50,"turns":8}],"seed_played":"4980584356206512857","potions_obtained":[{"floor":3,"key":"FairyPotion"},{"floor":3,"key":"SmokeBomb"},{"floor":3,"key":"Weak Potion"},{"floor":8,"key":"Energy Potion"},{"floor":16,"key":"Weak Potion"},{"floor":23,"key":"Explosive Potion"},{"floor":30,"key":"Swift Potion"},{"floor":35,"key":"Strength Potion"},{"floor":37,"key":"Dexterity Potion"}],"is_trial":false,"path_per_floor":["M","?","?","M","$","E","R","M","T","R","M","M","R","?","R","B",null,"M","?","?","?","M","M","T","R","T","M","E","?","E","M","R","B",null,"M","?","M","M","$","E","R","M","T","M","R","E","?","$","R","B",null],"character_chosen":"IRONCLAD","items_purchased":["Dramatic Entrance","Apotheosis","Gremlin Horn"],"campfire_rested":0,"item_purchase_floors":[5,39,39],"current_hp_per_floor":[80,64,64,70,70,43,43,49,49,49,50,46,46,39,39,14,80,79,56,28,26,30,33,33,33,33,33,33,33,33,33,33,21,33,33,43,43,43,43,43,43,43,43,43,43,43,43,43,43,43],"gold":94,"neow_bonus":"RANDOM_COMMON_RELIC","is_prod":false,"is_daily":false,"chose_seed":false,"campfire_upgraded":6,"win_rate":0.0,"timestamp":1549154332,"path_taken":["M","?","?","?","$","E","R","M","T","R","M","M","R","?","R","BOSS","M","?","?","?","M","M","?","R","T","M","E","?","E","?","R","BOSS","M","?","M","?","$","E","R","?","T","M","R","E","?","?","R","BOSS"],"build_version":"2019-01-23","purchased_purges":2,"victory":true,"max_hp_per_floor":[80,80,80,80,80,80,80,80,80,80,80,80,80,80,80,80,80,80,56,28,33,33,33,33,33,33,33,33,33,33,33,33,33,33,33,43,43,43,43,43,43,43,43,43,43,43,43,43,43,43],"card_choices":[{"not_picked":["Twin Strike","Hemokinesis"],"picked":"Shrug It Off","floor":1},{"not_picked":["Cleave","Body Slam","Warcry"],"picked":"SKIP","floor":4},{"not_picked":["Flex","Warcry"],"picked":"Impervious","floor":6},{"not_picked":["Intimidate","Headbutt"],"picked":"Flex","floor":8},{"not_picked":["Infernal Blade","Sword Boomerang","Pommel Strike"],"picked":"SKIP","floor":11},{"not_picked":["Headbutt","Twin Strike","Perfected Strike"],"picked":"SKIP","floor":12},{"not_picked":["Berserk","Reaper"],"picked":"Juggernaut","floor":16},{"not_picked":["Body Slam","Sword Boomerang"],"picked":"Battle Trance","floor":18},{"not_picked":["Hemokinesis","Headbutt","Anger+1"],"picked":"SKIP","floor":22},{"not_picked":["Sword Boomerang","Perfected Strike"],"picked":"Shrug It Off+1","floor":23},{"not_picked":["Reckless Charge","Burning Pact+1"],"picked":"Power Through+1","floor":27},{"not_picked":["Pommel Strike","Inflame","Pummel+1"],"picked":"SKIP","floor":28},{"not_picked":["Warcry","Body Slam"],"picked":"Demon Form","floor":30},{"not_picked":["Flame Barrier","Cleave+1"],"picked":"Burning Pact","floor":31},{"not_picked":["Double Tap","Feed"],"picked":"Barricade","floor":33},{"not_picked":["Pommel Strike","Intimidate","Perfected Strike"],"picked":"SKIP","floor":35},{"not_picked":["Anger+1","Metallicize+1"],"picked":"Body Slam+1","floor":37},{"not_picked":["Warcry+1","Power Through+1"],"picked":"Burning Pact+1","floor":38},{"not_picked":["Intimidate","Shockwave"],"picked":"Battle Trance+1","floor":40},{"not_picked":["Sever Soul","Heavy Blade"],"picked":"Feel No Pain","floor":42},{"not_picked":["Searing Blow+1","Whirlwind+1"],"picked":"Second Wind+1","floor":44},{"not_picked":["Intimidate","Heavy Blade","Clash+1"],"picked":"SKIP","floor":46}],"player_experience":909,"relics_obtained":[{"floor":6,"key":"Ancient Tea Set"},{"floor":9,"key":"PreservedInsect"},{"floor":24,"key":"Dodecahedron"},{"floor":26,"key":"Pen Nib"},{"floor":28,"key":"Gambling Chip"},{"floor":30,"key":"Orichalcum"},{"floor":40,"key":"Boot"},{"floor":43,"key":"Darkstone Periapt"},{"floor":43,"key":"Pantograph"},{"floor":46,"key":"Bag of Preparation"}],"event_choices":[{"damage_healed":0,"gold_gain":0,"player_choice":"Entered Light","damage_taken":16,"max_hp_gain":0,"max_hp_loss":0,"event_name":"Shining Light","floor":2,"gold_loss":0,"cards_upgraded":["Defend_R","Defend_R"]},{"damage_healed":0,"gold_gain":0,"player_choice":"Got Potions","damage_taken":0,"max_hp_gain":0,"max_hp_loss":0,"event_name":"Lab","floor":3,"gold_loss":0},{"cards_removed":["Strike_R"],"damage_healed":0,"gold_gain":0,"player_choice":"Card Removal","damage_taken":7,"max_hp_gain":0,"max_hp_loss":0,"event_name":"Golden Wing","floor":14,"gold_loss":0},{"damage_healed":0,"gold_gain":0,"player_choice":"Became a vampire","damage_taken":0,"max_hp_gain":0,"max_hp_loss":24,"event_name":"Vampires","floor":19,"gold_loss":0,"cards_obtained":["Bite","Bite","Bite","Bite","Bite"]},{"damage_healed":0,"gold_gain":0,"player_choice":"Became a Ghost","damage_taken":0,"max_hp_gain":0,"max_hp_loss":28,"event_name":"Ghosts","floor":20,"gold_loss":0,"cards_obtained":["Ghostly","Ghostly","Ghostly","Ghostly","Ghostly"]},{"damage_healed":0,"gold_gain":0,"player_choice":"Shed Blood","damage_taken":7,"max_hp_gain":5,"max_hp_loss":0,"event_name":"Forgotten Altar","floor":21,"gold_loss":0},{"damage_healed":0,"gold_gain":0,"player_choice":"Opened","damage_taken":0,"relics_obtained":["Matryoshka"],"max_hp_gain":0,"max_hp_loss":0,"event_name":"The Mausoleum","floor":29,"gold_loss":0,"cards_obtained":["Writhe"]},{"cards_removed":["Demon Form"],"damage_healed":0,"gold_gain":0,"player_choice":"Offered Rare","damage_taken":0,"max_hp_gain":10,"max_hp_loss":0,"event_name":"Bonfire Elementals","floor":36,"gold_loss":0},{"cards_removed":["Bite"],"damage_healed":0,"gold_gain":0,"player_choice":"Purged","damage_taken":0,"max_hp_gain":0,"max_hp_loss":0,"event_name":"Purifier","floor":47,"gold_loss":0}],"is_beta":false,"boss_relics":[{"not_picked":["Runic Pyramid","Lizard Tail"],"picked":"Coffee Dripper"},{"not_picked":["Tiny House","Runic Dome"],"picked":"Fusion Hammer"}],"items_purged_floors":[39,48],"is_endless":false,"potions_floor_spawned":[4,8,16,23,28,30,31,35,37,46],"ascension_level":0}