{"gold_per_floor":[110,110,35,185,185,212,212,243,243,243,243],"floor_reached":11,"playtime":136,"items_purged":["Strike_R"],"score":254,"play_id":"0af7444f-2be1-4098-8540-e61b51e10091","local_time":"20190404165913","is_ascension_mode":true,"campfire_choices":[{"data":"Bash","floor":7,"key":"SMITH"}],"neow_cost":"NONE","seed_source_timestamp":0,"circlet_count":0,"master_deck":["AscendersBane","Strike_R","Strike_R","Strike_R","Defend_R","Defend_R","Defend_R","Defend_R","Bash+1","Dropkick","Entrench"],"relics":["Burning Blood","NeowsBlessing","Bird Faced Urn","PreservedInsect"],"potions_floor_usage":[],"damage_taken":[{"damage":0,"enemies":"Cultist","floor":1,"turns":1},{"damage":0,"enemies":"Gremlin Nob","floor":6,"turns":1},{"damage":0,"enemies":"Lagavulin","floor":8,"turns":1},{"damage":0,"enemies":"Small Slimes","floor":11,"turns":1}],"seed_played":"-3679924623083386147","potions_obtained":[{"floor":1,"key":"SneckoOil"}],"is_trial":false,"path_per_floor":["M","$","$","?","?","E","R","E","T","?","M"],"character_chosen":"IRONCLAD","items_purchased":[],"campfire_rested":0,"item_purchase_floors":[],"current_hp_per_floor":[74,74,74,74,74,75,75,75,75,75,75],"gold":243,"neow_bonus":"THREE_ENEMY_KILL","is_prod":false,"is_daily":false,"chose_seed":true,"campfire_upgraded":1,"win_rate":0,"timestamp":1554364753,"path_taken":["M","?","$","?","?","E","R","E","T","?","?"],"build_version":"2019-01-23","purchased_purges":1,"victory":false,"max_hp_per_floor":[75,75,75,75,75,75,75,75,75,75,75],"card_choices":[{"not_picked":["Hemokinesis","Fire Breathing","Sword Boomerang"],"picked":"SKIP","floor":1},{"not_picked":["Havoc","Perfected Strike"],"picked":"Dropkick","floor":6},{"not_picked":["Wild Strike","Anger"],"picked":"Entrench","floor":8}],"player_experience":2867983,"relics_obtained":[{"floor":6,"key":"Bird Faced Urn"},{"floor":8,"key":"PreservedInsect"}],"event_choices":[{"damage_healed":0,"gold_gain":150,"player_choice":"AGREE","damage_taken":0,"max_hp_gain":0,"max_hp_loss":0,"event_name":"Liars Game","floor":4,"gold_loss":0,"cards_obtained":["Doubt"]},{"cards_removed":["Doubt"],"damage_healed":0,"gold_gain":0,"player_choice":"Forget","damage_taken":0,"max_hp_gain":0,"max_hp_loss":0,"event_name":"Living Wall","floor":5,"gold_loss":0},{"cards_removed":["Strike_R"],"damage_healed":0,"gold_gain":0,"player_choice":"Purged","damage_taken":0,"max_hp_gain":0,"max_hp_loss":0,"event_name":"Purifier","floor":10,"gold_loss":0}],"is_beta":false,"boss_relics":[],"items_purged_floors":[3],"is_endless":false,"potions_floor_spawned":[1],"killed_by":"Small Slimes","ascension_level":20}