{"gold_per_floor":[218,218,218,236,312,340,340,142,142,142,157,171,204,214,214,312,312,328,34,48,48,62,90,90,104,104,124,9,9,38,55,55,55],"floor_reached":33,"playtime":1564,"items_purged":["Defend_R"],"score":546,"play_id":"85e9051f-9e5d-428b-b44c-a4d0fc50df8a","local_time":"20180715171615","is_ascension_mode":true,"campfire_choices":[{"floor":7,"key":"REST"},{"data":"1","floor":10,"key":"LIFT"},{"floor":15,"key":"REST"},{"floor":24,"key":"REST"},{"floor":29,"key":"REST"},{"floor":32,"key":"REST"}],"neow_cost":"NONE","seed_source_timestamp":851215478889257,"circlet_count":0,"master_deck":["Strike_R","Strike_R","Strike_R","Strike_R","Defend_R","Defend_R","Defend_R","Bash+1","AscendersBane","Hemokinesis+1","Infernal Blade","Clash+1","Fire Breathing","Clash+1","Iron Wave+1","Reaper+1","Pummel+1","Iron Wave+1","Clash+1","Clash+1","Rupture+1","Clash+1","Dropkick+1","Seeing Red","Spot Weakness"],"relics":["Burning Blood","Molten Egg 2","Girya","Red Skull","Frozen Egg 2","Matryoshka","Anchor","Bottled Flame","Whetstone","Bird Faced Urn","Potion Belt"],"potions_floor_usage":[6,12,18,23,23,25,30,30,32],"damage_taken":[{"damage":7,"enemies":"Jaw Worm","floor":1,"turns":3},{"damage":2,"enemies":"Cultist","floor":4,"turns":2},{"damage":29,"enemies":"Gremlin Nob","floor":6,"turns":4},{"damage":2,"enemies":"2 Louse","floor":11,"turns":1},{"damage":2,"enemies":"Red Slaver","floor":12,"turns":3},{"damage":30,"enemies":"Lagavulin","floor":13,"turns":5},{"damage":13,"enemies":"Blue Slaver","floor":14,"turns":2},{"damage":2,"enemies":"Slime Boss","floor":16,"turns":6},{"damage":33,"enemies":"Chosen","floor":18,"turns":6},{"damage":2,"enemies":"Shell Parasite","floor":20,"turns":2},{"damage":2,"enemies":"3 Cultists","floor":22,"turns":4},{"damage":68,"enemies":"Gremlin Leader","floor":23,"turns":9},{"damage":23,"enemies":"Slaver and Parasite","floor":25,"turns":5},{"damage":25,"enemies":"Snake Plant","floor":27,"turns":4},{"damage":58,"enemies":"Book of Stabbing","floor":30,"turns":5},{"damage":17,"enemies":"3 Cultists","floor":31,"turns":4},{"damage":118,"enemies":"Automaton","floor":33,"turns":8}],"seed_played":"3098158578519869956","potions_obtained":[{"floor":1,"key":"FairyPotion"},{"floor":4,"key":"FearPotion"},{"floor":11,"key":"Fruit Juice"},{"floor":16,"key":"BloodPotion"},{"floor":18,"key":"EssenceOfSteel"},{"floor":23,"key":"AttackPotion"},{"floor":27,"key":"SteroidPotion"},{"floor":31,"key":"Fruit Juice"}],"is_trial":false,"path_per_floor":["M","?","?","M","T","E","R","$","T","R","M","M","E","M","R","B",null,"M","$","M","?","M","E","R","M","T","M","$","R","E","M","R"],"character_chosen":"IRONCLAD","items_purchased":["Red Skull","Clash+1","Anchor","Regen Potion","Dropkick+1","AttackPotion"],"campfire_rested":5,"item_purchase_floors":[8,8,19,19,28,28],"current_hp_per_floor":[71,71,71,75,75,52,76,76,76,76,80,85,63,56,81,85,85,75,75,79,79,83,44,69,58,58,49,49,74,26,44,76,0],"gold":55,"neow_bonus":"HUNDRED_GOLD","is_prod":false,"is_daily":false,"chose_seed":false,"campfire_upgraded":0,"win_rate":0,"timestamp":1531664175,"path_taken":["M","?","?","M","?","E","R","$","T","R","M","?","E","M","R","BOSS","M","$","M","?","M","E","R","M","T","M","$","R","E","M","R","BOSS"],"build_version":"2018-07-12","purchased_purges":1,"victory":false,"max_hp_per_floor":[80,80,80,80,80,80,80,80,80,80,80,85,85,85,85,85,85,85,85,85,85,85,85,85,85,85,85,85,85,85,85,90,90],"card_choices":[{"not_picked":["Burning Pact","Clothesline"],"picked":"Hemokinesis","floor":1},{"not_picked":["Spot Weakness","Clothesline"],"picked":"Clash","floor":4},{"not_picked":["Body Slam+1","Pommel Strike+1"],"picked":"Fire Breathing","floor":6},{"not_picked":["Clothesline+1","Heavy Blade+1"],"picked":"Iron Wave+1","floor":11},{"not_picked":["True Grit","Wild Strike+1"],"picked":"Reaper+1","floor":12},{"not_picked":["Impervious","Sentinel"],"picked":"Pummel+1","floor":13},{"not_picked":["Perfected Strike+1","Havoc","Battle Trance"],"picked":"SKIP","floor":14},{"not_picked":["Uppercut+1","Perfected Strike+1"],"picked":"Iron Wave+1","floor":18},{"not_picked":["Wild Strike+1","True Grit+1"],"picked":"Clash+1","floor":20},{"not_picked":["Disarm","Feed+1"],"picked":"Clash+1","floor":22},{"not_picked":["Perfected Strike+1","Power Through+1","Cleave+1"],"picked":"SKIP","floor":23},{"not_picked":["Shockwave","Cleave+1"],"picked":"Rupture+1","floor":25},{"not_picked":["Evolve+1","Wild Strike+1"],"picked":"Clash+1","floor":27},{"not_picked":["Fiend Fire+1","Pommel Strike+1"],"picked":"Seeing Red","floor":30},{"not_picked":["Flex","Warcry+1"],"picked":"Spot Weakness","floor":31}],"player_experience":587118,"relics_obtained":[{"floor":5,"key":"Molten Egg 2"},{"floor":6,"key":"Girya"},{"floor":9,"key":"Frozen Egg 2"},{"floor":13,"key":"Matryoshka"},{"floor":23,"key":"Bottled Flame"},{"floor":26,"key":"Whetstone"},{"floor":26,"key":"Bird Faced Urn"},{"floor":30,"key":"Potion Belt"}],"event_choices":[{"event_name":"Upgrade Shrine","player_choice":"Upgraded","floor":2,"damage_taken":0},{"event_name":"Living Wall","player_choice":"Change","floor":3,"damage_taken":0},{"event_name":"Addict","player_choice":"Ignored","floor":21,"damage_taken":0}],"boss_relics":[{"not_picked":["Busted Crown","Coffee Dripper","Runic Dome"]}],"items_purged_floors":[19],"is_endless":false,"potions_floor_spawned":[1,4,11,16,18,23,27,31],"killed_by":"Automaton","ascension_level":10}