{"gold_per_floor":[115,115,115,133,146,146,179,191,191,201,201,214,214,228,228,302,302,322,247,247,37,37,37,56,56,56,71,86,86,86],"floor_reached":30,"playtime":575,"items_purged":[],"score":464,"play_id":"4c4ff5df-80a2-4ec3-be6e-03c1484651fc","local_time":"20190415133337","is_ascension_mode":true,"campfire_choices":[{"data":"Static Discharge","floor":6.0,"key":"SMITH"},{"floor":13.0,"key":"REST"},{"floor":15.0,"key":"REST"},{"floor":23.0,"key":"REST"},{"floor":29.0,"key":"REST"}],"neow_cost":"NONE","seed_source_timestamp":266116740557199,"circlet_count":0,"master_deck":["AscendersBane","Zap+1","Dualcast","Ball Lightning","Core Surge","Static Discharge+1","Capacitor","Biased Cognition","Electrodynamics","Cold Snap","Fission+1","Machine Learning","Stack","Hologram","Defragment","Undo","Defragment"],"special_seed":0,"relics":["Cracked Core","NeowsBlessing","Art of War","The Courier","Pandora\u0027s Box","Mummified Hand","Mercury Hourglass"],"potions_floor_usage":[],"damage_taken":[{"damage":0.0,"enemies":"Jaw Worm","floor":1.0,"turns":1.0},{"damage":0.0,"enemies":"Small Slimes","floor":4.0,"turns":1.0},{"damage":0.0,"enemies":"Cultist","floor":5.0,"turns":1.0},{"damage":24.0,"enemies":"Gremlin Nob","floor":7.0,"turns":4.0},{"damage":0.0,"enemies":"Large Slime","floor":8.0,"turns":3.0},{"damage":8.0,"enemies":"3 Louse","floor":10.0,"turns":2.0},{"damage":12.0,"enemies":"Exordium Wildlife","floor":12.0,"turns":3.0},{"damage":15.0,"enemies":"Large Slime","floor":14.0,"turns":4.0},{"damage":30.0,"enemies":"Slime Boss","floor":16.0,"turns":6.0},{"damage":9.0,"enemies":"Spheric Guardian","floor":18.0,"turns":3.0},{"damage":15.0,"enemies":"3 Byrds","floor":24.0,"turns":2.0},{"damage":21.0,"enemies":"Shelled Parasite and Fungi","floor":27.0,"turns":3.0},{"damage":4.0,"enemies":"Cultist and Chosen","floor":28.0,"turns":3.0},{"damage":0,"enemies":"Slavers","floor":30,"turns":1}],"seed_played":"-8233101951648660914","potions_obtained":[{"floor":1.0,"key":"AttackPotion"},{"floor":4.0,"key":"Dexterity Potion"},{"floor":10.0,"key":"Explosive Potion"},{"floor":14.0,"key":"EssenceOfSteel"},{"floor":16.0,"key":"FocusPotion"},{"floor":24.0,"key":"Fire Potion"},{"floor":28.0,"key":"FearPotion"}],"is_trial":false,"path_per_floor":["M","?","T","M","M","R","E","M","T","M","?","M","R","M","R","B",null,"M","?","?","$","?","R","M","?","T","M","M","R","E"],"character_chosen":"DEFECT","items_purchased":["Mummified Hand"],"campfire_rested":4,"item_purchase_floors":[21],"current_hp_per_floor":[64,57,57,57,57,57,33,33,33,25,25,13,34,19,40,10,56,47,47,26,26,26,47,32,32,32,11,7,28,28],"gold":86,"neow_bonus":"THREE_ENEMY_KILL","is_prod":false,"is_daily":false,"chose_seed":false,"campfire_upgraded":1,"win_rate":0,"timestamp":1555302817,"path_taken":["M","?","?","M","M","R","E","M","T","M","?","?","R","M","R","BOSS","M","?","?","?","?","R","?","?","T","M","?","R","E"],"build_version":"2019-01-23","purchased_purges":0,"victory":false,"max_hp_per_floor":[71,71,71,71,71,71,71,71,71,71,71,71,71,71,71,71,71,71,71,71,71,71,71,71,71,71,71,71,71,71],"card_choices":[{"not_picked":["FTL","Go for the Eyes"],"picked":"Ball Lightning","floor":1.0},{"not_picked":["Leap","Conserve Battery"],"picked":"Core Surge","floor":4.0},{"not_picked":["Go for the Eyes","Steam"],"picked":"Static Discharge","floor":5.0},{"not_picked":["Gash","Chaos","Rip and Tear"],"picked":"SKIP","floor":7.0},{"not_picked":["Gash","BootSequence"],"picked":"Capacitor","floor":8.0},{"not_picked":["Stack","Sweeping Beam","Rip and Tear"],"picked":"SKIP","floor":10.0},{"not_picked":["Conserve Battery","Gash","Genetic Algorithm"],"picked":"SKIP","floor":12.0},{"not_picked":["Hologram","Streamline"],"picked":"Biased Cognition","floor":14.0},{"not_picked":["Amplify","Core Surge"],"picked":"Electrodynamics","floor":16.0},{"not_picked":["Stack","Turbo","Redo+1"],"picked":"SKIP","floor":18.0},{"not_picked":["Blizzard","Gash+1"],"picked":"Undo","floor":24.0},{"not_picked":["Beam Cell","Auto Shields","Blizzard"],"picked":"SKIP","floor":27.0},{"not_picked":["Reinforced Body","Rebound"],"picked":"Defragment","floor":28.0}],"player_experience":3153074,"relics_obtained":[{"floor":7.0,"key":"Art of War"},{"floor":9.0,"key":"The Courier"},{"floor":26.0,"key":"Mercury Hourglass"}],"event_choices":[{"cards_removed":["Strike_B"],"damage_healed":0.0,"max_hp_gain":0.0,"max_hp_loss":0.0,"gold_gain":0.0,"event_name":"Golden Wing","player_choice":"Card Removal","floor":2.0,"gold_loss":0.0,"damage_taken":7.0},{"damage_healed":0.0,"max_hp_gain":0.0,"max_hp_loss":0.0,"gold_gain":0.0,"event_name":"Upgrade Shrine","player_choice":"Upgraded","floor":11.0,"gold_loss":0.0,"damage_taken":0.0,"cards_upgraded":["Zap"]},{"cards_removed":["Steam Power"],"damage_healed":0.0,"max_hp_gain":0.0,"max_hp_loss":0.0,"gold_gain":0.0,"event_name":"Beggar","player_choice":"Gave Gold","floor":19.0,"gold_loss":75.0,"damage_taken":0.0},{"damage_healed":0.0,"max_hp_gain":0.0,"max_hp_loss":0.0,"gold_gain":0.0,"event_name":"Cursed Tome","player_choice":"Obtained Book","floor":20.0,"gold_loss":0.0,"damage_taken":21.0},{"damage_healed":0.0,"max_hp_gain":0.0,"max_hp_loss":0.0,"gold_gain":0.0,"event_name":"Upgrade Shrine","player_choice":"Upgraded","floor":25.0,"gold_loss":0.0,"damage_taken":0.0,"cards_upgraded":["Fission"]}],"is_beta":false,"boss_relics":[{"not_picked":["Busted Crown","Nuclear Battery"],"picked":"Pandora\u0027s Box"}],"items_purged_floors":[],"is_endless":false,"potions_floor_spawned":[1,4,10,14,16,24,28],"killed_by":"Slavers","ascension_level":20}