{"gold_per_floor":[114,114,77,91,91,121,136,152,152,152,184,196,208,237,249,261],"floor_reached":16,"playtime":543,"items_purged":[],"score":270,"play_id":"a0db2d09-ec3c-4211-ad7f-4672f561320a","local_time":"20190322224009","is_ascension_mode":true,"campfire_choices":[{"data":"Shockwave","floor":10,"key":"SMITH"},{"floor":15,"key":"REST"}],"neow_cost":"NONE","seed_source_timestamp":273623756791400,"circlet_count":0,"master_deck":["AscendersBane","Strike_R+1","Strike_R","Strike_R+1","Defend_R","Defend_R","Defend_R","Defend_R","Bash","Battle Trance","Shockwave+1","True Grit","Spot Weakness+1","Shrug It Off+1","Entrench+1"],"relics":["Burning Blood","NeowsBlessing","Toxic Egg 2","Bottled Lightning","MawBank"],"potions_floor_usage":[14,16],"damage_taken":[{"damage":0,"enemies":"Small Slimes","floor":1,"turns":1},{"damage":0,"enemies":"2 Louse","floor":4,"turns":1},{"damage":0,"enemies":"Lagavulin","floor":6,"turns":1},{"damage":1,"enemies":"Cultist","floor":7,"turns":4},{"damage":22,"enemies":"Lots of Slimes","floor":8,"turns":6},{"damage":33,"enemies":"3 Sentries","floor":11,"turns":11},{"damage":4,"enemies":"3 Louse","floor":14,"turns":4},{"damage":28,"enemies":"The Guardian","floor":16,"turns":16}],"seed_played":"-866499734041002414","potions_obtained":[{"floor":4,"key":"FearPotion"},{"floor":6,"key":"PowerPotion"},{"floor":8,"key":"SteroidPotion"}],"is_trial":false,"path_per_floor":["M","?","$","M","?","E","M","M","T","R","E","$","?","M","R","B"],"character_chosen":"IRONCLAD","items_purchased":["Shockwave"],"campfire_rested":1,"item_purchase_floors":[3],"current_hp_per_floor":[74,67,67,73,73,75,75,59,59,59,32,32,9,11,33,5],"gold":261,"neow_bonus":"THREE_ENEMY_KILL","is_prod":false,"is_daily":false,"chose_seed":false,"campfire_upgraded":1,"win_rate":0,"timestamp":1553262009,"path_taken":["M","?","$","M","?","E","M","?","T","R","E","?","?","M","R","BOSS"],"build_version":"2019-01-23","purchased_purges":0,"victory":false,"max_hp_per_floor":[75,75,75,75,75,75,75,75,75,75,75,75,75,75,75,75],"card_choices":[{"not_picked":["Armaments","Sword Boomerang"],"picked":"Battle Trance","floor":1},{"not_picked":["Flex","Heavy Blade"],"picked":"True Grit","floor":4},{"not_picked":["Twin Strike","Perfected Strike"],"picked":"Spot Weakness","floor":6},{"not_picked":["Havoc+1","Heavy Blade"],"picked":"Shrug It Off+1","floor":7},{"not_picked":["Shrug It Off+1","Sword Boomerang"],"picked":"Entrench+1","floor":8},{"not_picked":["Perfected Strike","Clash","Flex+1"],"picked":"SKIP","floor":11},{"not_picked":["Combust","Iron Wave","Wild Strike"],"picked":"SKIP","floor":14}],"player_experience":2484544,"relics_obtained":[{"floor":6,"key":"Toxic Egg 2"},{"floor":9,"key":"Bottled Lightning"},{"floor":11,"key":"MawBank"}],"event_choices":[{"cards_removed":["Strike_R"],"damage_healed":0,"gold_gain":0,"player_choice":"Card Removal","damage_taken":7,"max_hp_gain":0,"max_hp_loss":0,"event_name":"Golden Wing","floor":2,"gold_loss":0},{"cards_removed":["Strike_R"],"damage_healed":0,"gold_gain":0,"player_choice":"Offered Basic","damage_taken":0,"max_hp_gain":0,"max_hp_loss":0,"event_name":"Bonfire Elementals","floor":5,"gold_loss":0},{"damage_healed":0,"gold_gain":0,"player_choice":"Entered Light","damage_taken":23,"max_hp_gain":0,"max_hp_loss":0,"event_name":"Shining Light","floor":13,"gold_loss":0,"cards_upgraded":["Strike_R","Strike_R"]}],"is_beta":false,"boss_relics":[],"items_purged_floors":[],"is_endless":false,"potions_floor_spawned":[4,6,8],"killed_by":"The Guardian","ascension_level":20}