{"gold_per_floor":[218,61,73,90,90,90,115,115,115,115,128,93,112,112,112,189,189,203,222,272,291,291],"floor_reached":22,"playtime":1159,"items_purged":[],"score":372,"play_id":"31ee0a89-baff-4e29-a0f2-ddd89e8efef0","local_time":"20190128223028","is_ascension_mode":true,"campfire_choices":[{"data":"Neutralize","floor":6.0,"key":"SMITH"},{"data":"Malaise","floor":8.0,"key":"SMITH"},{"floor":10.0,"key":"REST"},{"data":"Caltrops","floor":15.0,"key":"SMITH"}],"neow_cost":"NONE","seed_source_timestamp":292292008839499,"circlet_count":0,"master_deck":["AscendersBane","Defend_G","Defend_G","Defend_G","Defend_G","Defend_G","Strike_G","Strike_G","Strike_G","Strike_G","Strike_G","Survivor","Neutralize+1","Deadly Poison+1","Well Laid Plans","Malaise+1","Dagger Throw","PiercingWail","Caltrops+1","Blur","Glass Knife","Backflip","Bouncing Flask","Terror"],"special_seed":0,"relics":["Ring of the Snake","Bottled Lightning","Smiling Mask","Coffee Dripper"],"potions_floor_usage":[21,21],"damage_taken":[{"damage":1.0,"enemies":"Small Slimes","floor":1.0,"turns":5.0},{"damage":8.0,"enemies":"Jaw Worm","floor":3.0,"turns":6.0},{"damage":0.0,"enemies":"2 Louse","floor":4.0,"turns":4.0},{"damage":29.0,"enemies":"Gremlin Nob","floor":7.0,"turns":4.0},{"damage":31.0,"enemies":"Exordium Wildlife","floor":11.0,"turns":5.0},{"damage":24.0,"enemies":"Exordium Thugs","floor":13.0,"turns":7.0},{"damage":12.0,"enemies":"The Guardian","floor":16.0,"turns":11.0},{"damage":12.0,"enemies":"Chosen","floor":18.0,"turns":5.0},{"damage":14.0,"enemies":"Shell Parasite","floor":19.0,"turns":6.0},{"damage":18,"enemies":"Snake Plant","floor":21,"turns":2},{"damage":16,"enemies":"Centurion and Healer","floor":22,"turns":6}],"seed_played":"-5241198698907724199","potions_obtained":[{"floor":3.0,"key":"SteroidPotion"},{"floor":7.0,"key":"EssenceOfSteel"},{"floor":13.0,"key":"SteroidPotion"},{"floor":18.0,"key":"FearPotion"}],"is_trial":false,"path_per_floor":["M","$","M","M","?","R","E","R","T","R","M","?","M","?","R","B",null,"M","M","?","M","M"],"character_chosen":"THE_SILENT","items_purchased":["Well Laid Plans","Malaise"],"campfire_rested":1,"item_purchase_floors":[2,2],"current_hp_per_floor":[58,58,50,50,50,50,21,21,21,40,9,25,1,23,23,11,52,40,26,26,8,0],"gold":291,"neow_bonus":"HUNDRED_GOLD","is_prod":false,"is_daily":false,"chose_seed":false,"campfire_upgraded":3,"win_rate":0,"timestamp":1548685828,"path_taken":["M","$","M","M","?","R","E","R","T","R","M","?","?","?","R","BOSS","M","M","?","M","M"],"build_version":"2019-01-23","purchased_purges":0,"victory":false,"max_hp_per_floor":[66,66,66,66,66,66,66,66,66,66,66,66,66,66,66,66,66,66,66,66,66,66],"card_choices":[{"not_picked":["Quick Slash","Slice"],"picked":"Deadly Poison","floor":1.0},{"not_picked":["Dodge and Roll","Prepared"],"picked":"Dagger Throw","floor":3.0},{"not_picked":["Deflect","Sucker Punch"],"picked":"PiercingWail","floor":4.0},{"not_picked":["Acrobatics","Deflect"],"picked":"Caltrops","floor":7.0},{"not_picked":["Calculated Gamble","Slice"],"picked":"Blur","floor":11.0},{"not_picked":["Blur","Dodge and Roll","Sucker Punch"],"picked":"SKIP","floor":13.0},{"not_picked":["Doppelganger","Storm of Steel"],"picked":"Glass Knife","floor":16.0},{"not_picked":["All Out Attack","Prepared"],"picked":"Backflip","floor":18.0},{"not_picked":["Concentrate","Underhanded Strike"],"picked":"Bouncing Flask","floor":19.0},{"not_picked":["Deflect","Underhanded Strike"],"picked":"Terror","floor":21}],"player_experience":729968,"relics_obtained":[{"floor":7.0,"key":"Bottled Lightning"},{"floor":9.0,"key":"Smiling Mask"}],"event_choices":[{"damage_healed":0.0,"max_hp_gain":0.0,"max_hp_loss":0.0,"gold_gain":0.0,"event_name":"Living Wall","player_choice":"Grow","floor":5.0,"gold_loss":0.0,"damage_taken":0.0,"cards_upgraded":["Deadly Poison"]},{"damage_healed":16.0,"max_hp_gain":0.0,"max_hp_loss":0.0,"gold_gain":0.0,"event_name":"The Cleric","player_choice":"Healed","floor":12.0,"gold_loss":35.0,"damage_taken":0.0},{"damage_healed":22.0,"max_hp_gain":0.0,"max_hp_loss":0.0,"gold_gain":0.0,"event_name":"Big Fish","player_choice":"Banana","floor":14.0,"gold_loss":0.0,"damage_taken":0.0},{"damage_healed":0.0,"max_hp_gain":0.0,"max_hp_loss":0.0,"gold_gain":100.0,"event_name":"The Joust","player_choice":"Bet on Murderer","floor":20.0,"gold_loss":50.0,"damage_taken":0.0}],"is_beta":true,"boss_relics":[{"not_picked":["Tiny House","WristBlade"],"picked":"Coffee Dripper"}],"items_purged_floors":[],"is_endless":false,"potions_floor_spawned":[3,7,13,18],"killed_by":"Centurion and Healer","ascension_level":20}