{"gold_per_floor":[215,180,180,49,60,60,86,97,97,17,17,27,40,55,55,55],"floor_reached":16,"playtime":729,"items_purged":[],"score":199,"play_id":"ebef048d-7aa4-408c-9723-411c7ab5184c","local_time":"20190418174444","is_ascension_mode":true,"campfire_choices":[{"data":"Redo","floor":6.0,"key":"SMITH"},{"floor":11.0,"key":"REST"},{"floor":15.0,"key":"REST"}],"neow_cost":"NONE","seed_source_timestamp":605359860239286,"circlet_count":0,"master_deck":["AscendersBane","Strike_B","Strike_B","Strike_B","Strike_B","Defend_B","Defend_B","Defend_B","Defend_B","Zap","Dualcast","Redo+1","Machine Learning","Ball Lightning","Self Repair","Glacier","FTL","FTL","BootSequence"],"special_seed":0,"relics":["Cracked Core","Singing Bowl","Omamori","Nunchaku"],"potions_floor_usage":[16],"damage_taken":[{"damage":4.0,"enemies":"2 Louse","floor":1.0,"turns":3.0},{"damage":4.0,"enemies":"Jaw Worm","floor":5.0,"turns":3.0},{"damage":30.0,"enemies":"3 Sentries","floor":7.0,"turns":7.0},{"damage":1.0,"enemies":"Cultist","floor":8.0,"turns":3.0},{"damage":9.0,"enemies":"Red Slaver","floor":12.0,"turns":2.0},{"damage":9.0,"enemies":"Blue Slaver","floor":13.0,"turns":4.0},{"damage":0.0,"enemies":"2 Fungi Beasts","floor":14.0,"turns":3.0},{"damage":74,"enemies":"Hexaghost","floor":16,"turns":14}],"seed_played":"-8158359674339833789","potions_obtained":[{"floor":1.0,"key":"Energy Potion"},{"floor":7.0,"key":"Dexterity Potion"},{"floor":12.0,"key":"EssenceOfSteel"},{"floor":14.0,"key":"SneckoOil"}],"is_trial":false,"path_per_floor":["M","?","T","$","M","R","E","M","T","$","R","M","M","M","R","B"],"character_chosen":"DEFECT","items_purchased":["Redo","Machine Learning","FTL"],"campfire_rested":2,"item_purchase_floors":[4,4,10],"current_hp_per_floor":[60,71,71,71,67,67,37,43,43,43,64,57,55,62,73,0],"gold":55,"neow_bonus":"HUNDRED_GOLD","is_prod":false,"is_daily":false,"chose_seed":false,"campfire_upgraded":1,"win_rate":0,"timestamp":1555598684,"path_taken":["M","?","?","$","?","R","E","M","T","?","R","M","M","M","R","BOSS"],"build_version":"2019-01-23","purchased_purges":0,"victory":false,"max_hp_per_floor":[71,71,71,71,71,71,71,71,71,71,71,73,73,73,73,73],"card_choices":[{"not_picked":["Steam Power","Hologram","Go for the Eyes"],"picked":"SKIP","floor":1.0},{"not_picked":["Cold Snap","Darkness"],"picked":"Ball Lightning","floor":5.0},{"not_picked":["Steam Power","Gash"],"picked":"Self Repair","floor":7.0},{"not_picked":["Go for the Eyes","Gash"],"picked":"Glacier","floor":8.0},{"not_picked":["Genetic Algorithm","Leap","Steam Power"],"picked":"Singing Bowl","floor":12.0},{"not_picked":["Consume","Coolheaded"],"picked":"FTL","floor":13.0},{"not_picked":["Redo","Turbo"],"picked":"BootSequence","floor":14.0}],"player_experience":1208642,"relics_obtained":[{"floor":3.0,"key":"Singing Bowl"},{"floor":7.0,"key":"Omamori"},{"floor":9.0,"key":"Nunchaku"}],"event_choices":[{"damage_healed":17.0,"max_hp_gain":0.0,"max_hp_loss":0.0,"gold_gain":0.0,"event_name":"The Cleric","player_choice":"Healed","floor":2.0,"gold_loss":35.0,"damage_taken":0.0}],"is_beta":false,"boss_relics":[],"items_purged_floors":[],"is_endless":false,"potions_floor_spawned":[1,7,12,14],"killed_by":"Hexaghost","ascension_level":19}