{"path_per_floor":["M","M","M","M","?","E","R","?","T","M","M","M","E","$","R","B",null,"M","?","M","M","?","E","R","M","T","M","R","M","E","M","R","B",null,"M","M","$","M","?","R","E","M","T","?","M","M","$","M","R","B"],"character_chosen":"IRONCLAD","items_purchased":["Inflame","Battle Trance","Bottled Tornado","Block Potion","Block Potion"],"gold_per_floor":[119,130,141,158,158,193,193,193,220,233,251,268,297,113,113,218,218,231,231,242,252,252,285,285,305,332,349,349,368,403,416,416,519,519,537,555,158,172,172,172,234,254,254,234,249,268,92,102,102,102],"floor_reached":51,"campfire_rested":0,"playtime":5673,"current_hp_per_floor":[80,80,80,78,83,73,73,73,73,57,52,51,40,40,40,42,85,77,77,70,70,70,66,66,65,65,61,61,65,69,53,53,56,89,58,54,54,89,79,79,32,47,47,47,68,83,83,85,85,82],"items_purged":["Strike_R","Clumsy","Pain"],"gold":102,"play_id":"16d6198c-852f-47de-9881-d897ff6ba2dc","is_prod":false,"is_daily":false,"is_ascension_mode":false,"campfire_upgraded":7,"path_taken":["M","M","M","M","?","E","R","?","T","M","M","M","E","$","R","BOSS","M","?","M","M","?","E","R","M","T","M","R","M","E","M","R","BOSS","M","M","$","M","?","R","E","M","T","?","?","M","$","M","R","BOSS"],"build_version":"2018-02-01-PROD3","purchased_purges":4,"victory":true,"master_deck":["Strike_R","Strike_R+1","Defend_R","Defend_R","Bash+1","Clash","Disarm","Dropkick","Infernal Blade","Limit Break+1","Pummel+1","Rampage+1","Inflame+1","Battle Trance","Brutality+1","Armaments+1","Shrug It Off+1","Disarm+1","Shockwave+1","Reaper","Juggernaut+1","Rupture+1","Cleave+1","Headbutt+1","Heavy Blade+1","Madness","Madness","Shrug It Off"],"max_hp_per_floor":[80,80,80,80,85,85,85,85,85,85,85,85,85,85,85,85,85,85,85,85,85,85,89,89,89,89,89,89,89,89,89,89,89,89,89,89,89,89,89,89,89,89,89,89,89,89,89,89,89,89],"relics":["Burning Blood","Whetstone","Shuriken","Pen Nib","Bag of Marbles","Cursed Key","Happy Flower","Anchor","Vajra","Astrolabe","Bottled Tornado","Tiny Chest","Bag of Preparation"],"card_choices":[{"not_picked":["Cleave","Body Slam"],"picked":"Clash"},{"not_picked":["True Grit","Wild Strike"],"picked":"Disarm"},{"not_picked":["Power Through","Anger"],"picked":"Dropkick"},{"not_picked":["Pommel Strike","Clothesline"],"picked":"Infernal Blade"},{"not_picked":["Twin Strike","Seeing Red"],"picked":"Limit Break"},{"not_picked":["Twin Strike","Combust"],"picked":"Pummel"},{"not_picked":["Sever Soul","Clash"],"picked":"Rampage"},{"not_picked":["Berserk","Barricade"],"picked":"Brutality"},{"not_picked":["True Grit","Havoc"],"picked":"Shrug It Off"},{"not_picked":["Combust","Perfected Strike"],"picked":"Disarm"},{"not_picked":["Rage","Bloodletting"],"picked":"Shockwave"},{"not_picked":["Limit Break","Exhume"],"picked":"Reaper"},{"not_picked":["Combust","True Grit"],"picked":"Headbutt"},{"not_picked":["Headbutt","Cleave"],"picked":"Heavy Blade"},{"not_picked":["Corruption","Clothesline"],"picked":"Shrug It Off"}],"player_experience":143163,"potions_floor_usage":[4,6,13,21,21,25,30,33,33,36,38,38,45,46,50],"damage_taken":[{"damage":6,"enemies":"Cultist","floor":1,"turns":3},{"damage":0,"enemies":"Small Slimes","floor":2,"turns":2},{"damage":4,"enemies":"Jaw Worm","floor":3,"turns":3},{"damage":8,"enemies":"Gremlin Gang","floor":4,"turns":6},{"damage":16,"enemies":"Gremlin Nob","floor":6,"turns":4},{"damage":22,"enemies":"Exordium Thugs","floor":10,"turns":5},{"damage":11,"enemies":"Large Slime","floor":11,"turns":6},{"damage":7,"enemies":"2 Fungi Beasts","floor":12,"turns":4},{"damage":17,"enemies":"3 Sentries","floor":13,"turns":6},{"damage":4,"enemies":"Slime Boss","floor":16,"turns":3},{"damage":14,"enemies":"3 Byrds","floor":18,"turns":5},{"damage":13,"enemies":"Chosen","floor":20,"turns":4},{"damage":6,"enemies":"Snecko","floor":21,"turns":4},{"damage":14,"enemies":"Book of Stabbing","floor":23,"turns":3},{"damage":7,"enemies":"Snake Plant","floor":25,"turns":3},{"damage":10,"enemies":"Slaver and Parasite","floor":27,"turns":5},{"damage":2,"enemies":"Chosen and Byrds","floor":29,"turns":4},{"damage":14,"enemies":"Slavers","floor":30,"turns":5},{"damage":22,"enemies":"Snake Plant","floor":31,"turns":3},{"damage":3,"enemies":"Automaton","floor":33,"turns":6},{"damage":37,"enemies":"3 Darklings","floor":35,"turns":4},{"damage":10,"enemies":"Orb Walker","floor":36,"turns":3},{"damage":2,"enemies":"3 Darklings","floor":38,"turns":4},{"damage":53,"enemies":"2 Orb Walkers","floor":41,"turns":5},{"damage":13,"enemies":"Maw","floor":42,"turns":5},{"damage":9,"enemies":"4 Shapes","floor":45,"turns":3},{"damage":1,"enemies":"3 Darklings","floor":46,"turns":2},{"damage":23,"enemies":"Sphere and 2 Shapes","floor":48,"turns":4},{"damage":67,"enemies":"Donu and Deca","floor":50,"turns":7}],"event_choices":[{"event_name":"Big Fish","player_choice":"Donut","floor":5,"damage_taken":0},{"event_name":"Purifier","player_choice":"One Purge","floor":8,"damage_taken":0},{"event_name":"The Library","player_choice":"Read","floor":19,"damage_taken":0},{"event_name":"Vampires","player_choice":"Ignored","floor":22,"damage_taken":0},{"event_name":"Winding Halls","player_choice":"Embrace Madness","floor":39,"damage_taken":0},{"event_name":"The Woman in Blue","player_choice":"Bought 1 Potion","floor":44,"damage_taken":0}],"boss_relics":[{"not_picked":["Runic Pyramid","Philosopher\u0027s Stone"],"picked":"Cursed Key"},{"not_picked":["Orrery","Runic Cube"],"picked":"Astrolabe"}],"potions_floor_spawned":[2,3,6,11,13,18,21,30,31,35,36,41,46],"seed_played":"-2500752736499091948","ascension_level":0,"is_trial":false}