{"gold_per_floor":[119,41,41,57,73,73,91,91,91,119,176,233,244,258,258,336,336,354,193,193,204,204,230,230,250,250,250,278,117,117,144,144,144],"floor_reached":33,"playtime":871,"items_purged":[],"score":756,"play_id":"0103280f-a4ba-450d-98ee-2716c8f50dd1","local_time":"20190414185603","is_ascension_mode":true,"campfire_choices":[{"data":"Bash","floor":6,"key":"SMITH"},{"data":"Perfected Strike","floor":8,"key":"SMITH"},{"data":"Perfected Strike","floor":15,"key":"SMITH"},{"floor":24,"key":"REST"},{"data":"Shrug It Off","floor":27,"key":"SMITH"},{"data":"Perfected Strike","floor":30,"key":"SMITH"},{"floor":32,"key":"REST"}],"neow_cost":"PERCENT_DAMAGE","seed_source_timestamp":198780580719900,"circlet_count":0,"master_deck":["AscendersBane","Strike_R","Strike_R","Strike_R","Strike_R","Strike_R","Defend_R","Defend_R","Defend_R","Defend_R","Bash+1","Battle Trance","Pommel Strike","Shrug It Off+1","Perfected Strike+1","Twin Strike","Perfected Strike+1","Wild Strike","Feed","Wild Strike","Warcry+1","Wild Strike","Perfected Strike+1","Pommel Strike"],"relics":["Burning Blood","Gambling Chip","Mercury Hourglass","Bottled Lightning","Vajra","Philosopher\u0027s Stone","Anchor","Pear","Omamori","Pen Nib","Thread and Needle"],"potions_floor_usage":[28,33,33],"damage_taken":[{"damage":2,"enemies":"2 Louse","floor":1,"turns":4},{"damage":7,"enemies":"Jaw Worm","floor":4,"turns":3},{"damage":1,"enemies":"Cultist","floor":5,"turns":3},{"damage":8,"enemies":"Blue Slaver","floor":7,"turns":4},{"damage":30,"enemies":"Lagavulin","floor":10,"turns":4},{"damage":15,"enemies":"3 Sentries","floor":12,"turns":5},{"damage":7,"enemies":"Large Slime","floor":13,"turns":2},{"damage":4,"enemies":"Exordium Wildlife","floor":14,"turns":3},{"damage":0,"enemies":"Slime Boss","floor":16,"turns":5},{"damage":0,"enemies":"Spheric Guardian","floor":18,"turns":1},{"damage":18,"enemies":"3 Byrds","floor":21,"turns":3},{"damage":58,"enemies":"Book of Stabbing","floor":23,"turns":4},{"damage":1,"enemies":"Centurion and Healer","floor":25,"turns":4},{"damage":20,"enemies":"Slavers","floor":28,"turns":3},{"damage":30,"enemies":"Book of Stabbing","floor":31,"turns":3},{"damage":46,"enemies":"Collector","floor":33,"turns":8}],"seed_played":"7288930200108535985","potions_obtained":[{"floor":4,"key":"Strength Potion"},{"floor":12,"key":"EssenceOfSteel"},{"floor":28,"key":"Dexterity Potion"}],"is_trial":false,"path_per_floor":["M","$","?","M","M","R","M","R","T","E","?","?","M","M","R","B",null,"M","$","?","M","?","E","R","M","T","R","E","$","R","E","R","B"],"character_chosen":"IRONCLAD","items_purchased":["Battle Trance","Anchor","Pen Nib"],"campfire_rested":2,"item_purchase_floors":[2,19,29],"current_hp_per_floor":[54,54,75,74,75,75,73,73,73,49,49,40,39,41,41,47,68,77,77,77,68,68,26,53,61,61,61,47,47,47,23,51,5],"gold":144,"neow_bonus":"ONE_RARE_RELIC","is_prod":false,"is_daily":false,"chose_seed":false,"campfire_upgraded":5,"win_rate":0,"timestamp":1555235763,"path_taken":["M","$","?","M","M","R","M","R","T","E","?","?","?","M","R","BOSS","M","$","?","M","?","E","R","M","T","R","E","?","R","E","R","BOSS"],"build_version":"2019-01-23","purchased_purges":0,"victory":false,"max_hp_per_floor":[75,75,75,75,75,75,75,75,75,75,75,75,75,75,75,75,75,78,78,78,81,81,91,91,94,94,94,94,94,94,94,94,94],"card_choices":[{"not_picked":["Sword Boomerang","Flex","Clash"],"picked":"SKIP","floor":1},{"not_picked":["Wild Strike","Cleave"],"picked":"Pommel Strike","floor":4},{"not_picked":["Rupture","Sword Boomerang"],"picked":"Shrug It Off","floor":5},{"not_picked":["True Grit","Heavy Blade"],"picked":"Perfected Strike","floor":7},{"not_picked":["Heavy Blade","Sword Boomerang","Warcry"],"picked":"SKIP","floor":10},{"not_picked":["Heavy Blade","Sword Boomerang","Warcry"],"picked":"SKIP","floor":10},{"not_picked":["Havoc","Berserk"],"picked":"Twin Strike","floor":12},{"not_picked":["Sword Boomerang","Clash"],"picked":"Perfected Strike","floor":13},{"not_picked":["Whirlwind","Entrench"],"picked":"Wild Strike","floor":14},{"not_picked":["Brutality","Demon Form"],"picked":"Feed","floor":16},{"not_picked":["Blood for Blood+1","Body Slam"],"picked":"Wild Strike","floor":18},{"not_picked":["Combust","Sword Boomerang"],"picked":"Warcry+1","floor":21},{"not_picked":["Sword Boomerang","Fire Breathing","Thunderclap"],"picked":"SKIP","floor":23},{"not_picked":["Clash+1","Havoc"],"picked":"Wild Strike","floor":25},{"not_picked":["Spot Weakness","Armaments"],"picked":"Perfected Strike","floor":28},{"not_picked":["Juggernaut","Shrug It Off"],"picked":"Pommel Strike","floor":31}],"player_experience":3130431,"relics_obtained":[{"floor":9,"key":"Mercury Hourglass"},{"floor":10,"key":"Bottled Lightning"},{"floor":12,"key":"Vajra"},{"floor":23,"key":"Pear"},{"floor":28,"key":"Omamori"},{"floor":31,"key":"Thread and Needle"}],"event_choices":[{"damage_healed":25,"gold_gain":0,"player_choice":"Banana","damage_taken":0,"max_hp_gain":0,"max_hp_loss":0,"event_name":"Big Fish","floor":3,"gold_loss":0},{"damage_healed":0,"gold_gain":57,"player_choice":"Gained Gold","damage_taken":0,"max_hp_gain":0,"max_hp_loss":0,"event_name":"Golden Wing","floor":11,"gold_loss":0},{"damage_healed":0,"gold_gain":0,"player_choice":"Searched \u00271\u0027 times","damage_taken":0,"max_hp_gain":0,"max_hp_loss":0,"event_name":"Dead Adventurer","floor":12,"gold_loss":0},{"damage_healed":0,"gold_gain":0,"player_choice":"Ignored","damage_taken":0,"max_hp_gain":0,"max_hp_loss":0,"event_name":"Vampires","floor":20,"gold_loss":0},{"damage_healed":0,"gold_gain":0,"player_choice":"Ignored","damage_taken":0,"max_hp_gain":0,"max_hp_loss":0,"event_name":"The Mausoleum","floor":22,"gold_loss":0}],"is_beta":false,"boss_relics":[{"not_picked":["Runic Cube","Black Star"],"picked":"Philosopher\u0027s Stone"}],"items_purged_floors":[],"is_endless":false,"potions_floor_spawned":[4,12,14,18,28],"killed_by":"Collector","ascension_level":20}