{"path_per_floor":["M","?","M","M","$","R","?","R","T","R","E","R","$","M","R","B",null,"M","?","M","$","?","R","M","R","T","$","M","M","?","?","R","B",null,"M","$","?","?","?","R","M","?","T","?","M","M","?","?","R","B"],"character_chosen":"THE_SILENT","items_purchased":["Noxious Fumes","Bane","Noxious Fumes","Whetstone","Catalyst"],"gold_per_floor":[111,111,122,140,68,68,143,143,166,166,198,198,76,94,94,195,195,211,211,222,7,7,7,22,22,22,22,39,52,52,52,52,149,179,194,14,0,0,0,0,11,11,56,56,72,82,82,82,82,82],"floor_reached":51,"campfire_rested":6,"playtime":2329,"current_hp_per_floor":[70,67,67,67,67,70,59,59,59,59,44,65,65,62,62,61,70,56,43,36,36,36,58,41,63,63,63,50,16,16,16,38,11,80,65,65,65,65,65,80,72,80,80,70,61,34,70,70,70,11],"items_purged":["Strike_G","Strike_G"],"gold":82,"score":516,"play_id":"870c1e0c-0389-4b38-acc3-211f8cc83e76","is_prod":false,"is_daily":false,"is_ascension_mode":false,"campfire_upgraded":4,"path_taken":["M","?","M","M","$","R","?","R","T","R","E","R","?","M","R","BOSS","M","?","M","$","?","R","M","R","T","$","M","M","?","?","R","BOSS","M","$","?","?","?","R","M","?","T","?","M","M","?","?","R","BOSS"],"build_version":"2018-02-15-PROD1","purchased_purges":2,"victory":true,"master_deck":["Defend_G","Defend_G","Defend_G","Defend_G","Strike_G+1","Strike_G+1","Survivor","Neutralize","Bouncing Flask+1","Deadly Poison+1","Noxious Fumes+1","Bane","Envenom","Backflip+1","Bane+1","Noxious Fumes+1","Poisoned Stab","Envenom+1","Poisoned Stab","Bouncing Flask+1","Catalyst+1","Poisoned Stab","Madness+1","Madness+1","Dash"],"max_hp_per_floor":[70,70,70,70,70,70,70,70,70,70,70,70,70,70,70,70,70,70,75,75,75,75,75,75,75,75,75,75,75,75,75,75,75,80,80,80,80,80,80,80,80,80,80,80,80,80,70,70,70,70],"relics":["Ring of the Snake","Bag of Preparation","Snake Skull","Juzu Bracelet","Astrolabe","Whetstone","Pen Nib","Toxic Egg 2","Tiny House","Red Mask","Happy Flower"],"card_choices":[{"not_picked":["Masterful Stab","Underhanded Strike"],"picked":"Sucker Punch"},{"not_picked":["Backflip","Catalyst"],"picked":"Bouncing Flask"},{"not_picked":["Skewer","Outmaneuver"],"picked":"Deadly Poison"},{"not_picked":["Tools of the Trade","Die Die Die"],"picked":"Envenom"},{"not_picked":["Cloak And Dagger","Dodge and Roll"],"picked":"Bane"},{"not_picked":["Bane","Backstab"],"picked":"Poisoned Stab"},{"not_picked":["Corpse Explosion","Venomology"],"picked":"Envenom"},{"not_picked":["Quick Slash","Deadly Poison"],"picked":"Poisoned Stab"},{"not_picked":["PiercingWail","Dagger Spray"],"picked":"Bouncing Flask"},{"not_picked":["Dagger Throw","Cloak And Dagger"],"picked":"Poisoned Stab"}],"player_experience":166009,"potions_floor_usage":[16,16,33,33,33,35,41,46],"damage_taken":[{"damage":0,"enemies":"Jaw Worm","floor":1,"turns":4},{"damage":0,"enemies":"Small Slimes","floor":3,"turns":4},{"damage":0,"enemies":"2 Louse","floor":4,"turns":3},{"damage":15,"enemies":"Gremlin Nob","floor":11,"turns":4},{"damage":3,"enemies":"2 Fungi Beasts","floor":14,"turns":3},{"damage":1,"enemies":"Slime Boss","floor":16,"turns":6},{"damage":14,"enemies":"Shell Parasite","floor":18,"turns":4},{"damage":7,"enemies":"Spheric Guardian","floor":20,"turns":4},{"damage":17,"enemies":"Snake Plant","floor":24,"turns":4},{"damage":13,"enemies":"Centurion and Healer","floor":28,"turns":6},{"damage":34,"enemies":"Sentry and Sphere","floor":29,"turns":6},{"damage":27,"enemies":"Champ","floor":33,"turns":8},{"damage":15,"enemies":"3 Shapes","floor":35,"turns":4},{"damage":11,"enemies":"Orb Walker","floor":41,"turns":2},{"damage":9,"enemies":"Maw","floor":45,"turns":4},{"damage":27,"enemies":"3 Darklings","floor":46,"turns":4},{"damage":59,"enemies":"Time Eater","floor":50,"turns":6}],"event_choices":[{"event_name":"Scrap Ooze","player_choice":"success","floor":2,"damage_taken":3},{"event_name":"World of Goop","player_choice":"Gather Gold","floor":7,"damage_taken":0},{"event_name":"Forgotten Altar","player_choice":"Shed Blood","floor":19,"damage_taken":0},{"event_name":"Wheel of Change","player_choice":"Relic","floor":22,"damage_taken":0},{"event_name":"Beggar","player_choice":"Ignored","floor":30,"damage_taken":0},{"event_name":"The Lab","player_choice":"Got Potions","floor":31,"damage_taken":0},{"event_name":"Tomb of Lord Red Mask","player_choice":"Paid","floor":37,"damage_taken":0},{"event_name":"Mysterious Sphere","player_choice":"Ignore","floor":39,"damage_taken":0},{"event_name":"Bonfire Elementals","player_choice":"UNCOMMON","floor":42,"damage_taken":0},{"event_name":"Winding Halls","player_choice":"Embrace Madness","floor":44,"damage_taken":0},{"event_name":"The Moai Head","player_choice":"Heal","floor":47,"damage_taken":0},{"event_name":"Transmorgrifier","player_choice":"Transform","floor":48,"damage_taken":0}],"boss_relics":[{"not_picked":["White Beast Statue","Runic Pyramid"],"picked":"Astrolabe"},{"not_picked":["Runic Dome","Calling Bell"],"picked":"Tiny House"}],"potions_floor_spawned":[1,11,14,18,29,33,45],"seed_played":"-8985650236252283805","ascension_level":0,"is_trial":false}