{"gold_per_floor":[209,359,376,451,451,451,468,98,98,155,155,167,167,232,232,306,306,320,29,45,62,20,20],"floor_reached":23,"playtime":2068,"items_purged":["Doubt"],"score":340,"play_id":"6628830b-e25c-4b2b-bf1d-426bd1871463","local_time":"20181214101029","is_ascension_mode":true,"campfire_choices":[{"data":"Zap","floor":6,"key":"SMITH"},{"floor":11,"key":"REST"},{"floor":13,"key":"REST"},{"data":"Fission","floor":15,"key":"SMITH"}],"neow_cost":"NONE","seed_source_timestamp":419602241935323,"circlet_count":0,"master_deck":["AscendersBane","Strike_B","Strike_B","Strike_B","Strike_B","Defend_B","Defend_B","Defend_B","Defend_B","Zap+1","Dualcast","Barrage","Conserve Battery","Steam","Fission+1","Hello World","Chill","Static Discharge","Buffer","Echo Form","Redo","Capacitor","Auto Shields","Stack","Amplify","Doom and Gloom","Self Repair","Leap","Fusion+1","Loop"],"relics":["Cracked Core","Pear","Pen Nib","Tiny Chest","Orrery","Omamori"],"potions_floor_usage":[10,12,14,16,20],"damage_taken":[{"damage":0,"enemies":"Small Slimes","floor":1,"turns":2},{"damage":2,"enemies":"Jaw Worm","floor":3,"turns":3},{"damage":0,"enemies":"2 Louse","floor":7,"turns":2},{"damage":25,"enemies":"Lagavulin Event","floor":10,"turns":8},{"damage":12,"enemies":"Gremlin Gang","floor":12,"turns":6},{"damage":4,"enemies":"Lagavulin","floor":14,"turns":5},{"damage":19,"enemies":"The Guardian","floor":16,"turns":11},{"damage":40,"enemies":"3 Byrds","floor":18,"turns":6},{"damage":11,"enemies":"Spheric Guardian","floor":20,"turns":7},{"damage":0,"enemies":"Centurion and Healer","floor":21,"turns":9},{"damage":56,"enemies":"Gremlin Leader","floor":23,"turns":4}],"seed_played":"-103153629250048812","potions_obtained":[{"floor":7,"key":"GamblersBrew"},{"floor":10,"key":"SteroidPotion"},{"floor":14,"key":"Dexterity Potion"},{"floor":18,"key":"Ancient Potion"}],"is_trial":false,"path_per_floor":["M","?","M","?","?","R","M","$","T","?","R","M","R","E","R","B",null,"M","$","M","M","$","E"],"character_chosen":"DEFECT","items_purchased":["Fission","Hello World","Chill","Block Potion","Self Repair","Omamori","SkillPotion","Loop"],"campfire_rested":2,"item_purchase_floors":[8,8,8,8,19,19,19,22],"current_hp_per_floor":[64,64,62,51,71,71,71,71,81,56,80,68,81,77,77,58,75,35,35,31,45,45,0],"gold":20,"neow_bonus":"HUNDRED_GOLD","is_prod":false,"is_daily":false,"chose_seed":false,"campfire_upgraded":2,"win_rate":0,"timestamp":1544775029,"path_taken":["M","?","M","?","?","R","?","$","T","?","R","M","R","E","R","BOSS","M","$","M","M","$","E"],"build_version":"2018-12-13","purchased_purges":1,"victory":false,"max_hp_per_floor":[71,71,71,71,71,71,71,71,81,81,81,81,81,81,81,81,81,81,81,81,81,81,81],"card_choices":[{"not_picked":["Gash","Turbo"],"picked":"Barrage","floor":1},{"not_picked":["Rebound","Skim"],"picked":"Conserve Battery","floor":3},{"not_picked":["Hologram","Compile Driver"],"picked":"Steam","floor":7},{"not_picked":["Coolheaded","Conserve Battery"],"picked":"Static Discharge","floor":10},{"not_picked":["Rebound","Go for the Eyes","Streamline"],"picked":"SKIP","floor":12},{"not_picked":["Cold Snap","Melter"],"picked":"Buffer","floor":14},{"not_picked":["Meteor Strike","All For One"],"picked":"Echo Form","floor":16},{"not_picked":["Go for the Eyes","Reprogram"],"picked":"Redo","floor":17},{"not_picked":["Go for the Eyes","Turbo"],"picked":"Capacitor","floor":17},{"not_picked":["Blizzard","Rebound"],"picked":"Auto Shields","floor":17},{"not_picked":["Compile Driver","Tempest"],"picked":"Stack","floor":17},{"not_picked":["Hello World","Sweeping Beam"],"picked":"Amplify","floor":17},{"not_picked":["Compile Driver+1","Cold Snap"],"picked":"Doom and Gloom","floor":18},{"not_picked":["Gash","Sweeping Beam"],"picked":"Leap","floor":20},{"not_picked":["Scrape","Multi-Cast"],"picked":"Fusion+1","floor":21}],"player_experience":825916,"relics_obtained":[{"floor":9,"key":"Pear"},{"floor":10,"key":"Pen Nib"},{"floor":14,"key":"Tiny Chest"}],"event_choices":[{"damage_healed":0,"gold_gain":150,"player_choice":"AGREE","damage_taken":0,"max_hp_gain":0,"max_hp_loss":0,"event_name":"Liars Game","floor":2,"gold_loss":0,"cards_obtained":["Doubt"]},{"damage_healed":0,"gold_gain":75,"player_choice":"Gather Gold","damage_taken":11,"max_hp_gain":0,"max_hp_loss":0,"event_name":"World of Goop","floor":4,"gold_loss":0},{"damage_healed":23,"gold_gain":0,"player_choice":"Banana","damage_taken":0,"max_hp_gain":0,"max_hp_loss":0,"event_name":"Big Fish","floor":5,"gold_loss":0},{"damage_healed":0,"gold_gain":0,"player_choice":"Searched \u00271\u0027 times","damage_taken":0,"max_hp_gain":0,"max_hp_loss":0,"event_name":"Dead Adventurer","floor":10,"gold_loss":0}],"is_beta":false,"boss_relics":[{"not_picked":["Pandora\u0027s Box","Astrolabe"],"picked":"Orrery"}],"items_purged_floors":[8],"is_endless":false,"potions_floor_spawned":[7,10,14,18],"killed_by":"Gremlin Leader","ascension_level":16}