{"gold_per_floor":[112,123,123,123,123,123,158,171,223,223,263,263,263,304,304,397,397,422,263,178,78,78,78,103,103],"floor_reached":25,"playtime":610,"items_purged":["Strike_R","Strike_R"],"score":480,"play_id":"e51b3e55-f3e6-4e18-ab96-7082681912b0","local_time":"20190304192216","is_ascension_mode":true,"campfire_choices":[{"data":"Bash","floor":6,"key":"SMITH"},{"data":"Searing Blow","floor":10,"key":"SMITH"},{"data":"Searing Blow+1","floor":12,"key":"SMITH"},{"data":"Searing Blow+2","floor":15,"key":"SMITH"},{"data":"Evolve","floor":23,"key":"SMITH"}],"neow_cost":"NONE","seed_source_timestamp":241996416078800,"circlet_count":0,"master_deck":["AscendersBane","Strike_R","Strike_R","Defend_R","Defend_R","Defend_R","Defend_R","Bash+1","Spot Weakness","Searing Blow+3","Feel No Pain","Double Tap","Offering","Battle Trance+1","Evolve+1","Second Wind","Shrug It Off+1"],"relics":["Burning Blood","NeowsBlessing","Potion Belt","Golden Idol","Meat on the Bone","Bag of Preparation","Mummified Hand","Molten Egg 2","Runic Pyramid","Self Forming Clay"],"potions_floor_usage":[11,16],"damage_taken":[{"damage":0,"enemies":"2 Louse","floor":1,"turns":1},{"damage":0,"enemies":"Small Slimes","floor":2,"turns":1},{"damage":0,"enemies":"3 Sentries","floor":7,"turns":2},{"damage":1,"enemies":"Cultist","floor":8,"turns":3},{"damage":36,"enemies":"Gremlin Nob","floor":11,"turns":4},{"damage":30,"enemies":"Lagavulin","floor":14,"turns":6},{"damage":40,"enemies":"Slime Boss","floor":16,"turns":6},{"damage":41,"enemies":"Shell Parasite","floor":18,"turns":3},{"damage":15,"enemies":"Chosen","floor":24,"turns":3},{"damage":16,"enemies":"Gremlin Leader","floor":25,"turns":4}],"seed_played":"-5019346976297993337","potions_obtained":[{"floor":2,"key":"FearPotion"},{"floor":8,"key":"PowerPotion"},{"floor":18,"key":"Strength Potion"}],"is_trial":false,"path_per_floor":["M","M","?","?","?","R","E","M","T","R","E","R","?","E","R","B",null,"M","$","?","$","?","R","M","E"],"character_chosen":"IRONCLAD","items_purchased":["Evolve"],"campfire_rested":0,"item_purchase_floors":[19],"current_hp_per_floor":[74,75,57,57,57,57,63,68,68,68,50,50,55,43,43,21,60,37,37,37,37,37,37,40,24],"gold":103,"neow_bonus":"THREE_ENEMY_KILL","is_prod":false,"is_daily":false,"chose_seed":false,"campfire_upgraded":5,"win_rate":0,"timestamp":1551694936,"path_taken":["M","M","?","?","?","R","E","?","T","R","E","R","?","E","R","BOSS","M","$","?","$","?","R","M","E"],"build_version":"2019-01-23","purchased_purges":2,"victory":false,"max_hp_per_floor":[75,75,75,68,68,68,68,68,68,68,68,68,73,73,73,73,73,73,73,73,73,73,73,73,73],"card_choices":[{"not_picked":["Havoc","Pummel","Flex"],"picked":"SKIP","floor":1},{"not_picked":["Havoc","Headbutt"],"picked":"Spot Weakness","floor":2},{"not_picked":["Clash","Uppercut","Rage"],"picked":"SKIP","floor":7},{"not_picked":["Berserk","Corruption"],"picked":"Feel No Pain","floor":8},{"not_picked":["Havoc","Perfected Strike"],"picked":"Double Tap","floor":11},{"not_picked":["Perfected Strike","Cleave","Clash"],"picked":"SKIP","floor":14},{"not_picked":["Demon Form","Brutality"],"picked":"Offering","floor":16},{"not_picked":["Flex","Perfected Strike+1"],"picked":"Battle Trance+1","floor":18},{"not_picked":["Anger+1","Rupture"],"picked":"Shrug It Off+1","floor":24}],"player_experience":2012232,"relics_obtained":[{"floor":7,"key":"Meat on the Bone"},{"floor":9,"key":"Bag of Preparation"},{"floor":11,"key":"Mummified Hand"},{"floor":14,"key":"Molten Egg 2"}],"event_choices":[{"damage_healed":0,"gold_gain":0,"player_choice":"Success","damage_taken":18,"relics_obtained":["Potion Belt"],"max_hp_gain":0,"max_hp_loss":0,"event_name":"Scrap Ooze","floor":3,"gold_loss":0},{"damage_healed":0,"gold_gain":0,"player_choice":"Lose Max HP","damage_taken":0,"relics_obtained":["Golden Idol"],"max_hp_gain":0,"max_hp_loss":7,"event_name":"Golden Idol","floor":4,"gold_loss":0},{"damage_healed":0,"gold_gain":0,"cards_transformed":["Strike_R"],"player_choice":"Transformed","damage_taken":0,"max_hp_gain":0,"max_hp_loss":0,"event_name":"Transmorgrifier","floor":5,"gold_loss":0,"cards_obtained":["Searing Blow"]},{"damage_healed":0,"gold_gain":0,"player_choice":"Donut","damage_taken":0,"max_hp_gain":5,"max_hp_loss":0,"event_name":"Big Fish","floor":13,"gold_loss":0},{"damage_healed":0,"gold_gain":0,"player_choice":"Obtained Relic","damage_taken":0,"relics_obtained":["Self Forming Clay"],"max_hp_gain":0,"max_hp_loss":0,"event_name":"Addict","floor":20,"gold_loss":85},{"damage_healed":0,"gold_gain":0,"player_choice":"Read","damage_taken":0,"max_hp_gain":0,"max_hp_loss":0,"event_name":"The Library","floor":22,"gold_loss":0,"cards_obtained":["Second Wind"]}],"is_beta":false,"boss_relics":[{"not_picked":["Eternal Feather","Mark of Pain"],"picked":"Runic Pyramid"}],"items_purged_floors":[19,21],"is_endless":false,"potions_floor_spawned":[2,8,18],"killed_by":"Gremlin Leader","ascension_level":20}