{"gold_per_floor":[109,109,123,123,123,123,133,152,152,169,181,181,181,181,181,258,258,271,305,319,54,54],"floor_reached":22,"playtime":913,"items_purged":[],"score":356,"play_id":"8cb2cb8b-981f-4e35-803a-3b867d31d8c6","local_time":"20190409203629","is_ascension_mode":true,"campfire_choices":[{"floor":6,"key":"REST"},{"floor":13,"key":"REST"},{"data":"Creative AI","floor":15,"key":"SMITH"}],"neow_cost":"NONE","seed_source_timestamp":239405598023500,"circlet_count":0,"master_deck":["AscendersBane","Zap","Dualcast","Multi-Cast","Beam Cell","Reboot","Consume","Scrape","Machine Learning","Fusion","Gash","Darkness","Creative AI+1","Coolheaded","FTL","Biased Cognition+1","Hologram+1","Electrodynamics+1"],"relics":["Pandora\u0027s Box","StoneCalendar","Mummified Hand","Bronze Scales","Frozen Egg 2","Nuclear Battery","Red Mask","ClockworkSouvenir"],"potions_floor_usage":[10,14,16,22],"damage_taken":[{"damage":20,"enemies":"2 Louse","floor":1,"turns":3},{"damage":12,"enemies":"Jaw Worm","floor":3,"turns":3},{"damage":0,"enemies":"Cultist","floor":7,"turns":2},{"damage":11,"enemies":"Looter","floor":8,"turns":2},{"damage":18,"enemies":"Large Slime","floor":10,"turns":2},{"damage":8,"enemies":"Blue Slaver","floor":11,"turns":2},{"damage":0,"enemies":"Exordium Thugs","floor":14,"turns":1},{"damage":17,"enemies":"Hexaghost","floor":16,"turns":7},{"damage":8,"enemies":"3 Byrds","floor":18,"turns":3},{"damage":20,"enemies":"Masked Bandits","floor":19,"turns":3},{"damage":12,"enemies":"Chosen","floor":20,"turns":3},{"damage":16,"enemies":"Centurion and Healer","floor":22,"turns":1}],"seed_played":"-233753018040801010","potions_obtained":[{"floor":1,"key":"FocusPotion"},{"floor":8,"key":"SmokeBomb"},{"floor":10,"key":"GamblersBrew"}],"is_trial":false,"path_per_floor":["M","?","M","T","?","R","M","M","T","M","M","?","R","M","R","B",null,"M","?","M","$","M"],"character_chosen":"DEFECT","items_purchased":["ClockworkSouvenir","Fire Potion"],"campfire_rested":2,"item_purchase_floors":[21,21],"current_hp_per_floor":[44,33,21,21,21,42,42,31,31,13,5,5,26,26,26,9,56,48,28,16,16,0],"gold":54,"neow_bonus":"BOSS_RELIC","is_prod":false,"is_daily":false,"chose_seed":false,"campfire_upgraded":1,"win_rate":0,"timestamp":1554809789,"path_taken":["M","?","M","?","?","R","M","?","T","M","M","?","R","M","R","BOSS","M","?","M","$","M"],"build_version":"2019-01-23","purchased_purges":0,"victory":false,"max_hp_per_floor":[71,71,71,71,71,71,71,71,71,71,71,71,71,71,71,71,71,71,71,71,71,71],"card_choices":[{"not_picked":["Genetic Algorithm","Scrape"],"picked":"Gash","floor":1},{"not_picked":["Turbo","Redo","Stack"],"picked":"SKIP","floor":3},{"not_picked":["Go for the Eyes","Blizzard"],"picked":"Darkness","floor":7},{"not_picked":["Melter","Conserve Battery"],"picked":"Creative AI","floor":8},{"not_picked":["Redo","Gash"],"picked":"Coolheaded","floor":10},{"not_picked":["Darkness","Go for the Eyes"],"picked":"FTL","floor":11},{"not_picked":["Amplify","Multi-Cast"],"picked":"Biased Cognition+1","floor":16},{"not_picked":["Sweeping Beam","Compile Driver"],"picked":"Hologram+1","floor":18},{"not_picked":["Sweeping Beam","Chill"],"picked":"Electrodynamics+1","floor":20}],"player_experience":3016545,"relics_obtained":[{"floor":4,"key":"Mummified Hand"},{"floor":9,"key":"Frozen Egg 2"},{"floor":19,"key":"Red Mask"}],"event_choices":[{"damage_healed":0,"gold_gain":0,"player_choice":"Success","damage_taken":11,"relics_obtained":["StoneCalendar"],"max_hp_gain":0,"max_hp_loss":0,"event_name":"Scrap Ooze","floor":2,"gold_loss":0},{"cards_removed":["Fission"],"damage_healed":0,"gold_gain":0,"player_choice":"Gave Card","damage_taken":0,"relics_obtained":["Bronze Scales"],"max_hp_gain":0,"max_hp_loss":0,"event_name":"WeMeetAgain","floor":5,"gold_loss":0},{"damage_healed":0,"gold_gain":0,"player_choice":"Ignored","damage_taken":0,"max_hp_gain":0,"max_hp_loss":0,"event_name":"Golden Wing","floor":12,"gold_loss":0},{"damage_healed":0,"gold_gain":0,"player_choice":"Fought Bandits","damage_taken":0,"max_hp_gain":0,"max_hp_loss":0,"event_name":"Masked Bandits","floor":19,"gold_loss":0}],"is_beta":false,"boss_relics":[{"not_picked":["Snecko Eye","Cursed Key"],"picked":"Nuclear Battery"}],"items_purged_floors":[],"is_endless":false,"potions_floor_spawned":[1,8,10],"killed_by":"Centurion and Healer","ascension_level":20}