{"gold_per_floor":[116,132,211,113,127,202,202,230,230,230,259,259,293,307,307,386,386,400,417,417,8,20,20,33,33,33,50,50,85,97,124,124,198,198,217,227,227,16,29,29,57,70,150,185,197,197,210,210,210,210,210,210,210,42,73,73],"floor_reached":56,"playtime":2977,"items_purged":["Strike_B"],"score":2044,"play_id":"73fd7ef0-7855-4a2a-aba0-a98e753a759f","local_time":"20190319205038","is_ascension_mode":true,"campfire_choices":[{"floor":10.0,"key":"REST"},{"data":"Defragment","floor":12.0,"key":"SMITH"},{"data":"Loop","floor":15.0,"key":"SMITH"},{"data":"Reboot","floor":23.0,"key":"SMITH"},{"data":"Self Repair","floor":25.0,"key":"SMITH"},{"data":"Capacitor","floor":28.0,"key":"SMITH"},{"data":"Self Repair","floor":32.0,"key":"SMITH"},{"data":"Blizzard","floor":40.0,"key":"SMITH"},{"data":"Turbo","floor":46.0,"key":"SMITH"},{"floor":49.0,"key":"RECALL"},{"data":"Reboot","floor":53.0,"key":"SMITH"}],"neow_cost":"NONE","seed_source_timestamp":4896144094200,"circlet_count":0,"master_deck":["AscendersBane","Defend_B+1","Defend_B+1","Defend_B","Defend_B","Zap","Dualcast","Melter","Defragment+1","Loop+1","FTL","Cold Snap","Reboot+1","Hyperbeam+1","Loop+1","Redo+1","Self Repair+1","Self Repair+1","Capacitor+1","Cold Snap","Undo","Coolheaded","Reboot+1","Hologram+1","Blizzard+1","Coolheaded","Turbo+1","Glacier","Defragment"],"special_seed":0,"relics":["Cracked Core","NeowsBlessing","Matryoshka","Happy Flower","Symbiotic Virus","War Paint","FossilizedHelix","DataDisk","Astrolabe","NlothsMask","Calipers","Pear","Gambling Chip","Du-Vu Doll","Inserter","Blue Candle","Kunai","Mercury Hourglass","Bag of Preparation","Ice Cream"],"potions_floor_usage":[56,56],"damage_taken":[{"damage":0.0,"enemies":"Cultist","floor":1.0,"turns":1.0},{"damage":0.0,"enemies":"2 Louse","floor":2.0,"turns":1.0},{"damage":0.0,"enemies":"Small Slimes","floor":5.0,"turns":1.0},{"damage":32.0,"enemies":"Gremlin Nob","floor":8.0,"turns":4.0},{"damage":12.0,"enemies":"Lagavulin","floor":11.0,"turns":5.0},{"damage":20.0,"enemies":"Gremlin Nob","floor":13.0,"turns":4.0},{"damage":0.0,"enemies":"Exordium Thugs","floor":14.0,"turns":3.0},{"damage":7.0,"enemies":"Hexaghost","floor":16.0,"turns":5.0},{"damage":11.0,"enemies":"2 Thieves","floor":18.0,"turns":2.0},{"damage":3.0,"enemies":"Shell Parasite","floor":19.0,"turns":3.0},{"damage":18.0,"enemies":"Snecko","floor":22.0,"turns":4.0},{"damage":6.0,"enemies":"3 Cultists","floor":24.0,"turns":3.0},{"damage":17.0,"enemies":"Centurion and Healer","floor":27.0,"turns":4.0},{"damage":11.0,"enemies":"Gremlin Leader","floor":29.0,"turns":3.0},{"damage":13.0,"enemies":"Chosen and Byrds","floor":30.0,"turns":4.0},{"damage":4.0,"enemies":"Slavers","floor":31.0,"turns":3.0},{"damage":41.0,"enemies":"Collector","floor":33.0,"turns":6.0},{"damage":9.0,"enemies":"3 Shapes","floor":35.0,"turns":8.0},{"damage":12.0,"enemies":"3 Darklings","floor":36.0,"turns":11.0},{"damage":0.0,"enemies":"4 Shapes","floor":39.0,"turns":7.0},{"damage":6.0,"enemies":"Giant Head","floor":41.0,"turns":10.0},{"damage":5.0,"enemies":"Transient","floor":42.0,"turns":6.0},{"damage":72.0,"enemies":"Nemesis","floor":44.0,"turns":5.0},{"damage":0.0,"enemies":"Sphere and 2 Shapes","floor":45.0,"turns":7.0},{"damage":0.0,"enemies":"3 Darklings","floor":47.0,"turns":10.0},{"damage":0.0,"enemies":"Reptomancer","floor":48.0,"turns":2.0},{"damage":4.0,"enemies":"Time Eater","floor":50.0,"turns":13.0},{"damage":21.0,"enemies":"Awakened One","floor":51.0,"turns":24.0},{"damage":0.0,"enemies":"Shield and Spear","floor":55.0,"turns":11.0},{"damage":96,"enemies":"The Heart","floor":56,"turns":18}],"seed_played":"-8635410121607210912","potions_obtained":[{"floor":1.0,"key":"EssenceOfSteel"},{"floor":13.0,"key":"Regen Potion"},{"floor":14.0,"key":"Fire Potion"},{"floor":16.0,"key":"PowerPotion"},{"floor":19.0,"key":"Strength Potion"},{"floor":29.0,"key":"Fire Potion"},{"floor":30.0,"key":"AttackPotion"},{"floor":33.0,"key":"SmokeBomb"},{"floor":35.0,"key":"Ancient Potion"},{"floor":55.0,"key":"EssenceOfSteel"}],"is_trial":false,"path_per_floor":["M","M","T","$","M","?","?","E","T","R","E","R","E","M","R","B",null,"M","M","?","$","M","R","M","R","T","M","R","E","M","E","R","B",null,"M","M","$","$","M","R","E","M","T","E","M","R","M","E","R","B","B",null,"R","$","E","B"],"character_chosen":"DEFECT","items_purchased":["Defragment","Fire Potion","Calipers","Capacitor","Blizzard","Coolheaded","Bag of Preparation"],"campfire_rested":1,"item_purchase_floors":[4,4,21,21,38,38,54],"current_hp_per_floor":[64,64,64,64,64,53,48,16,16,37,25,25,5,14,14,7,55,44,48,48,48,44,44,52,52,62,45,45,48,52,65,65,44,72,81,81,81,81,81,81,81,81,81,29,49,49,69,79,79,81,80,81,81,81,81,0],"gold":73,"neow_bonus":"THREE_ENEMY_KILL","is_prod":false,"is_daily":false,"chose_seed":false,"campfire_upgraded":9,"win_rate":0,"timestamp":1552996238,"path_taken":["M","M","?","?","M","?","?","E","T","R","E","R","E","M","R","BOSS","M","M","?","?","?","R","?","R","T","M","R","E","M","E","R","BOSS","M","?","?","$","M","R","E","?","T","E","M","R","M","E","R","BOSS","BOSS","R","$","E","BOSS"],"build_version":"2019-01-23","purchased_purges":1,"victory":false,"max_hp_per_floor":[71,71,71,71,71,71,71,71,71,71,71,71,71,71,71,71,71,71,71,71,71,71,71,71,71,81,81,81,81,81,81,81,81,81,81,81,81,81,81,81,81,81,81,81,81,81,81,81,81,81,81,81,81,81,81,81],"card_choices":[{"not_picked":["Conserve Battery","Beam Cell"],"picked":"Melter","floor":1.0},{"not_picked":["Hello World","Stack","Go for the Eyes"],"picked":"SKIP","floor":2.0},{"not_picked":["Barrage","Cold Snap"],"picked":"Loop","floor":5.0},{"not_picked":["Meteor Strike","Undo"],"picked":"FTL","floor":8.0},{"not_picked":["Turbo","Ball Lightning","Beam Cell"],"picked":"SKIP","floor":11.0},{"not_picked":["Stack","Steam"],"picked":"Cold Snap","floor":13.0},{"not_picked":["Fusion","Storm","Beam Cell"],"picked":"SKIP","floor":14.0},{"not_picked":["Hyperbeam","Creative AI"],"picked":"Reboot","floor":16.0},{"not_picked":["Ball Lightning","Rebound+1"],"picked":"Self Repair","floor":18.0},{"not_picked":["Reprogram","Compile Driver"],"picked":"Self Repair","floor":19.0},{"not_picked":["Gash","Stack"],"picked":"Cold Snap","floor":22.0},{"not_picked":["Beam Cell","Leap","Static Discharge"],"picked":"SKIP","floor":24.0},{"not_picked":["Streamline","Stack","Hologram"],"picked":"SKIP","floor":27.0},{"not_picked":["Sweeping Beam","Fusion","Force Field"],"picked":"SKIP","floor":29.0},{"not_picked":["Streamline","Compile Driver"],"picked":"Undo","floor":30.0},{"not_picked":["Ball Lightning+1","Auto Shields"],"picked":"Coolheaded","floor":31.0},{"not_picked":["Amplify","Meteor Strike"],"picked":"Reboot","floor":33.0},{"not_picked":["Force Field+1","Steam"],"picked":"Hologram+1","floor":35.0},{"not_picked":["Go for the Eyes+1","Hello World","Recycle"],"picked":"SKIP","floor":36.0},{"not_picked":["Ball Lightning","Compile Driver","Steam+1"],"picked":"SKIP","floor":39.0},{"not_picked":["Recycle","Aggregate+1"],"picked":"Turbo","floor":41.0},{"not_picked":["Buffer","Streamline","Steam"],"picked":"SKIP","floor":42.0},{"not_picked":["Conserve Battery","Melter"],"picked":"Glacier","floor":44.0},{"not_picked":["Lockon","Barrage","Reprogram"],"picked":"SKIP","floor":45.0},{"not_picked":["Tempest","Sweeping Beam","Conserve Battery"],"picked":"SKIP","floor":47.0},{"not_picked":["Redo","Recycle"],"picked":"Defragment","floor":55.0}],"player_experience":2380926,"relics_obtained":[{"floor":8.0,"key":"Happy Flower"},{"floor":9.0,"key":"Symbiotic Virus"},{"floor":9.0,"key":"War Paint"},{"floor":11.0,"key":"FossilizedHelix"},{"floor":13.0,"key":"DataDisk"},{"floor":26.0,"key":"Pear"},{"floor":29.0,"key":"Gambling Chip"},{"floor":31.0,"key":"Du-Vu Doll"},{"floor":41.0,"key":"Blue Candle"},{"floor":43.0,"key":"Kunai"},{"floor":44.0,"key":"Mercury Hourglass"},{"floor":55.0,"key":"Ice Cream"}],"event_choices":[{"damage_healed":0.0,"max_hp_gain":0.0,"max_hp_loss":0.0,"gold_gain":75.0,"event_name":"World of Goop","player_choice":"Gather Gold","floor":6.0,"gold_loss":0.0,"damage_taken":11.0},{"damage_healed":0.0,"max_hp_gain":0.0,"max_hp_loss":0.0,"gold_gain":0.0,"event_name":"Scrap Ooze","player_choice":"Success","floor":7.0,"gold_loss":0.0,"damage_taken":5.0,"relics_obtained":["Matryoshka"]},{"damage_healed":0.0,"max_hp_gain":0.0,"max_hp_loss":0.0,"gold_gain":0.0,"event_name":"FaceTrader","player_choice":"Trade","floor":20.0,"gold_loss":0.0,"damage_taken":0.0,"relics_obtained":["NlothsMask"]}],"is_beta":false,"boss_relics":[{"not_picked":["Sozu","Nuclear Battery"],"picked":"Astrolabe"},{"not_picked":["Fusion Hammer","Empty Cage"],"picked":"Inserter"}],"items_purged_floors":[38],"is_endless":false,"potions_floor_spawned":[1,13,14,16,19,29,30,33,35,39,41,45,55],"killed_by":"The Heart","ascension_level":20}