{"gold_per_floor":[113,113,113,263,20,20,52,52,76,106,116,116,133,147,147,224,224,236,20,20,36,36,36,70,81,108,108,123,135,163,492,492,492],"floor_reached":33,"playtime":849,"items_purged":["Doubt"],"score":736,"play_id":"51c3b176-1bd4-4c99-a0de-5c95663521ac","local_time":"20190412150537","is_ascension_mode":true,"campfire_choices":[{"data":"Carnage","floor":6.0,"key":"SMITH"},{"data":"Shockwave","floor":8.0,"key":"SMITH"},{"data":"Rampage","floor":12.0,"key":"SMITH"},{"data":"True Grit","floor":15.0,"key":"SMITH"},{"floor":23.0,"key":"REST"},{"data":"Limit Break","floor":27.0,"key":"SMITH"},{"floor":32.0,"key":"REST"}],"neow_cost":"NONE","seed_source_timestamp":12071078828700,"circlet_count":0,"master_deck":["AscendersBane","Strike_R","Strike_R","Strike_R","Defend_R","Defend_R","Defend_R","Defend_R","Bash","Carnage+1","Shockwave+1","Rampage+1","True Grit+1","Offering","Corruption","Necronomicurse","Limit Break+1","Armaments+1","Seeing Red+1","True Grit+1"],"special_seed":0,"relics":["Burning Blood","NeowsBlessing","Red Skull","Gremlin Horn","Regal Pillow","Ornamental Fan","Black Star","Bag of Preparation","Necronomicon","Toxic Egg 2","Torii","Orichalcum","Red Mask","Old Coin","Bronze Scales"],"potions_floor_usage":[33],"damage_taken":[{"damage":0.0,"enemies":"Small Slimes","floor":1.0,"turns":2.0},{"damage":0.0,"enemies":"Lagavulin","floor":7.0,"turns":1.0},{"damage":0.0,"enemies":"Gremlin Nob","floor":10.0,"turns":1.0},{"damage":8.0,"enemies":"2 Louse","floor":11.0,"turns":3.0},{"damage":0.0,"enemies":"Cultist","floor":13.0,"turns":2.0},{"damage":3.0,"enemies":"Exordium Wildlife","floor":14.0,"turns":4.0},{"damage":52.0,"enemies":"The Guardian","floor":16.0,"turns":11.0},{"damage":35.0,"enemies":"Shell Parasite","floor":18.0,"turns":6.0},{"damage":10.0,"enemies":"Chosen","floor":21.0,"turns":3.0},{"damage":11.0,"enemies":"Gremlin Leader","floor":24.0,"turns":4.0},{"damage":7.0,"enemies":"Snake Plant","floor":25.0,"turns":2.0},{"damage":7.0,"enemies":"Cultist and Chosen","floor":28.0,"turns":3.0},{"damage":6.0,"enemies":"3 Cultists","floor":29.0,"turns":3.0},{"damage":7.0,"enemies":"Masked Bandits","floor":30.0,"turns":2.0},{"damage":6.0,"enemies":"Slavers","floor":31.0,"turns":3.0},{"damage":56,"enemies":"Collector","floor":33,"turns":8}],"seed_played":"220478778376443821","potions_obtained":[{"floor":11.0,"key":"Ancient Potion"},{"floor":16.0,"key":"FearPotion"},{"floor":21.0,"key":"AttackPotion"},{"floor":25.0,"key":"LiquidBronze"},{"floor":31.0,"key":"AttackPotion"}],"is_trial":false,"path_per_floor":["M","$","?","?","$","R","E","R","T","E","M","R","M","M","R","B",null,"M","$","?","M","?","R","E","M","T","R","M","M","?","E","R","B"],"character_chosen":"IRONCLAD","items_purchased":["Red Skull","Bag of Preparation","Corruption"],"campfire_rested":2,"item_purchase_floors":[5,19,19],"current_hp_per_floor":[74,74,74,74,74,74,75,75,75,75,73,73,75,75,75,29,64,35,35,14,10,10,47,42,41,41,41,40,40,39,39,75,19],"gold":492,"neow_bonus":"THREE_ENEMY_KILL","is_prod":false,"is_daily":false,"chose_seed":false,"campfire_upgraded":5,"win_rate":0,"timestamp":1555049137,"path_taken":["M","$","?","?","$","R","E","R","T","E","M","R","M","M","R","BOSS","M","$","?","M","?","R","E","M","T","R","M","?","?","E","R","BOSS"],"build_version":"2019-01-23","purchased_purges":1,"victory":false,"max_hp_per_floor":[75,75,75,75,75,75,75,75,75,75,75,75,75,75,75,75,75,75,75,75,75,75,75,75,75,75,75,75,75,75,75,75,75],"card_choices":[{"not_picked":["Havoc","Combust","Flex"],"picked":"SKIP","floor":1.0},{"not_picked":["Pummel","Carnage"],"picked":"Shockwave","floor":7.0},{"not_picked":["Seeing Red","Shockwave"],"picked":"Rampage","floor":10.0},{"not_picked":["Metallicize","Iron Wave","Warcry"],"picked":"SKIP","floor":11.0},{"not_picked":["Iron Wave","Shockwave"],"picked":"True Grit","floor":13.0},{"not_picked":["Perfected Strike","Power Through","Heavy Blade"],"picked":"SKIP","floor":14.0},{"not_picked":["Demon Form","Juggernaut"],"picked":"Offering","floor":16.0},{"not_picked":["Clothesline+1","Burning Pact","Heavy Blade"],"picked":"SKIP","floor":18.0},{"not_picked":["Body Slam","Pommel Strike+1","Clothesline"],"picked":"SKIP","floor":21.0},{"not_picked":["Perfected Strike","Body Slam","Searing Blow"],"picked":"SKIP","floor":24.0},{"not_picked":["Havoc+1","Clash"],"picked":"Armaments+1","floor":25.0},{"not_picked":["Sword Boomerang","Fiend Fire"],"picked":"Seeing Red+1","floor":28.0},{"not_picked":["Warcry+1","Metallicize","Corruption"],"picked":"SKIP","floor":29.0},{"not_picked":["Feed","Bloodletting+1"],"picked":"True Grit+1","floor":31.0}],"player_experience":3079434,"relics_obtained":[{"floor":7.0,"key":"Gremlin Horn"},{"floor":9.0,"key":"Regal Pillow"},{"floor":10.0,"key":"Ornamental Fan"},{"floor":20.0,"key":"Necronomicon"},{"floor":24.0,"key":"Toxic Egg 2"},{"floor":24.0,"key":"Torii"},{"floor":26.0,"key":"Orichalcum"},{"floor":30.0,"key":"Red Mask"},{"floor":31.0,"key":"Old Coin"},{"floor":31.0,"key":"Bronze Scales"}],"event_choices":[{"damage_healed":0.0,"max_hp_gain":0.0,"max_hp_loss":0.0,"gold_gain":0.0,"cards_transformed":["Strike_R"],"event_name":"Living Wall","player_choice":"Change","floor":3.0,"gold_loss":0.0,"damage_taken":0.0,"cards_obtained":["Carnage"]},{"damage_healed":0.0,"max_hp_gain":0.0,"max_hp_loss":0.0,"gold_gain":150.0,"event_name":"Liars Game","player_choice":"AGREE","floor":4.0,"gold_loss":0.0,"damage_taken":0.0,"cards_obtained":["Doubt"]},{"damage_healed":0.0,"max_hp_gain":0.0,"max_hp_loss":0.0,"gold_gain":0.0,"event_name":"Cursed Tome","player_choice":"Obtained Book","floor":20.0,"gold_loss":0.0,"damage_taken":21.0},{"damage_healed":0.0,"max_hp_gain":0.0,"max_hp_loss":0.0,"gold_gain":0.0,"cards_transformed":["Strike_R"],"event_name":"Transmorgrifier","player_choice":"Transformed","floor":22.0,"gold_loss":0.0,"damage_taken":0.0,"cards_obtained":["Limit Break"]},{"damage_healed":0.0,"max_hp_gain":0.0,"max_hp_loss":0.0,"gold_gain":0.0,"event_name":"Masked Bandits","player_choice":"Fought Bandits","floor":30.0,"gold_loss":0.0,"damage_taken":0.0}],"is_beta":false,"boss_relics":[{"not_picked":["Black Blood","Ectoplasm"],"picked":"Black Star"}],"items_purged_floors":[5],"is_endless":false,"potions_floor_spawned":[11,16,21,25,28,31],"killed_by":"Collector","ascension_level":20}