{"gold_per_floor":[116,132,132,132,97,137,137,34,34,65,81,81,99,99,99,197,197,216,216,216,6,23,23,48,48,122,122,139,139,166,178,178,252,252,262,262,22,37,57,90,90,36,36,62,82,0,0,13,13,13,13],"floor_reached":52,"playtime":1761,"items_purged":["Strike_B"],"score":2062,"play_id":"7842bbd0-6563-4db3-a2a1-c7bb92cc8f0c","local_time":"20190324165951","is_ascension_mode":true,"campfire_choices":[{"data":"Zap","floor":7,"key":"SMITH"},{"data":"Dualcast","floor":12,"key":"SMITH"},{"data":"Ball Lightning","floor":15,"key":"SMITH"},{"data":"Sunder","floor":23,"key":"SMITH"},{"data":"Loop","floor":25,"key":"SMITH"},{"data":"Sunder","floor":29,"key":"SMITH"},{"floor":32,"key":"REST"},{"data":"Thunder Strike","floor":41,"key":"SMITH"},{"data":"Thunder Strike","floor":49,"key":"SMITH"}],"neow_cost":"NONE","seed_source_timestamp":79437943676800,"circlet_count":0,"master_deck":["AscendersBane","Defend_B","Defend_B","Defend_B","Zap+1","Dualcast+1","White Noise","Steam","Enlightenment","Core Surge","Ball Lightning+1","All For One","Undo","Sunder+1","Loop+1","Glacier","Darkness+1","Sunder+1","Echo Form","Thunder Strike+1","Compile Driver+1","Doom and Gloom","Thunder Strike+1","Leap+1"],"relics":["Cracked Core","NeowsBlessing","Emotion Chip","Bloody Idol","Bag of Preparation","Letter Opener","Torii","Snecko Eye","Tiny Chest","Bronze Scales","Ornamental Fan","Ancient Tea Set","Coffee Dripper","Sundial","Anchor","Pen Nib","Pantograph","FossilizedHelix","Red Mask"],"potions_floor_usage":[10,40,50],"damage_taken":[{"damage":0,"enemies":"Jaw Worm","floor":1,"turns":1},{"damage":0,"enemies":"2 Louse","floor":2,"turns":1},{"damage":0,"enemies":"Lagavulin","floor":6,"turns":1},{"damage":0,"enemies":"3 Sentries","floor":10,"turns":4},{"damage":0,"enemies":"Small Slimes","floor":11,"turns":3},{"damage":0,"enemies":"3 Louse","floor":13,"turns":3},{"damage":6,"enemies":"The Guardian","floor":16,"turns":8},{"damage":8,"enemies":"2 Thieves","floor":18,"turns":3},{"damage":1,"enemies":"Chosen","floor":22,"turns":3},{"damage":15,"enemies":"Book of Stabbing","floor":24,"turns":5},{"damage":9,"enemies":"Snake Plant","floor":28,"turns":3},{"damage":0,"enemies":"Gremlin Leader","floor":30,"turns":4},{"damage":23,"enemies":"Centurion and Healer","floor":31,"turns":3},{"damage":43,"enemies":"Champ","floor":33,"turns":9},{"damage":1,"enemies":"3 Shapes","floor":35,"turns":4},{"damage":0,"enemies":"Orb Walker","floor":38,"turns":2},{"damage":0,"enemies":"Sphere and 2 Shapes","floor":39,"turns":3},{"damage":0,"enemies":"Reptomancer","floor":40,"turns":4},{"damage":6,"enemies":"Giant Head","floor":44,"turns":5},{"damage":0,"enemies":"Jaw Worm Horde","floor":45,"turns":3},{"damage":0,"enemies":"3 Darklings","floor":48,"turns":3},{"damage":17,"enemies":"Time Eater","floor":50,"turns":8},{"damage":1,"enemies":"Donu and Deca","floor":51,"turns":6}],"seed_played":"7180703347416399124","potions_obtained":[{"floor":1,"key":"Strength Potion"},{"floor":24,"key":"SteroidPotion"},{"floor":30,"key":"Swift Potion"},{"floor":39,"key":"Weak Potion"}],"is_trial":false,"path_per_floor":["M","M","?","?","?","E","R","$","T","E","M","R","M","?","R","B",null,"M","?","?","$","M","R","E","R","T","?","M","R","E","M","R","B",null,"M","T","$","M","M","E","R","$","T","E","M","?","?","M","R","B","B",null],"character_chosen":"DEFECT","items_purchased":["Enlightenment","Tiny Chest","Glacier","Anchor","Energy Potion"],"campfire_rested":1,"item_purchase_floors":[8,21,21,37,42],"current_hp_per_floor":[64,64,53,29,46,46,46,46,46,46,46,46,46,39,39,33,62,54,54,54,59,63,63,53,53,58,58,54,54,59,41,62,24,59,63,63,63,68,71,71,71,71,71,70,71,71,71,71,71,54,70],"gold":13,"neow_bonus":"THREE_ENEMY_KILL","is_prod":false,"is_daily":false,"chose_seed":false,"campfire_upgraded":8,"win_rate":0,"timestamp":1553414391,"path_taken":["M","M","?","?","?","E","R","$","T","E","M","R","M","?","R","BOSS","M","?","?","$","M","R","E","R","T","?","M","R","E","M","R","BOSS","M","?","$","M","M","E","R","$","T","E","M","?","?","?","R","BOSS","BOSS"],"build_version":"2019-01-23","purchased_purges":1,"victory":true,"max_hp_per_floor":[71,71,71,71,71,71,71,71,71,71,71,71,71,71,71,71,71,71,71,71,71,71,71,71,71,71,71,71,71,71,71,71,71,71,71,71,71,71,71,71,71,71,71,71,71,71,71,71,71,71,71],"card_choices":[{"not_picked":["Compile Driver","Ball Lightning"],"picked":"White Noise","floor":1},{"not_picked":["Aggregate","Darkness","Steam"],"picked":"SKIP","floor":2},{"not_picked":["Aggregate","Darkness"],"picked":"Steam","floor":2},{"not_picked":["Steam","Compile Driver","Scrape"],"picked":"SKIP","floor":6},{"not_picked":["Scrape","Compile Driver","Turbo"],"picked":"SKIP","floor":10},{"not_picked":["Stack","Cold Snap"],"picked":"Core Surge","floor":11},{"not_picked":["Beam Cell","Conserve Battery"],"picked":"Ball Lightning","floor":13},{"not_picked":["Seek","Machine Learning"],"picked":"All For One","floor":16},{"not_picked":["BootSequence","Skim"],"picked":"Undo","floor":18},{"not_picked":["Steam Power","Steam","Rebound"],"picked":"SKIP","floor":22},{"not_picked":["Conserve Battery","Steam","Go for the Eyes"],"picked":"SKIP","floor":24},{"not_picked":["Melter","Sweeping Beam+1"],"picked":"Sunder","floor":28},{"not_picked":["Thunder Strike","Capacitor+1"],"picked":"Echo Form","floor":30},{"not_picked":["Compile Driver","Sweeping Beam","Streamline"],"picked":"SKIP","floor":31},{"not_picked":["Amplify","Seek"],"picked":"Thunder Strike","floor":33},{"not_picked":["Reprogram+1","Streamline"],"picked":"Compile Driver+1","floor":35},{"not_picked":["Aggregate","Hello World","Steam"],"picked":"SKIP","floor":38},{"not_picked":["Coolheaded","Rebound","Chaos+1"],"picked":"SKIP","floor":39},{"not_picked":["Fusion","Rip and Tear"],"picked":"Doom and Gloom","floor":40},{"not_picked":["Rebound+1","Compile Driver"],"picked":"Thunder Strike","floor":44},{"not_picked":["BootSequence+1","Sweeping Beam","Beam Cell+1"],"picked":"SKIP","floor":45},{"not_picked":["Turbo+1","Chill"],"picked":"Leap+1","floor":48}],"player_experience":2540209,"relics_obtained":[{"floor":6,"key":"Bag of Preparation"},{"floor":9,"key":"Letter Opener"},{"floor":10,"key":"Torii"},{"floor":24,"key":"Bronze Scales"},{"floor":26,"key":"Ornamental Fan"},{"floor":30,"key":"Ancient Tea Set"},{"floor":36,"key":"Sundial"},{"floor":40,"key":"Pen Nib"},{"floor":43,"key":"Pantograph"},{"floor":44,"key":"FossilizedHelix"}],"event_choices":[{"damage_healed":0,"gold_gain":0,"player_choice":"Success","damage_taken":11,"relics_obtained":["Emotion Chip"],"max_hp_gain":0,"max_hp_loss":0,"event_name":"Scrap Ooze","floor":3,"gold_loss":0},{"damage_healed":0,"gold_gain":0,"player_choice":"Take Damage","damage_taken":24,"relics_obtained":["Golden Idol"],"max_hp_gain":0,"max_hp_loss":0,"event_name":"Golden Idol","floor":4,"gold_loss":0},{"damage_healed":17,"gold_gain":0,"player_choice":"Healed","damage_taken":0,"max_hp_gain":0,"max_hp_loss":0,"event_name":"The Cleric","floor":5,"gold_loss":35},{"cards_removed":["Strike_B"],"damage_healed":0,"gold_gain":0,"player_choice":"Card Removal","damage_taken":7,"max_hp_gain":0,"max_hp_loss":0,"event_name":"Golden Wing","floor":14,"gold_loss":0},{"damage_healed":0,"gold_gain":0,"cards_transformed":["Strike_B","Defend_B"],"player_choice":"Became Test Subject","damage_taken":0,"max_hp_gain":0,"max_hp_loss":0,"event_name":"Drug Dealer","floor":19,"gold_loss":0,"cards_obtained":["Sunder","Loop"]},{"damage_healed":0,"gold_gain":0,"player_choice":"Gave Idol","damage_taken":0,"relics_obtained":["Bloody Idol"],"max_hp_gain":0,"max_hp_loss":0,"event_name":"Forgotten Altar","floor":20,"relics_lost":["Golden Idol"],"gold_loss":0},{"damage_healed":0,"gold_gain":0,"cards_transformed":["Strike_B"],"player_choice":"Transformed","damage_taken":0,"max_hp_gain":0,"max_hp_loss":0,"event_name":"Transmorgrifier","floor":27,"gold_loss":0,"cards_obtained":["Darkness"]},{"damage_healed":0,"gold_gain":0,"player_choice":"Paid","damage_taken":0,"relics_obtained":["Red Mask"],"max_hp_gain":0,"max_hp_loss":0,"event_name":"Tomb of Lord Red Mask","floor":46,"gold_loss":82},{"damage_healed":0,"gold_gain":0,"player_choice":"Forge","damage_taken":0,"max_hp_gain":0,"max_hp_loss":0,"event_name":"Accursed Blacksmith","floor":47,"gold_loss":0,"cards_upgraded":["Darkness"]}],"is_beta":false,"boss_relics":[{"not_picked":["Black Star","Runic Pyramid"],"picked":"Snecko Eye"},{"not_picked":["Philosopher\u0027s Stone","Velvet Choker"],"picked":"Coffee Dripper"}],"items_purged_floors":[37],"is_endless":false,"potions_floor_spawned":[1,24,30,38,39,44,48],"ascension_level":20}