{"path_per_floor":["M","?","M","M","M","R","M","M","T","R","?","M","?","M","R","B",null,"M","$","M","?","$","R","E","R","T","?","M","R","M","$","R"],"character_chosen":"DEFECT","items_purchased":["Bird Faced Urn","Reinforced Body","Regen Potion"],"gold_per_floor":[119,194,210,223,235,235,248,261,261,261,290,303,478,492,492,590,590,609,172,189,279,179,179,208,208,208,208,218,218,234,34,34,34],"floor_reached":33,"campfire_rested":1,"playtime":1940,"current_hp_per_floor":[66,55,52,49,44,44,43,43,43,43,33,25,25,25,25,7,58,46,46,48,32,32,32,19,41,41,41,23,23,35,35,35,0],"items_purged":["Strike_B","Dualcast","Strike_B"],"gold":34,"score":337,"play_id":"e4e8112b-c558-4f28-9130-351f62d03686","local_time":"20180514000131","is_prod":false,"is_daily":false,"chose_seed":false,"is_ascension_mode":true,"campfire_upgraded":6,"timestamp":1526227291,"path_taken":["M","?","M","M","M","R","M","M","T","R","?","?","?","?","R","BOSS","M","$","M","?","$","R","E","R","T","?","M","R","?","?","R","BOSS"],"build_version":"2018-05-12v2","seed_source_timestamp":199298842989246,"purchased_purges":3,"victory":false,"master_deck":["Strike_B","Strike_B","Defend_B","Defend_B","Defend_B","Defend_B","Zap+1","Genetic Algorithm+1","Storm","Glacier","Leap","Doubt","Static Discharge+1","Creative AI+1","Chill","Reinforced Body+1","Undo+1","Barrage+1","Glacier"],"max_hp_per_floor":[75,75,75,75,75,75,75,75,75,75,75,75,75,75,75,75,75,75,75,75,75,75,75,75,75,75,75,75,75,75,75,75,75],"relics":["Cracked Core","Du-Vu Doll","Odd Mushroom","Inserter","Bird Faced Urn","Prayer Wheel","Ginger"],"card_choices":[{"not_picked":["Axe Kick","Steam"],"picked":"Genetic Algorithm","floor":1},{"not_picked":["Aggregate","Go for the Eyes"],"picked":"Storm","floor":3},{"not_picked":["Heatsinks","Rebound","Stack"],"picked":"SKIP","floor":4},{"not_picked":["Sweeping Beam","Force Field"],"picked":"Glacier","floor":5},{"not_picked":["Hello World","Axe Kick","Steam Power"],"picked":"SKIP","floor":7},{"not_picked":["Cold Snap","Barrage","Rebound"],"picked":"SKIP","floor":8},{"not_picked":["Skim","Cold Snap"],"picked":"Leap","floor":11},{"not_picked":["BootSequence","Consume","Meteor Strike"],"picked":"SKIP","floor":12},{"not_picked":["Capacitor","Double Energy"],"picked":"Static Discharge","floor":14},{"not_picked":["Reboot","Nova"],"picked":"Creative AI","floor":16},{"not_picked":["Turbo","Axe Kick+1"],"picked":"Chill","floor":18},{"not_picked":["Capacitor","Go for the Eyes"],"picked":"Undo+1","floor":20},{"not_picked":["Turbo+1","Melter+1"],"picked":"Barrage","floor":24},{"not_picked":["Conserve Battery","Turbo","Barrage"],"picked":"SKIP","floor":26},{"not_picked":["Glacier","Reinforced Body","Turbo+1"],"picked":"SKIP","floor":28},{"not_picked":["Scrape","Rebound","Doom and Gloom"],"picked":"SKIP","floor":30}],"player_experience":372327,"potions_floor_usage":[8,12,12,16,33,33],"damage_taken":[{"damage":2,"enemies":"Jaw Worm","floor":1,"turns":4},{"damage":3,"enemies":"2 Louse","floor":3,"turns":3},{"damage":3,"enemies":"Small Slimes","floor":4,"turns":3},{"damage":5,"enemies":"2 Fungi Beasts","floor":5,"turns":4},{"damage":1,"enemies":"Looter","floor":7,"turns":3},{"damage":0,"enemies":"Large Slime","floor":8,"turns":6},{"damage":10,"enemies":"The Mushroom Lair","floor":11,"turns":6},{"damage":8,"enemies":"Exordium Thugs","floor":12,"turns":6},{"damage":0,"enemies":"3 Louse","floor":14,"turns":4},{"damage":18,"enemies":"Slime Boss","floor":16,"turns":15},{"damage":12,"enemies":"Spheric Guardian","floor":18,"turns":7},{"damage":12,"enemies":"Shell Parasite","floor":20,"turns":6},{"damage":27,"enemies":"Slavers","floor":24,"turns":6},{"damage":26,"enemies":"Snake Plant","floor":28,"turns":5},{"damage":0,"enemies":"Snecko","floor":30,"turns":7},{"damage":72,"enemies":"Automaton","floor":33,"turns":8}],"event_choices":[{"event_name":"World of Goop","player_choice":"Gather Gold","floor":2,"damage_taken":0},{"event_name":"Mushrooms","player_choice":"Fought Mushrooms","floor":11,"damage_taken":0},{"event_name":"Liars Game","player_choice":"agreed","floor":13,"damage_taken":0},{"event_name":"Knowing Skull","player_choice":"GOLD ","floor":21,"damage_taken":0},{"event_name":"Duplicator","player_choice":"One dupe","floor":27,"damage_taken":0}],"boss_relics":[{"not_picked":["Philosopher\u0027s Stone","Runic Pyramid"],"picked":"Inserter"}],"potions_floor_spawned":[1,4,7,11,20],"seed_played":"-8081599410452529849","killed_by":"Automaton","ascension_level":6,"is_trial":false}