{"gold_per_floor":[110,1,1,15,31,31,44,56,111,128,1,1,21,34,34,130,130,149,162,112,112,124,150,160,160],"floor_reached":25,"playtime":1317,"items_purged":["Strike_R","Strike_R","Strike_R"],"score":285,"play_id":"e29c6fd2-e0da-4d80-9a75-d0da48e1c2d2","local_time":"20190422200646","is_ascension_mode":true,"campfire_choices":[{"data":"Thunderclap","floor":6.0,"key":"SMITH"},{"data":"Immolate","floor":15.0,"key":"SMITH"}],"neow_cost":"NONE","seed_source_timestamp":21025320652300,"circlet_count":0,"master_deck":["Defend_R","Defend_R","Defend_R","Defend_R","Bash","Twin Strike","Dropkick+1","Thunderclap+1","Immolate+1","Dropkick","Offering","True Grit","Thunderclap"],"special_seed":0,"relics":["Burning Blood","NeowsBlessing","Smiling Mask","Empty Cage","Singing Bowl"],"potions_floor_usage":[23,24,25],"damage_taken":[{"damage":0.0,"enemies":"Jaw Worm","floor":1.0,"turns":1.0},{"damage":0.0,"enemies":"Cultist","floor":4.0,"turns":1.0},{"damage":0.0,"enemies":"2 Louse","floor":5.0,"turns":1.0},{"damage":12.0,"enemies":"Lots of Slimes","floor":7.0,"turns":5.0},{"damage":6.0,"enemies":"Looter","floor":8.0,"turns":2.0},{"damage":6.0,"enemies":"3 Louse","floor":10.0,"turns":3.0},{"damage":11.0,"enemies":"Blue Slaver","floor":13.0,"turns":4.0},{"damage":0.0,"enemies":"2 Fungi Beasts","floor":14.0,"turns":2.0},{"damage":13.0,"enemies":"Slime Boss","floor":16.0,"turns":6.0},{"damage":20.0,"enemies":"Shell Parasite","floor":18.0,"turns":2.0},{"damage":11.0,"enemies":"2 Thieves","floor":19.0,"turns":2.0},{"damage":12.0,"enemies":"Chosen and Byrds","floor":22.0,"turns":2.0},{"damage":22,"enemies":"Gremlin Leader","floor":23,"turns":4},{"damage":11,"enemies":"Cultist and Chosen","floor":24,"turns":2},{"damage":31,"enemies":"Book of Stabbing","floor":25,"turns":3}],"seed_played":"-5822511605072179427","potions_obtained":[{"floor":4.0,"key":"Strength Potion"},{"floor":5.0,"key":"AttackPotion"},{"floor":12.0,"key":"Dexterity Potion"},{"floor":12.0,"key":"EssenceOfSteel"},{"floor":16.0,"key":"Swift Potion"},{"floor":18.0,"key":"LiquidBronze"},{"floor":23,"key":"FearPotion"}],"is_trial":false,"path_per_floor":["M","$","?","M","M","R","M","M","T","M","$","?","M","M","R","B",null,"M","M","$","?","M","E","M","E"],"character_chosen":"IRONCLAD","items_purchased":["Dropkick","Dropkick"],"campfire_rested":0,"item_purchase_floors":[2,11],"current_hp_per_floor":[78,78,78,80,80,80,74,74,74,74,74,74,69,75,75,68,77,63,58,58,43,37,23,20,0],"gold":160,"neow_bonus":"THREE_ENEMY_KILL","is_prod":false,"is_daily":false,"chose_seed":false,"campfire_upgraded":2,"win_rate":0,"timestamp":1555931206,"path_taken":["M","$","?","?","M","R","M","M","T","M","$","?","M","?","R","BOSS","M","M","$","?","M","E","M","E"],"build_version":"2019-01-23","purchased_purges":3,"victory":false,"max_hp_per_floor":[80,80,80,80,80,80,80,80,80,80,80,80,80,80,80,80,80,80,80,80,85,85,87,89,89],"card_choices":[{"not_picked":["Clash","Thunderclap"],"picked":"Twin Strike","floor":1.0},{"not_picked":["Warcry","Ghostly Armor"],"picked":"Thunderclap","floor":4.0},{"not_picked":["Heavy Blade","Armaments","Reckless Charge"],"picked":"SKIP","floor":5.0},{"not_picked":["Clash","Warcry"],"picked":"Immolate","floor":7.0},{"not_picked":["Heavy Blade","Iron Wave","Clash"],"picked":"SKIP","floor":8.0},{"not_picked":["Hemokinesis","Flex","Infernal Blade"],"picked":"SKIP","floor":10.0},{"not_picked":["Clothesline","Anger","Perfected Strike"],"picked":"SKIP","floor":13.0},{"not_picked":["Pommel Strike","Heavy Blade","Burning Pact"],"picked":"SKIP","floor":14.0},{"not_picked":["Dark Embrace","Immolate"],"picked":"Offering","floor":16.0},{"not_picked":["Entrench+1","Battle Trance+1"],"picked":"True Grit","floor":18.0},{"not_picked":["Warcry","Reckless Charge","Body Slam+1"],"picked":"SKIP","floor":19.0},{"not_picked":["Inflame+1","Headbutt+1"],"picked":"Thunderclap","floor":22.0},{"not_picked":["Berserk","Inflame","Anger"],"picked":"Singing Bowl","floor":23},{"not_picked":["Havoc","Clothesline","Twin Strike"],"picked":"Singing Bowl","floor":24}],"player_experience":343827,"relics_obtained":[{"floor":9.0,"key":"Smiling Mask"},{"floor":23,"key":"Singing Bowl"}],"event_choices":[{"damage_healed":0.0,"max_hp_gain":0.0,"max_hp_loss":0.0,"gold_gain":0.0,"event_name":"Accursed Blacksmith","player_choice":"Forge","floor":3.0,"gold_loss":0.0,"damage_taken":0.0,"cards_upgraded":["Dropkick"]},{"damage_healed":0.0,"max_hp_gain":0.0,"max_hp_loss":0.0,"gold_gain":0.0,"event_name":"Lab","player_choice":"Got Potions","floor":12.0,"gold_loss":0.0,"damage_taken":0.0},{"damage_healed":0.0,"max_hp_gain":5.0,"max_hp_loss":0.0,"gold_gain":0.0,"event_name":"Forgotten Altar","player_choice":"Shed Blood","floor":21.0,"gold_loss":0.0,"damage_taken":20.0}],"is_beta":false,"boss_relics":[{"not_picked":["Runic Dome","Astrolabe"],"picked":"Empty Cage"}],"items_purged_floors":[2,11,20],"is_endless":false,"potions_floor_spawned":[4,5,16,18,19,23],"killed_by":"Book of Stabbing","ascension_level":6}