{"gold_per_floor":[117,27,38,113,126,126,152,165,165,165,194,209,240,260,260,337,337,357,377,377,302,352,382,382,399,447,459,491,503,515,539,551,639,651,678,705,172,189,189,189,218,229,229,239,239,26,26,44,44,44,44,44,44,44,79,79],"floor_reached":56,"playtime":2965,"items_purged":["Strike_B","Zap"],"score":1913,"play_id":"ccd392b2-54ff-45bd-b85f-6d123fbb8af1","local_time":"20190313214357","is_ascension_mode":true,"campfire_choices":[{"data":"Sunder","floor":6.0,"key":"SMITH"},{"floor":10.0,"key":"REST"},{"data":"Defragment","floor":15.0,"key":"SMITH"},{"floor":24.0,"key":"REST"},{"data":"Loop","floor":27.0,"key":"SMITH"},{"data":"Beam Cell","floor":29.0,"key":"SMITH"},{"data":"Loop","floor":32.0,"key":"SMITH"},{"data":"Turbo","floor":40.0,"key":"SMITH"},{"data":"Consume","floor":45.0,"key":"SMITH"},{"floor":49.0,"key":"RECALL"},{"floor":53.0,"key":"REST"}],"neow_cost":"NONE","seed_source_timestamp":384204364226300,"circlet_count":0,"master_deck":["AscendersBane","Defend_B","Defend_B","Defend_B","Defend_B","Dualcast","Rip and Tear","Sunder+1","Coolheaded","Defragment+1","Cold Snap","Beam Cell+1","Biased Cognition","Stack+1","Blizzard+1","Chill+1","Conserve Battery","Glacier","Loop+1","Hologram","Loop+1","Creative AI+1","White Noise","Turbo+1","Consume+1","Chill"],"special_seed":0,"relics":["Cracked Core","NeowsBlessing","Dodecahedron","Meat on the Bone","DataDisk","Astrolabe","Blue Candle","MawBank","Inserter","Centennial Puzzle","Lee\u0027s Waffle","Oddly Smooth Stone","Letter Opener","Medical Kit","Toxic Egg 2","Lantern"],"potions_floor_usage":[56,56],"damage_taken":[{"damage":0.0,"enemies":"Cultist","floor":1.0,"turns":1.0},{"damage":0.0,"enemies":"Small Slimes","floor":3.0,"turns":1.0},{"damage":0.0,"enemies":"2 Louse","floor":5.0,"turns":1.0},{"damage":32.0,"enemies":"Gremlin Nob","floor":7.0,"turns":4.0},{"damage":9.0,"enemies":"Looter","floor":8.0,"turns":3.0},{"damage":10.0,"enemies":"3 Sentries","floor":11.0,"turns":3.0},{"damage":8.0,"enemies":"Blue Slaver","floor":12.0,"turns":4.0},{"damage":10.0,"enemies":"Gremlin Nob","floor":13.0,"turns":4.0},{"damage":19.0,"enemies":"Exordium Thugs","floor":14.0,"turns":4.0},{"damage":0.0,"enemies":"Hexaghost","floor":16.0,"turns":10.0},{"damage":5.0,"enemies":"Spheric Guardian","floor":18.0,"turns":4.0},{"damage":22.0,"enemies":"Shell Parasite","floor":19.0,"turns":5.0},{"damage":24.0,"enemies":"Gremlin Leader","floor":23.0,"turns":8.0},{"damage":6.0,"enemies":"Snake Plant","floor":25.0,"turns":5.0},{"damage":2.0,"enemies":"3 Cultists","floor":28.0,"turns":6.0},{"damage":5.0,"enemies":"Centurion and Healer","floor":31.0,"turns":10.0},{"damage":39.0,"enemies":"Automaton","floor":33.0,"turns":18.0},{"damage":5.0,"enemies":"3 Shapes","floor":35.0,"turns":7.0},{"damage":7.0,"enemies":"Orb Walker","floor":36.0,"turns":3.0},{"damage":11.0,"enemies":"Spire Growth","floor":38.0,"turns":8.0},{"damage":6.0,"enemies":"Nemesis","floor":41.0,"turns":19.0},{"damage":35.0,"enemies":"Transient","floor":42.0,"turns":6.0},{"damage":0.0,"enemies":"Maw","floor":44.0,"turns":9.0},{"damage":0.0,"enemies":"Jaw Worm Horde","floor":48.0,"turns":6.0},{"damage":28.0,"enemies":"Donu and Deca","floor":50.0,"turns":13.0},{"damage":11.0,"enemies":"Awakened One","floor":51.0,"turns":25.0},{"damage":69,"enemies":"Shield and Spear","floor":55,"turns":21},{"damage":21,"enemies":"The Heart","floor":56,"turns":2}],"seed_played":"-2434260292753171720","potions_obtained":[{"floor":5.0,"key":"PowerPotion"},{"floor":8.0,"key":"Swift Potion"},{"floor":12.0,"key":"Ancient Potion"},{"floor":14.0,"key":"SkillPotion"},{"floor":18.0,"key":"GamblersBrew"},{"floor":19.0,"key":"GamblersBrew"},{"floor":33.0,"key":"EssenceOfSteel"},{"floor":35.0,"key":"Dexterity Potion"},{"floor":41.0,"key":"EssenceOfSteel"}],"is_trial":false,"path_per_floor":["M","$","M","?","M","R","E","M","T","R","E","M","E","M","R","B",null,"M","M","?","$","?","E","R","M","T","R","M","R","T","M","R","B",null,"M","M","$","M","?","R","E","M","T","M","R","$","T","M","R","B","B",null,"R","$","E","B"],"character_chosen":"DEFECT","items_purchased":["Sunder","Centennial Puzzle","Turbo","Lee\u0027s Waffle","Medical Kit"],"campfire_rested":3,"item_purchase_floors":[2,37,37,37,46],"current_hp_per_floor":[64,64,64,53,53,53,21,12,12,33,23,27,29,22,22,34,62,57,47,47,47,47,35,56,50,50,50,48,48,48,43,43,16,57,52,45,78,67,67,67,61,38,38,50,50,50,50,50,50,34,35,67,78,78,21,0],"gold":79,"neow_bonus":"THREE_ENEMY_KILL","is_prod":false,"is_daily":false,"chose_seed":false,"campfire_upgraded":7,"win_rate":0,"timestamp":1552481037,"path_taken":["M","$","?","?","M","R","E","M","T","R","E","M","E","M","R","BOSS","M","M","?","$","?","E","R","M","T","R","M","R","?","M","R","BOSS","M","M","$","M","?","R","E","M","T","?","R","?","?","M","R","BOSS","BOSS","R","$","E","BOSS"],"build_version":"2019-01-23","purchased_purges":2,"victory":false,"max_hp_per_floor":[71,71,71,71,71,71,71,71,71,71,71,71,71,71,71,71,71,71,71,71,71,71,71,71,71,71,71,71,71,71,71,71,71,71,71,71,78,78,78,78,78,78,78,78,78,78,78,78,78,78,78,78,78,78,78,78],"card_choices":[{"not_picked":["Stack","Leap"],"picked":"Rip and Tear","floor":1.0},{"not_picked":["Compile Driver","Sweeping Beam"],"picked":"Coolheaded","floor":3.0},{"not_picked":["Hologram","Lockon"],"picked":"Defragment","floor":5.0},{"not_picked":["Steam Power","Streamline","Barrage"],"picked":"SKIP","floor":7.0},{"not_picked":["Turbo","Leap","Chaos"],"picked":"SKIP","floor":8.0},{"not_picked":["Streamline","Fusion","Barrage"],"picked":"SKIP","floor":11.0},{"not_picked":["Heatsinks","Tempest"],"picked":"Cold Snap","floor":12.0},{"not_picked":["Sweeping Beam","Machine Learning","Leap"],"picked":"SKIP","floor":13.0},{"not_picked":["Beam Cell","Compile Driver","Steam"],"picked":"SKIP","floor":14.0},{"not_picked":["Beam Cell","Compile Driver","Steam"],"picked":"SKIP","floor":14.0},{"not_picked":["Compile Driver","Steam"],"picked":"Beam Cell","floor":14.0},{"not_picked":["Machine Learning","Rainbow"],"picked":"Biased Cognition","floor":16.0},{"not_picked":["Sweeping Beam","Reprogram+1"],"picked":"Conserve Battery","floor":18.0},{"not_picked":["Sweeping Beam","Loop+1"],"picked":"Glacier","floor":19.0},{"not_picked":["Tempest","Go for the Eyes+1","Stack"],"picked":"SKIP","floor":23.0},{"not_picked":["Hello World","Auto Shields"],"picked":"Loop","floor":25.0},{"not_picked":["Sweeping Beam","Compile Driver"],"picked":"Hologram","floor":28.0},{"not_picked":["Fusion","Compile Driver"],"picked":"Loop","floor":31.0},{"not_picked":["All For One","Thunder Strike"],"picked":"Creative AI","floor":33.0},{"not_picked":["Leap","Redo"],"picked":"White Noise","floor":35.0},{"not_picked":["Barrage","Tempest+1","Sweeping Beam"],"picked":"SKIP","floor":36.0},{"not_picked":["Scrape","Sweeping Beam","Fusion"],"picked":"SKIP","floor":38.0},{"not_picked":["Turbo+1","Amplify"],"picked":"Consume","floor":41.0},{"not_picked":["BootSequence","Streamline+1"],"picked":"Chill","floor":42.0},{"not_picked":["Redo+1","Hello World+1","Sunder"],"picked":"SKIP","floor":44.0},{"not_picked":["Gash","Stack+1","Streamline"],"picked":"SKIP","floor":48.0},{"not_picked":["Gash","Stack+1","Streamline"],"picked":"SKIP","floor":48.0},{"not_picked":["Barrage","Gash+1","Storm"],"picked":"SKIP","floor":55}],"player_experience":2247678,"relics_obtained":[{"floor":7.0,"key":"Dodecahedron"},{"floor":11.0,"key":"Meat on the Bone"},{"floor":13.0,"key":"DataDisk"},{"floor":23.0,"key":"Blue Candle"},{"floor":26.0,"key":"MawBank"},{"floor":41.0,"key":"Oddly Smooth Stone"},{"floor":43.0,"key":"Letter Opener"},{"floor":47.0,"key":"Toxic Egg 2"},{"floor":55,"key":"Lantern"}],"event_choices":[{"damage_healed":0.0,"max_hp_gain":0.0,"max_hp_loss":0.0,"gold_gain":75.0,"event_name":"World of Goop","player_choice":"Gather Gold","floor":4.0,"gold_loss":0.0,"damage_taken":11.0},{"damage_healed":0.0,"max_hp_gain":0.0,"max_hp_loss":0.0,"gold_gain":0.0,"event_name":"Vampires","player_choice":"Ignored","floor":20.0,"gold_loss":0.0,"damage_taken":0.0},{"damage_healed":0.0,"max_hp_gain":0.0,"max_hp_loss":0.0,"gold_gain":50.0,"event_name":"Nest","player_choice":"Stole From Cult","floor":22.0,"gold_loss":0.0,"damage_taken":0.0},{"damage_healed":0.0,"max_hp_gain":0.0,"max_hp_loss":0.0,"gold_gain":0.0,"event_name":"Upgrade Shrine","player_choice":"Upgraded","floor":39.0,"gold_loss":0.0,"damage_taken":0.0,"cards_upgraded":["Creative AI"]}],"is_beta":false,"boss_relics":[{"not_picked":["Busted Crown","Fusion Hammer"],"picked":"Astrolabe"},{"not_picked":["Tiny House","Velvet Choker"],"picked":"Inserter"}],"items_purged_floors":[21,37],"is_endless":false,"potions_floor_spawned":[5,8,12,14,18,19,33,35,41,55],"killed_by":"The Heart","ascension_level":20}