{"gold_per_floor":[111,261,261,279,6,35,35,69,69,81,97,22,32,65,65,143,143,163,78,78,93,93,93,93],"floor_reached":24,"playtime":714,"items_purged":["Defend_B"],"score":478,"play_id":"3f163fbe-7cef-401f-9e29-c3ccc7d9a349","local_time":"20190224121013","is_ascension_mode":true,"campfire_choices":[{"data":"Sunder","floor":7,"key":"SMITH"},{"floor":15,"key":"REST"},{"floor":23,"key":"REST"}],"neow_cost":"NONE","seed_source_timestamp":346494659176700,"circlet_count":0,"master_deck":["AscendersBane","Strike_B","Strike_B","Strike_B","Strike_B","Defend_B","Defend_B","Defend_B","Zap","Dualcast","Ball Lightning","Sunder+1","Leap","Creative AI","Conserve Battery","Self Repair","Seek","Electrodynamics","Cold Snap","Seek"],"relics":["Cracked Core","NeowsBlessing","Mummified Hand","Letter Opener","Shuriken","Torii","Busted Crown","The Courier","Enchiridion"],"potions_floor_usage":[14,14,16,24],"damage_taken":[{"damage":0,"enemies":"Cultist","floor":1,"turns":1},{"damage":0,"enemies":"Jaw Worm","floor":4,"turns":1},{"damage":0,"enemies":"3 Sentries","floor":6,"turns":1},{"damage":23,"enemies":"Lagavulin","floor":8,"turns":7},{"damage":13,"enemies":"Small Slimes","floor":10,"turns":3},{"damage":1,"enemies":"Blue Slaver","floor":11,"turns":3},{"damage":9,"enemies":"Red Slaver","floor":13,"turns":3},{"damage":10,"enemies":"3 Sentries","floor":14,"turns":5},{"damage":38,"enemies":"Slime Boss","floor":16,"turns":8},{"damage":23,"enemies":"2 Thieves","floor":18,"turns":3},{"damage":16,"enemies":"Shell Parasite","floor":21,"turns":4},{"damage":29,"enemies":"Slavers","floor":24,"turns":2}],"seed_played":"-8958769947840645625","potions_obtained":[{"floor":1,"key":"Swift Potion"},{"floor":10,"key":"Explosive Potion"},{"floor":11,"key":"SteroidPotion"},{"floor":14,"key":"Explosive Potion"},{"floor":16,"key":"LiquidBronze"},{"floor":21,"key":"PowerPotion"}],"is_trial":false,"path_per_floor":["M","?","?","M","$","E","R","E","T","M","M","$","M","E","R","B",null,"M","?","?","M","?","R","E"],"character_chosen":"DEFECT","items_purchased":["Mummified Hand"],"campfire_rested":2,"item_purchase_floors":[5],"current_hp_per_floor":[64,64,64,64,64,64,64,41,41,28,27,27,25,22,43,12,56,40,40,40,31,10,31,2],"gold":93,"neow_bonus":"THREE_ENEMY_KILL","is_prod":false,"is_daily":false,"chose_seed":false,"campfire_upgraded":1,"win_rate":0,"timestamp":1550977813,"path_taken":["M","?","?","?","?","E","R","E","T","M","M","$","M","E","R","BOSS","M","?","?","?","?","R","E"],"build_version":"2019-01-23","purchased_purges":1,"victory":false,"max_hp_per_floor":[71,71,71,71,71,71,71,71,71,71,71,71,71,71,71,71,71,71,71,71,71,71,71,71],"card_choices":[{"not_picked":["Hello World","Go for the Eyes"],"picked":"Ball Lightning","floor":1},{"not_picked":["Static Discharge","Ball Lightning"],"picked":"Sunder","floor":4},{"not_picked":["Sweeping Beam","Melter"],"picked":"Leap","floor":6},{"not_picked":["Genetic Algorithm","Reprogram"],"picked":"Creative AI","floor":8},{"not_picked":["Beam Cell","Hologram"],"picked":"Conserve Battery","floor":10},{"not_picked":["White Noise","Gash"],"picked":"Self Repair","floor":11},{"not_picked":["Streamline","Recycle","Beam Cell"],"picked":"SKIP","floor":13},{"not_picked":["Streamline","Beam Cell"],"picked":"Seek","floor":14},{"not_picked":["Meteor Strike","Creative AI"],"picked":"Electrodynamics","floor":16},{"not_picked":[],"picked":"Cold Snap","floor":18},{"not_picked":["Static Discharge"],"picked":"SKIP","floor":21}],"player_experience":1787422,"relics_obtained":[{"floor":6,"key":"Letter Opener"},{"floor":9,"key":"Shuriken"},{"floor":14,"key":"Torii"},{"floor":22,"key":"Enchiridion"}],"event_choices":[{"damage_healed":0,"gold_gain":150,"player_choice":"AGREE","damage_taken":0,"max_hp_gain":0,"max_hp_loss":0,"event_name":"Liars Game","floor":2,"gold_loss":0,"cards_obtained":["Doubt"]},{"cards_removed":["Doubt"],"damage_healed":0,"gold_gain":0,"player_choice":"Purged","damage_taken":0,"max_hp_gain":0,"max_hp_loss":0,"event_name":"Purifier","floor":3,"gold_loss":0},{"damage_healed":0,"gold_gain":0,"player_choice":"Obtained Relic","damage_taken":0,"relics_obtained":["The Courier"],"max_hp_gain":0,"max_hp_loss":0,"event_name":"Addict","floor":19,"gold_loss":85},{"damage_healed":0,"gold_gain":0,"player_choice":"Copied","damage_taken":0,"max_hp_gain":0,"max_hp_loss":0,"event_name":"Duplicator","floor":20,"gold_loss":0,"cards_obtained":["Seek"]},{"damage_healed":0,"gold_gain":0,"player_choice":"Obtained Book","damage_taken":21,"max_hp_gain":0,"max_hp_loss":0,"event_name":"Cursed Tome","floor":22,"gold_loss":0}],"is_beta":false,"boss_relics":[{"not_picked":["Velvet Choker","Tiny House"],"picked":"Busted Crown"}],"items_purged_floors":[12],"is_endless":false,"potions_floor_spawned":[1,10,11,14,16,21],"killed_by":"Slavers","ascension_level":20}