{"gold_per_floor":[116,191,341,359,359,359,386,386,386,213,213,51,76,96,96,96],"floor_reached":16,"playtime":368,"items_purged":[],"score":262,"play_id":"2f769c95-ca81-4f42-95ed-26dccda063d0","local_time":"20190325121004","is_ascension_mode":true,"campfire_choices":[{"data":"Bash","floor":6,"key":"SMITH"},{"data":"Disarm","floor":8,"key":"SMITH"},{"data":"Second Wind","floor":11,"key":"SMITH"},{"data":"Exhume","floor":15,"key":"SMITH"}],"neow_cost":"NONE","seed_source_timestamp":61991754016100,"circlet_count":0,"master_deck":["AscendersBane","Strike_R","Strike_R","Strike_R","Strike_R","Strike_R","Defend_R","Defend_R","Defend_R","Defend_R","Bash+1","Disarm+1","Doubt","Second Wind+1","Exhume+1","Power Through"],"special_seed":0,"relics":["Burning Blood","NeowsBlessing","Shuriken","Happy Flower","Oddly Smooth Stone","Potion Belt"],"potions_floor_usage":[16,16],"damage_taken":[{"damage":0.0,"enemies":"Jaw Worm","floor":1.0,"turns":1.0},{"damage":0.0,"enemies":"2 Louse","floor":4.0,"turns":1.0},{"damage":0,"enemies":"Gremlin Nob","floor":7,"turns":1},{"damage":50,"enemies":"Lagavulin","floor":13,"turns":11},{"damage":0,"enemies":"Small Slimes","floor":14,"turns":4},{"damage":36,"enemies":"Hexaghost","floor":16,"turns":11}],"seed_played":"2827336869486481003","potions_obtained":[{"floor":1.0,"key":"BloodPotion"},{"floor":13,"key":"Swift Potion"}],"is_trial":false,"path_per_floor":["M","?","?","M","?","R","E","R","T","$","R","$","E","M","R","B"],"character_chosen":"IRONCLAD","items_purchased":["Happy Flower","Oddly Smooth Stone"],"campfire_rested":0,"item_purchase_floors":[10,12],"current_hp_per_floor":[74,63,63,69,69,69,75,75,75,75,75,75,31,37,37,8],"gold":96,"neow_bonus":"THREE_ENEMY_KILL","is_prod":false,"is_daily":false,"chose_seed":false,"campfire_upgraded":4,"win_rate":0,"timestamp":1553483404,"path_taken":["M","?","?","M","?","R","E","R","T","$","R","$","E","?","R","BOSS"],"build_version":"2019-01-23","purchased_purges":0,"victory":false,"max_hp_per_floor":[75,75,75,75,75,75,75,75,75,75,75,75,75,75,75,75],"card_choices":[{"not_picked":["Metallicize","Twin Strike"],"picked":"Disarm","floor":1.0},{"not_picked":["Evolve","Twin Strike"],"picked":"Second Wind","floor":4.0},{"not_picked":["Second Wind","Iron Wave"],"picked":"Exhume","floor":7},{"not_picked":["Hemokinesis","Uppercut","Searing Blow"],"picked":"SKIP","floor":13},{"not_picked":["Pommel Strike","Havoc"],"picked":"Power Through","floor":14}],"player_experience":2555140,"relics_obtained":[{"floor":7,"key":"Shuriken"},{"floor":13,"key":"Potion Belt"}],"event_choices":[{"damage_healed":0.0,"max_hp_gain":0.0,"max_hp_loss":0.0,"gold_gain":75.0,"event_name":"World of Goop","player_choice":"Gather Gold","floor":2.0,"gold_loss":0.0,"damage_taken":11.0},{"damage_healed":0.0,"max_hp_gain":0.0,"max_hp_loss":0.0,"gold_gain":150.0,"event_name":"Liars Game","player_choice":"AGREE","floor":3.0,"gold_loss":0.0,"damage_taken":0.0,"cards_obtained":["Doubt"]},{"damage_healed":0,"gold_gain":0,"player_choice":"0 cards matched","damage_taken":0,"max_hp_gain":0,"max_hp_loss":0,"event_name":"Match and Keep!","floor":5,"gold_loss":0,"cards_obtained":[]}],"is_beta":false,"boss_relics":[],"items_purged_floors":[],"is_endless":false,"potions_floor_spawned":[1,13],"killed_by":"Hexaghost","ascension_level":20}