{"gold_per_floor":[111,111,34,86,11,38,38,50,75,105,55,82,116,134,134,210,210,222,222,255,255,3,3,3,30,68,114,126,158,170,196,208,297,309,341,1352,1376,1404,1416,1453,1479,1508,1592,1171,1171,1171,1171,1183,1183,1183,1183],"floor_reached":51,"playtime":1736,"items_purged":["Strike_B","Parasite"],"score":1483,"play_id":"2df63113-f378-485e-99f0-23d444926082","local_time":"20190325195456","is_ascension_mode":true,"campfire_choices":[{"data":"Sunder","floor":7,"key":"SMITH"},{"floor":15,"key":"REST"},{"data":"Self Repair","floor":23,"key":"SMITH"},{"data":"Discovery","floor":28,"key":"SMITH"},{"data":"Reinforced Body","floor":30,"key":"SMITH"},{"data":"Undo","floor":32,"key":"SMITH"},{"floor":49,"key":"RECALL"}],"neow_cost":"NONE","seed_source_timestamp":88534623804200,"circlet_count":0,"master_deck":["AscendersBane","Defend_B","Defend_B","Defend_B","Zap","Dualcast","Reinforced Body+1","Chill","Sunder+1","Ball Lightning","Ball Lightning","Self Repair+1","Chill","Electrodynamics","Undo+1","White Noise","Compile Driver","All For One","Discovery+1","White Noise","Doom and Gloom+1","Meteor Strike","Capacitor","Self Repair+1","Glacier","Finesse","Barrage+1"],"special_seed":0,"relics":["Sozu","Ornamental Fan","PreservedInsect","Smiling Mask","Art of War","Bag of Preparation","Coffee Dripper","Red Mask","DataDisk","MawBank","Juzu Bracelet","Omamori","Lizard Tail","Blood Vial","Membership Card","Orichalcum","Dream Catcher"],"potions_floor_usage":[],"damage_taken":[{"damage":0.0,"enemies":"Cultist","floor":1.0,"turns":3.0},{"damage":40,"enemies":"Lagavulin","floor":6,"turns":9},{"damage":8,"enemies":"Jaw Worm","floor":8,"turns":4},{"damage":0,"enemies":"Gremlin Nob","floor":10,"turns":2},{"damage":10,"enemies":"Lagavulin","floor":13,"turns":3},{"damage":0,"enemies":"2 Louse","floor":14,"turns":1},{"damage":17,"enemies":"Slime Boss","floor":16,"turns":7},{"damage":11,"enemies":"Spheric Guardian","floor":18,"turns":4},{"damage":3,"enemies":"Masked Bandits","floor":20,"turns":2},{"damage":0,"enemies":"Slavers","floor":25,"turns":4},{"damage":27,"enemies":"Book of Stabbing","floor":27,"turns":5},{"damage":11,"enemies":"Chosen","floor":29,"turns":5},{"damage":0,"enemies":"Centurion and Healer","floor":31,"turns":5},{"damage":35,"enemies":"Automaton","floor":33,"turns":11},{"damage":0,"enemies":"3 Darklings","floor":35,"turns":5},{"damage":0,"enemies":"Orb Walker","floor":37,"turns":3},{"damage":36,"enemies":"Jaw Worm Horde","floor":38,"turns":3},{"damage":27,"enemies":"Nemesis","floor":40,"turns":7},{"damage":25,"enemies":"Writhing Mass","floor":41,"turns":8},{"damage":1,"enemies":"Sphere and 2 Shapes","floor":42,"turns":5},{"damage":0,"enemies":"3 Darklings","floor":48,"turns":4},{"damage":47,"enemies":"Donu and Deca","floor":50,"turns":9},{"damage":83,"enemies":"Awakened One","floor":51,"turns":14}],"seed_played":"6278579225402363493","potions_obtained":[],"is_trial":false,"path_per_floor":["M","?","$","T","?","E","R","M","T","E","$","T","E","M","R","B",null,"M","?","?","?","$","R","$","E","T","E","R","M","R","M","R","B",null,"M","?","M","M","?","E","M","M","T","$","?","?","?","M","R","B","B"],"character_chosen":"DEFECT","items_purchased":["Sunder","DataDisk","Discovery","Membership Card","Orichalcum","Dream Catcher"],"campfire_rested":1,"item_purchase_floors":[3,22,22,44,44,44],"current_hp_per_floor":[64,64,64,64,64,24,24,16,16,16,16,16,6,6,27,17,58,54,34,38,38,38,38,38,48,48,31,31,30,30,40,40,15,61,71,71,76,50,50,43,40,61,61,61,51,51,51,63,63,38,0],"gold":1183,"neow_bonus":"BOSS_RELIC","is_prod":false,"is_daily":false,"chose_seed":false,"campfire_upgraded":5,"win_rate":0,"timestamp":1553511296,"path_taken":["M","?","?","?","?","E","R","M","T","E","$","?","E","M","R","BOSS","M","?","?","?","?","R","$","E","T","E","R","M","R","M","R","BOSS","M","?","M","M","?","E","M","M","T","$","?","?","?","M","R","BOSS","BOSS"],"build_version":"2019-01-23","purchased_purges":2,"victory":false,"max_hp_per_floor":[71,71,71,71,71,71,71,71,71,71,71,71,71,71,71,71,71,71,76,76,76,76,76,76,76,76,76,76,76,76,76,76,76,76,76,76,76,76,76,76,76,76,76,73,73,69,69,69,69,69,69],"card_choices":[{"not_picked":["Scrape","Turbo"],"picked":"Reinforced Body","floor":1.0},{"not_picked":["Redo","Conserve Battery","Aggregate"],"picked":"SKIP","floor":6},{"not_picked":["Gash","Recycle"],"picked":"Ball Lightning","floor":8},{"not_picked":["Fusion","Force Field"],"picked":"Ball Lightning","floor":10},{"not_picked":["Barrage","Undo"],"picked":"Self Repair","floor":13},{"not_picked":["Ball Lightning","Lockon"],"picked":"Chill","floor":14},{"not_picked":["All For One","Machine Learning"],"picked":"Electrodynamics","floor":16},{"not_picked":["Streamline","Reprogram"],"picked":"Undo","floor":18},{"not_picked":["Aggregate","Reprogram"],"picked":"White Noise","floor":20},{"not_picked":["Gash+1","Chaos","Turbo+1"],"picked":"SKIP","floor":25},{"not_picked":["Chill","Steam Power","BootSequence"],"picked":"SKIP","floor":27},{"not_picked":["Stack","Beam Cell"],"picked":"White Noise","floor":29},{"not_picked":["Skim","Redo+1"],"picked":"Doom and Gloom+1","floor":31},{"not_picked":["Electrodynamics","Thunder Strike"],"picked":"Meteor Strike","floor":33},{"not_picked":["Lockon","Doom and Gloom+1"],"picked":"Capacitor","floor":35},{"not_picked":["Scrape","Stack","Barrage"],"picked":"SKIP","floor":37},{"not_picked":["Barrage","Redo"],"picked":"Self Repair+1","floor":38},{"not_picked":["Beam Cell","Stack","Ball Lightning+1"],"picked":"SKIP","floor":40},{"not_picked":["Beam Cell","Stack","Ball Lightning+1"],"picked":"SKIP","floor":40},{"not_picked":["BootSequence+1","Scrape","Rebound"],"picked":"SKIP","floor":41},{"not_picked":["Hello World","Genetic Algorithm","Gash"],"picked":"SKIP","floor":42},{"not_picked":["Forethought","Swift Strike"],"picked":"Finesse","floor":45},{"not_picked":["Chaos","Streamline"],"picked":"Barrage+1","floor":48}],"player_experience":2576296,"relics_obtained":[{"floor":6,"key":"Ornamental Fan"},{"floor":9,"key":"PreservedInsect"},{"floor":10,"key":"Smiling Mask"},{"floor":12,"key":"Art of War"},{"floor":13,"key":"Bag of Preparation"},{"floor":20,"key":"Red Mask"},{"floor":25,"key":"MawBank"},{"floor":26,"key":"Juzu Bracelet"},{"floor":27,"key":"Omamori"},{"floor":40,"key":"Blood Vial"}],"event_choices":[{"damage_healed":0.0,"max_hp_gain":0.0,"max_hp_loss":0.0,"gold_gain":0.0,"event_name":"Match and Keep!","player_choice":"1 cards matched","floor":2.0,"gold_loss":0.0,"damage_taken":0.0,"cards_obtained":["Chill"]},{"cards_removed":["Defend_B"],"damage_healed":0,"gold_gain":0,"player_choice":"Card Removal","damage_taken":0,"max_hp_gain":0,"max_hp_loss":0,"event_name":"The Cleric","floor":5,"gold_loss":75},{"damage_healed":0,"gold_gain":0,"player_choice":"Shed Blood","damage_taken":25,"max_hp_gain":5,"max_hp_loss":0,"event_name":"Forgotten Altar","floor":19,"gold_loss":0},{"damage_healed":0,"gold_gain":0,"player_choice":"Fought Bandits","damage_taken":0,"max_hp_gain":0,"max_hp_loss":0,"event_name":"Masked Bandits","floor":20,"gold_loss":0},{"damage_healed":0,"gold_gain":0,"cards_transformed":["Strike_B","Strike_B"],"player_choice":"Became Test Subject","damage_taken":0,"max_hp_gain":0,"max_hp_loss":0,"event_name":"Drug Dealer","floor":21,"gold_loss":0,"cards_obtained":["Compile Driver","All For One"]},{"damage_healed":0,"gold_gain":999,"player_choice":"Gold","damage_taken":0,"max_hp_gain":0,"max_hp_loss":0,"event_name":"MindBloom","floor":36,"gold_loss":0,"cards_obtained":["Normality","Normality"]},{"damage_healed":0,"gold_gain":0,"cards_transformed":["Strike_B"],"player_choice":"Transformed","damage_taken":0,"max_hp_gain":0,"max_hp_loss":0,"event_name":"Transmorgrifier","floor":39,"gold_loss":0,"cards_obtained":["Glacier"]},{"damage_healed":0,"gold_gain":0,"player_choice":"Memory 3","damage_taken":10,"max_hp_gain":0,"max_hp_loss":0,"event_name":"SensoryStone","floor":45,"gold_loss":0},{"damage_healed":0,"gold_gain":0,"player_choice":"Max HP","damage_taken":0,"max_hp_gain":0,"max_hp_loss":4,"event_name":"Winding Halls","floor":46,"gold_loss":0},{"damage_healed":0,"gold_gain":0,"player_choice":"Ignored","damage_taken":0,"max_hp_gain":0,"max_hp_loss":0,"event_name":"SecretPortal","floor":47,"gold_loss":0}],"is_beta":false,"boss_relics":[{"not_picked":["Velvet Choker","Runic Dome"],"picked":"Coffee Dripper"},{"not_picked":["Empty Cage","Nuclear Battery"],"picked":"Lizard Tail"}],"items_purged_floors":[11,44],"is_endless":false,"potions_floor_spawned":[1,6,14,16,18,25,27,33,38,41,48],"killed_by":"Awakened One","ascension_level":20}