{"gold_per_floor":[115,115,40,5,18,51,51,79,79,89,107,107,121,121,121,226,226,241,241,256,51,51,51,64,98,123,123,136,86,1,1,1,96,96,116,18,18,118,132,132,162,179,179,213,213,233,233,244,244,244],"floor_reached":51,"playtime":5287,"items_purged":["Pain"],"score":1188,"play_id":"f3a415cd-0f89-4406-9553-d50962537fdc","local_time":"20180709235120","is_ascension_mode":true,"campfire_choices":[{"data":"Infernal Blade","floor":7,"key":"SMITH"},{"floor":12,"key":"REST"},{"data":"Exhume","floor":15,"key":"SMITH"},{"floor":23,"key":"REST"},{"data":"Offering","floor":32,"key":"SMITH"},{"floor":40,"key":"REST"},{"data":"Havoc","floor":45,"key":"SMITH"},{"data":"Havoc","floor":47,"key":"SMITH"},{"data":"Havoc","floor":49,"key":"SMITH"}],"neow_cost":"CURSE","seed_source_timestamp":352747243147225,"circlet_count":0,"master_deck":["Strike_R","Strike_R","Strike_R","Strike_R","Defend_R","Defend_R","Defend_R","Defend_R","Bash","Pummel","Infernal Blade+1","Exhume+1","Dual Wield","Rage","Warcry","Offering+1","Feed","Havoc+1","Warcry+1","Master of Strategy","Havoc+1","Limit Break","Havoc+1","True Grit+1","Reaper","True Grit+1","Dramatic Entrance","Dual Wield+1","Evolve","Warcry+1","Havoc+1","Bloodletting+1","Ghostly Armor+1","Feel No Pain","Sentinel+1","Warcry+1"],"special_seed":0,"relics":["Burning Blood","Dead Branch","Prayer Wheel","Art of War","Sundial","Eternal Feather","Juzu Bracelet","Bag of Preparation","Toxic Egg 2","Lizard Tail","Magic Flower","Bag of Marbles","Smiling Mask","Pear"],"potions_floor_usage":[10,11,16,28,33,33,50,50],"damage_taken":[{"damage":12.0,"enemies":"Small Slimes","floor":1.0,"turns":4.0},{"damage":9,"enemies":"2 Louse","floor":5,"turns":3},{"damage":22,"enemies":"3 Sentries","floor":6,"turns":7},{"damage":28,"enemies":"Gremlin Nob","floor":8,"turns":4},{"damage":3,"enemies":"Jaw Worm","floor":10,"turns":2},{"damage":0,"enemies":"2 Fungi Beasts","floor":11,"turns":4},{"damage":0,"enemies":"Exordium Wildlife","floor":13,"turns":2},{"damage":97,"enemies":"The Guardian","floor":16,"turns":10},{"damage":33,"enemies":"2 Thieves","floor":18,"turns":3},{"damage":12,"enemies":"3 Byrds","floor":20,"turns":4},{"damage":9,"enemies":"3 Cultists","floor":24,"turns":3},{"damage":24,"enemies":"Slavers","floor":25,"turns":3},{"damage":28,"enemies":"Cultist and Chosen","floor":28,"turns":5},{"damage":93,"enemies":"Collector","floor":33,"turns":7},{"damage":28,"enemies":"Orb Walker","floor":35,"turns":4},{"damage":17,"floor":37,"turns":8},{"damage":15,"enemies":"3 Darklings","floor":39,"turns":3},{"damage":101,"enemies":"2 Orb Walkers","floor":41,"turns":7},{"damage":36,"enemies":"Maw","floor":42,"turns":9},{"damage":88,"enemies":"Giant Head","floor":44,"turns":8},{"damage":9,"enemies":"Sphere and 2 Shapes","floor":46,"turns":3},{"damage":25,"enemies":"3 Darklings","floor":48,"turns":3},{"damage":40,"enemies":"Time Eater","floor":50,"turns":9}],"seed_played":"-2475341632047841186","potions_obtained":[{"floor":8,"key":"AttackPotion"},{"floor":10,"key":"Swift Potion"},{"floor":13,"key":"SkillPotion"},{"floor":25,"key":"EssenceOfSteel"},{"floor":28,"key":"FearPotion"},{"floor":44,"key":"Fire Potion"},{"floor":46,"key":"PowerPotion"},{"floor":48,"key":"PowerPotion"}],"is_trial":false,"path_per_floor":["M","?","$","?","M","E","R","E","T","M","M","R","M","?","R","B",null,"M","?","M","$","?","R","M","E","T","?","M","$","?","?","R","B",null,"M","$","?","?","M","R","E","M","T","E","R","M","R","M","R","B"],"character_chosen":"IRONCLAD","items_purchased":["Master of Strategy","PowerPotion","Dramatic Entrance"],"campfire_rested":3,"item_purchase_floors":[21,29,36],"current_hp_per_floor":[66,66,66,80,77,73,73,51,51,54,60,80,83,83,83,13,66,42,42,39,39,39,73,70,52,52,35,13,13,13,94,94,7,72,54,54,49,49,61,94,19,16,16,83,95,109,110,110,110,79],"gold":244,"neow_bonus":"ONE_RARE_RELIC","is_prod":false,"is_daily":false,"chose_seed":false,"campfire_upgraded":6,"win_rate":0,"timestamp":1531169480,"path_taken":["M","?","$","?","M","E","R","E","T","?","M","R","M","?","R","BOSS","M","?","M","$","?","R","M","E","T","?","M","?","?","?","R","BOSS","M","$","?","?","M","R","E","M","T","E","R","M","R","M","R","BOSS"],"build_version":"2018-07-05","purchased_purges":1,"victory":true,"max_hp_per_floor":[80,80,80,80,80,80,80,80,80,80,80,80,83,83,83,83,83,86,86,89,89,89,89,89,89,89,94,94,94,94,94,94,94,94,94,94,94,94,94,94,97,97,97,107,107,110,110,110,110,110],"card_choices":[{"not_picked":["Heavy Blade","Second Wind"],"picked":"Pummel","floor":1.0},{"not_picked":["Iron Wave","Armaments"],"picked":"Infernal Blade","floor":5},{"not_picked":["Cleave","Armaments"],"picked":"Exhume","floor":6},{"not_picked":["Brutality","Metallicize","Shrug It Off"],"picked":"SKIP","floor":8},{"not_picked":["Anger","Clothesline"],"picked":"Dual Wield","floor":10},{"not_picked":["Entrench","Evolve"],"picked":"Rage","floor":10},{"not_picked":["Wild Strike","Heavy Blade"],"picked":"Warcry","floor":11},{"not_picked":["Cleave","Blood for Blood","Perfected Strike"],"picked":"SKIP","floor":11},{"not_picked":["Shrug It Off","Armaments"],"picked":"Offering","floor":13},{"not_picked":["Twin Strike","Armaments","Fire Breathing"],"picked":"SKIP","floor":13},{"not_picked":["Demon Form","Double Tap"],"picked":"Feed","floor":16},{"not_picked":["Power Through+1","Wild Strike"],"picked":"Havoc","floor":18},{"not_picked":["Clash","Searing Blow","Anger"],"picked":"SKIP","floor":18},{"not_picked":["Sever Soul+1","Twin Strike"],"picked":"Warcry+1","floor":20},{"not_picked":["Rampage","Perfected Strike+1","Fire Breathing"],"picked":"SKIP","floor":20},{"not_picked":["Perfected Strike+1","Fire Breathing"],"picked":"Havoc","floor":24},{"not_picked":["Heavy Blade+1","Armaments","Blood for Blood+1"],"picked":"SKIP","floor":24},{"not_picked":["Heavy Blade","Spot Weakness"],"picked":"Limit Break","floor":25},{"not_picked":["Fire Breathing","Armaments"],"picked":"Havoc","floor":28},{"not_picked":["Sword Boomerang","Cleave"],"picked":"True Grit+1","floor":28},{"not_picked":["Immolate","Bludgeon"],"picked":"Reaper","floor":33},{"not_picked":["Cleave","Heavy Blade"],"picked":"True Grit+1","floor":35},{"not_picked":["Armaments+1","Headbutt","Sword Boomerang+1"],"picked":"SKIP","floor":35},{"not_picked":["Wild Strike+1","Searing Blow+1"],"picked":"Dual Wield+1","floor":39},{"not_picked":["Entrench+1","Body Slam+1"],"picked":"Evolve","floor":39},{"not_picked":["Entrench+1","Shrug It Off+1"],"picked":"Warcry+1","floor":41},{"not_picked":["Warcry+1","Clothesline"],"picked":"Havoc+1","floor":42},{"not_picked":["Second Wind+1","Disarm+1"],"picked":"Bloodletting+1","floor":42},{"not_picked":["Barricade","Hemokinesis+1"],"picked":"Ghostly Armor+1","floor":44},{"not_picked":["Clothesline","Shrug It Off+1"],"picked":"Feel No Pain","floor":46},{"not_picked":["Perfected Strike","Anger","Thunderclap"],"picked":"SKIP","floor":46},{"not_picked":["Intimidate+1","Warcry+1"],"picked":"Sentinel+1","floor":48},{"not_picked":["Entrench+1","Cleave"],"picked":"Warcry+1","floor":48}],"player_experience":554292,"relics_obtained":[{"floor":6,"key":"Prayer Wheel"},{"floor":8,"key":"Art of War"},{"floor":9,"key":"Sundial"},{"floor":25,"key":"Juzu Bracelet"},{"floor":26,"key":"Bag of Preparation"},{"floor":37,"key":"Magic Flower"},{"floor":41,"key":"Bag of Marbles"},{"floor":43,"key":"Smiling Mask"},{"floor":44,"key":"Pear"}],"event_choices":[{"event_name":"Golden Idol","player_choice":"Ignored","floor":2.0,"damage_taken":0.0},{"event_name":"The Cleric","player_choice":"Healed","floor":4.0,"damage_taken":0.0},{"event_name":"Liars Game","player_choice":"disagreed","floor":14,"damage_taken":0},{"event_name":"Cursed Tome","player_choice":"Ignored","floor":19,"damage_taken":0},{"event_name":"Purifier","player_choice":"One Purge","floor":22,"damage_taken":0},{"event_name":"Forgotten Altar","player_choice":"Shed Blood","floor":27,"damage_taken":0},{"event_name":"Addict","player_choice":"Obtained Relic","floor":30,"damage_taken":0},{"event_name":"Wheel of Change","player_choice":"Full Heal","floor":31,"damage_taken":0},{"event_name":"MindBloom","player_choice":"Fight","floor":37,"damage_taken":0},{"event_name":"Golden Shrine","player_choice":"Pray","floor":38,"damage_taken":0}],"boss_relics":[{"not_picked":["Busted Crown","Coffee Dripper"],"picked":"Eternal Feather"},{"not_picked":["Pandora\u0027s Box","Runic Dome"],"picked":"Lizard Tail"}],"items_purged_floors":[3],"is_endless":false,"potions_floor_spawned":[8,10,13,24,25,28,42,44,46,48],"ascension_level":9}