{"gold_per_floor":[209,219,8,8,25,25,58,58,84,110,110,129,139,64,64,141,141,161,5,19,39,39,39,62,112,167,167,200,100,116,116],"floor_reached":31,"playtime":1242,"items_purged":["Decay","Strike_B"],"score":526,"play_id":"46263290-b2cc-4cfb-860c-8155058d5476","local_time":"20190220143114","is_ascension_mode":true,"campfire_choices":[{"data":"Sunder","floor":6,"key":"SMITH"},{"floor":8,"key":"REST"},{"data":"Zap","floor":11,"key":"SMITH"},{"data":"Loop","floor":15,"key":"SMITH"},{"floor":23,"key":"REST"},{"data":"Seek","floor":27,"key":"SMITH"}],"neow_cost":"NONE","seed_source_timestamp":8825127789700,"circlet_count":0,"master_deck":["AscendersBane","Strike_B","Strike_B","Strike_B","Defend_B","Defend_B","Zap+1","Dualcast","Coolheaded","Cold Snap","Sunder+1","Chill","Cold Snap","Loop+1","Go for the Eyes","Seek+1","Heatsinks","Self Repair","Chill","Necronomicurse","Gash","Cold Snap"],"relics":["Cracked Core","Regal Pillow","Omamori","Shuriken","Calling Bell","PreservedInsect","Mummified Hand","Pocketwatch","Necronomicon","Orichalcum","Bag of Preparation","Ice Cream"],"potions_floor_usage":[7,10,16,16,30,31],"damage_taken":[{"damage":16,"enemies":"Small Slimes","floor":1,"turns":4},{"damage":7,"enemies":"Jaw Worm","floor":2,"turns":3},{"damage":0,"enemies":"2 Louse","floor":5,"turns":1},{"damage":22,"enemies":"Lagavulin","floor":7,"turns":5},{"damage":6,"enemies":"Gremlin Nob","floor":10,"turns":3},{"damage":0,"enemies":"2 Fungi Beasts","floor":12,"turns":2},{"damage":1,"enemies":"3 Louse","floor":13,"turns":3},{"damage":36,"enemies":"Hexaghost","floor":16,"turns":10},{"damage":20,"enemies":"3 Byrds","floor":18,"turns":6},{"damage":9,"enemies":"Chosen","floor":20,"turns":5},{"damage":12,"enemies":"Centurion and Healer","floor":21,"turns":8},{"damage":33,"enemies":"Book of Stabbing","floor":28,"turns":5},{"damage":5,"enemies":"Snake Plant","floor":30,"turns":5},{"damage":9,"enemies":"Gremlin Leader","floor":31,"turns":6}],"seed_played":"8341986228446782000","potions_obtained":[{"floor":5,"key":"SteroidPotion"},{"floor":12,"key":"Swift Potion"},{"floor":13,"key":"LiquidBronze"},{"floor":18,"key":"SneckoOil"},{"floor":20,"key":"EssenceOfSteel"}],"is_trial":false,"path_per_floor":["M","M","$","?","M","R","E","R","T","E","R","M","M","?","R","B",null,"M","$","M","M","?","R","T","?","T","R","E","$","M","E"],"character_chosen":"DEFECT","items_purchased":["Regal Pillow","Fire Potion","Self Repair"],"campfire_rested":2,"item_purchase_floors":[3,3,19],"current_hp_per_floor":[48,41,41,41,41,41,19,55,55,49,49,49,48,48,48,12,56,36,36,34,29,8,44,44,44,44,44,18,18,20,11],"gold":116,"neow_bonus":"HUNDRED_GOLD","is_prod":false,"is_daily":false,"chose_seed":false,"campfire_upgraded":4,"win_rate":0,"timestamp":1550640674,"path_taken":["M","M","$","?","M","R","E","R","T","E","R","M","M","?","R","BOSS","M","$","M","M","?","R","?","?","T","R","E","?","M","E"],"build_version":"2019-01-23","purchased_purges":2,"victory":false,"max_hp_per_floor":[71,71,71,71,71,71,71,71,71,71,71,71,71,71,71,71,71,71,71,71,71,71,71,71,71,71,71,71,71,71,71],"card_choices":[{"not_picked":["Rebound","Undo"],"picked":"Coolheaded","floor":1},{"not_picked":["Steam","Steam Power"],"picked":"Cold Snap","floor":2},{"not_picked":["Turbo","Leap"],"picked":"Chill","floor":5},{"not_picked":["Go for the Eyes","Rebound"],"picked":"Cold Snap","floor":7},{"not_picked":["Stack","Rebound","Aggregate"],"picked":"SKIP","floor":10},{"not_picked":["Hologram","Recycle"],"picked":"Loop","floor":12},{"not_picked":["Steam","Hyperbeam"],"picked":"Go for the Eyes","floor":13},{"not_picked":["Rainbow","Reboot"],"picked":"Seek","floor":16},{"not_picked":["Scrape","Beam Cell+1"],"picked":"Heatsinks","floor":18},{"not_picked":["Beam Cell","Force Field","Lockon"],"picked":"SKIP","floor":20},{"not_picked":["Static Discharge","Barrage"],"picked":"Chill","floor":21},{"not_picked":["Reinforced Body","Melter"],"picked":"Gash","floor":28},{"not_picked":["Compile Driver","Conserve Battery"],"picked":"Cold Snap","floor":30}],"player_experience":1666457,"relics_obtained":[{"floor":7,"key":"Omamori"},{"floor":10,"key":"Shuriken"},{"floor":17,"key":"PreservedInsect"},{"floor":17,"key":"Mummified Hand"},{"floor":17,"key":"Pocketwatch"},{"floor":22,"key":"Necronomicon"},{"floor":24,"key":"Orichalcum"},{"floor":26,"key":"Bag of Preparation"},{"floor":28,"key":"Ice Cream"}],"event_choices":[{"damage_healed":0,"gold_gain":0,"cards_transformed":["Defend_B"],"player_choice":"Change","damage_taken":0,"max_hp_gain":0,"max_hp_loss":0,"event_name":"Living Wall","floor":4,"gold_loss":0,"cards_obtained":["Sunder"]},{"cards_removed":["Defend_B"],"damage_healed":0,"gold_gain":0,"player_choice":"Card Removal","damage_taken":0,"max_hp_gain":0,"max_hp_loss":0,"event_name":"The Cleric","floor":14,"gold_loss":75},{"damage_healed":0,"gold_gain":0,"player_choice":"Obtained Book","damage_taken":21,"max_hp_gain":0,"max_hp_loss":0,"event_name":"Cursed Tome","floor":22,"gold_loss":0},{"damage_healed":0,"gold_gain":50,"player_choice":"Stole From Cult","damage_taken":0,"max_hp_gain":0,"max_hp_loss":0,"event_name":"Nest","floor":25,"gold_loss":0}],"is_beta":false,"boss_relics":[{"not_picked":["Orrery","Coffee Dripper"],"picked":"Calling Bell"}],"items_purged_floors":[19,29],"is_endless":false,"potions_floor_spawned":[5,12,13,18,20],"killed_by":"Gremlin Leader","ascension_level":20}