{"gold_per_floor":[119,136,136,52,202,234,245,17,97,97,107,32,32,59,59,136,136,147,165,0,0,18,18,46,46],"floor_reached":25,"playtime":615,"items_purged":["Doubt"],"score":508,"play_id":"a49d849f-5ce8-49dd-8d99-b9b96add24a0","local_time":"20190314194816","is_ascension_mode":true,"campfire_choices":[{"data":"Chaos","floor":10,"key":"SMITH"},{"data":"Barrage","floor":15,"key":"SMITH"},{"data":"Zap","floor":23,"key":"SMITH"}],"neow_cost":"NONE","seed_source_timestamp":34708034596100,"circlet_count":0,"master_deck":["AscendersBane","Strike_B","Strike_B","Strike_B","Strike_B","Defend_B","Defend_B","Defend_B","Defend_B","Zap+1","Dualcast","Capacitor","Coolheaded","Self Repair","Streamline","Chaos+1","Cold Snap","Capacitor","Barrage+1","Reboot","Conserve Battery+1"],"relics":["Cracked Core","NeowsBlessing","Centennial Puzzle","Regal Pillow","DataDisk","Gremlin Horn","Cables","Runic Dome","Omamori","Lantern"],"potions_floor_usage":[16,22],"damage_taken":[{"damage":0,"enemies":"Small Slimes","floor":1,"turns":1},{"damage":0,"enemies":"Jaw Worm","floor":2,"turns":1},{"damage":0,"enemies":"Gremlin Nob","floor":6,"turns":1},{"damage":6,"enemies":"Cultist","floor":7,"turns":4},{"damage":7,"enemies":"Looter","floor":11,"turns":3},{"damage":19,"enemies":"3 Sentries","floor":14,"turns":7},{"damage":27,"enemies":"Hexaghost","floor":16,"turns":8},{"damage":20,"enemies":"2 Thieves","floor":18,"turns":4},{"damage":3,"enemies":"Spheric Guardian","floor":19,"turns":3},{"damage":18,"enemies":"Cultist and Chosen","floor":22,"turns":6},{"damage":22,"enemies":"Slavers","floor":24,"turns":6},{"damage":27,"enemies":"Colosseum Slavers","floor":25,"turns":1}],"seed_played":"7906891922413857013","potions_obtained":[{"floor":2,"key":"Block Potion"},{"floor":7,"key":"Fire Potion"},{"floor":13,"key":"PowerPotion"},{"floor":19,"key":"Swift Potion"},{"floor":24,"key":"LiquidBronze"}],"is_trial":false,"path_per_floor":["M","M","?","$","?","E","M","$","T","R","M","$","?","E","R","B",null,"M","M","$","?","M","R","E","?"],"character_chosen":"DEFECT","items_purchased":["Self Repair","DataDisk","Cold Snap","Omamori"],"campfire_rested":0,"item_purchase_floors":[4,8,8,20],"current_hp_per_floor":[64,64,59,59,59,59,60,60,60,60,60,60,60,48,48,28,60,47,51,51,51,40,40,25,0],"gold":46,"neow_bonus":"THREE_ENEMY_KILL","is_prod":false,"is_daily":false,"chose_seed":false,"campfire_upgraded":3,"win_rate":0,"timestamp":1552560496,"path_taken":["M","M","?","$","?","E","?","$","T","R","M","?","?","E","R","BOSS","M","?","$","?","M","R","E","?"],"build_version":"2019-01-23","purchased_purges":1,"victory":false,"max_hp_per_floor":[71,71,71,71,71,71,71,71,71,71,71,71,71,71,71,71,71,71,71,71,71,71,71,71,71],"card_choices":[{"not_picked":["Sweeping Beam","Barrage"],"picked":"Capacitor","floor":1},{"not_picked":["Rip and Tear","Capacitor"],"picked":"Coolheaded","floor":2},{"not_picked":["Turbo","Rebound"],"picked":"Streamline","floor":6},{"not_picked":["Coolheaded","Hologram"],"picked":"Chaos","floor":7},{"not_picked":["Sweeping Beam","Compile Driver"],"picked":"Capacitor","floor":11},{"not_picked":["Double Energy","Coolheaded"],"picked":"Barrage","floor":14},{"not_picked":["Hyperbeam","Fission"],"picked":"Reboot","floor":16},{"not_picked":["Streamline","Leap","Steam"],"picked":"SKIP","floor":18},{"not_picked":["Chaos","Stack+1"],"picked":"Conserve Battery+1","floor":19},{"not_picked":["Leap","Melter","Beam Cell"],"picked":"SKIP","floor":22},{"not_picked":["Redo","Conserve Battery","Leap"],"picked":"SKIP","floor":24}],"player_experience":2274508,"relics_obtained":[{"floor":6,"key":"Regal Pillow"},{"floor":9,"key":"Gremlin Horn"},{"floor":14,"key":"Cables"},{"floor":24,"key":"Lantern"}],"event_choices":[{"damage_healed":0,"gold_gain":0,"player_choice":"Success","damage_taken":5,"relics_obtained":["Centennial Puzzle"],"max_hp_gain":0,"max_hp_loss":0,"event_name":"Scrap Ooze","floor":3,"gold_loss":0},{"damage_healed":0,"gold_gain":150,"player_choice":"AGREE","damage_taken":0,"max_hp_gain":0,"max_hp_loss":0,"event_name":"Liars Game","floor":5,"gold_loss":0,"cards_obtained":["Doubt"]},{"damage_healed":0,"gold_gain":0,"player_choice":"Got Potions","damage_taken":0,"max_hp_gain":0,"max_hp_loss":0,"event_name":"Lab","floor":13,"gold_loss":0},{"damage_healed":0,"gold_gain":0,"player_choice":"Ignored","damage_taken":0,"max_hp_gain":0,"max_hp_loss":0,"event_name":"Ghosts","floor":21,"gold_loss":0},{"damage_healed":0,"gold_gain":0,"player_choice":"Fight","damage_taken":0,"max_hp_gain":0,"max_hp_loss":0,"event_name":"Colosseum","floor":25,"gold_loss":0}],"is_beta":false,"boss_relics":[{"not_picked":["Coffee Dripper","Ectoplasm"],"picked":"Runic Dome"}],"items_purged_floors":[12],"is_endless":false,"potions_floor_spawned":[2,7,11,19,24],"killed_by":"Colosseum Slavers","ascension_level":20}