{"gold_per_floor":[115,129,129,142,158,158,158,169,223,254,1,1,1,36,36,112,112,131,131,311,327,327,327,327],"floor_reached":24,"playtime":609,"items_purged":[],"score":433,"play_id":"2803c105-f188-46a3-9b99-d8517be0fe79","local_time":"20190319190216","is_ascension_mode":true,"campfire_choices":[{"data":"Lockon","floor":7,"key":"SMITH"},{"floor":12,"key":"REST"},{"floor":15,"key":"REST"},{"floor":23,"key":"REST"}],"neow_cost":"NONE","seed_source_timestamp":1280235161600,"circlet_count":0,"master_deck":["AscendersBane","Defend_B","Defend_B","Defend_B","Defend_B","Zap","Dualcast","Lockon+1","Cold Snap","Cold Snap","Creative AI","Capacitor","Hyperbeam+1","Bite+1","Bite+1","Bite+1","Bite+1","Bite+1"],"relics":["Cracked Core","NeowsBlessing","Orichalcum","Molten Egg 2","ClockworkSouvenir","Juzu Bracelet","Boot","Snecko Eye"],"potions_floor_usage":[8,16,24],"damage_taken":[{"damage":0,"enemies":"Cultist","floor":1,"turns":1},{"damage":0,"enemies":"Jaw Worm","floor":2,"turns":1},{"damage":0,"enemies":"2 Louse","floor":4,"turns":1},{"damage":9,"enemies":"2 Fungi Beasts","floor":5,"turns":4},{"damage":12,"enemies":"Exordium Wildlife","floor":8,"turns":4},{"damage":26,"enemies":"Gremlin Nob","floor":10,"turns":5},{"damage":33,"enemies":"3 Sentries","floor":14,"turns":11},{"damage":4,"enemies":"Hexaghost","floor":16,"turns":9},{"damage":13,"enemies":"2 Thieves","floor":18,"turns":3},{"damage":26,"enemies":"Shell Parasite","floor":21,"turns":6},{"damage":13,"enemies":"Slavers","floor":24,"turns":1}],"seed_played":"2197840312557979279","potions_obtained":[{"floor":1,"key":"FocusPotion"},{"floor":4,"key":"Block Potion"},{"floor":16,"key":"Energy Potion"}],"is_trial":false,"path_per_floor":["M","M","?","M","M","?","R","M","T","E","$","R","?","E","R","B",null,"M","?","?","M","?","R","E"],"character_chosen":"DEFECT","items_purchased":["ClockworkSouvenir","Capacitor"],"campfire_rested":3,"item_purchase_floors":[11,11],"current_hp_per_floor":[64,64,69,69,60,60,60,48,48,22,22,44,39,6,28,24,63,50,50,29,3,3,18,14],"gold":327,"neow_bonus":"THREE_ENEMY_KILL","is_prod":false,"is_daily":false,"chose_seed":false,"campfire_upgraded":1,"win_rate":0,"timestamp":1552989736,"path_taken":["M","?","?","M","M","?","R","M","T","E","$","R","?","E","R","BOSS","M","?","?","M","?","R","E"],"build_version":"2019-01-23","purchased_purges":0,"victory":false,"max_hp_per_floor":[71,71,76,76,76,76,76,76,76,76,76,76,76,76,76,76,76,76,76,76,76,53,53,53],"card_choices":[{"not_picked":["Tempest","Steam"],"picked":"Lockon","floor":1},{"not_picked":["Force Field","Conserve Battery","Storm"],"picked":"SKIP","floor":2},{"not_picked":["Double Energy","Aggregate","Go for the Eyes"],"picked":"SKIP","floor":4},{"not_picked":["Compile Driver","Aggregate"],"picked":"Cold Snap","floor":5},{"not_picked":["Sweeping Beam","Storm"],"picked":"Cold Snap","floor":8},{"not_picked":["Meteor Strike","Leap"],"picked":"Creative AI","floor":10},{"not_picked":["Ball Lightning+1","Redo","Go for the Eyes+1"],"picked":"SKIP","floor":14},{"not_picked":["Thunder Strike+1","Core Surge+1"],"picked":"Hyperbeam+1","floor":16},{"not_picked":["Gash+1","Ball Lightning+1","Reprogram"],"picked":"SKIP","floor":18},{"not_picked":["Rebound+1","Redo","Go for the Eyes+1"],"picked":"SKIP","floor":21}],"player_experience":2377422,"relics_obtained":[{"floor":9,"key":"Orichalcum"},{"floor":10,"key":"Molten Egg 2"},{"floor":14,"key":"Boot"}],"event_choices":[{"damage_healed":0,"gold_gain":0,"player_choice":"Donut","damage_taken":0,"max_hp_gain":5,"max_hp_loss":0,"event_name":"Big Fish","floor":3,"gold_loss":0},{"damage_healed":0,"gold_gain":0,"player_choice":"Leave","damage_taken":0,"max_hp_gain":0,"max_hp_loss":0,"event_name":"The Cleric","floor":6,"gold_loss":0},{"damage_healed":0,"gold_gain":0,"player_choice":"Success","damage_taken":5,"relics_obtained":["Juzu Bracelet"],"max_hp_gain":0,"max_hp_loss":0,"event_name":"Scrap Ooze","floor":13,"gold_loss":0},{"damage_healed":0,"gold_gain":0,"player_choice":"Ignored","damage_taken":0,"max_hp_gain":0,"max_hp_loss":0,"event_name":"Ghosts","floor":19,"gold_loss":0},{"damage_healed":0,"gold_gain":180,"player_choice":"GOLD GOLD ","damage_taken":21,"max_hp_gain":0,"max_hp_loss":0,"event_name":"Knowing Skull","floor":20,"potions_obtained":[],"gold_loss":0,"cards_obtained":[]},{"damage_healed":0,"gold_gain":0,"player_choice":"Became a vampire","damage_taken":0,"max_hp_gain":0,"max_hp_loss":23,"event_name":"Vampires","floor":22,"gold_loss":0,"cards_obtained":["Bite","Bite","Bite","Bite","Bite"]}],"is_beta":false,"boss_relics":[{"not_picked":["Coffee Dripper","Black Star"],"picked":"Snecko Eye"}],"items_purged_floors":[],"is_endless":false,"potions_floor_spawned":[1,4,16],"killed_by":"Slavers","ascension_level":20}