{"path_per_floor":["M","?","$","M","M","R","M","R","T","M","?","R","M","$","R","B",null,"M","M","M","?","?","?","M","E","T","R","?","$","M","?","R","B",null,"M","?","M","M","$","R","M","E","T","?","M","M","M","$","R","B"],"character_chosen":"IRONCLAD","items_purchased":["Corruption","Dramatic Entrance","Infernal Blade","Apotheosis","Anchor","SteroidPotion","PowerPotion","Mummified Hand","Feel No Pain","Swift Potion"],"gold_per_floor":[364,364,37,50,74,74,93,93,143,162,193,193,217,34,34,158,196,217,237,255,205,205,205,230,265,315,315,315,114,134,134,134,263,263,283,283,304,327,275,275,300,335,335,335,354,372,387,16,16,16],"floor_reached":51,"campfire_rested":5,"playtime":5358,"current_hp_per_floor":[36,36,36,41,47,71,77,77,77,80,60,80,75,75,75,57,79,62,49,23,23,23,51,62,19,19,44,44,44,46,46,72,32,74,88,88,75,82,82,82,88,32,32,32,33,21,31,31,57,19],"items_purged":["Injury"],"gold":16,"score":1024,"play_id":"3eafe2e1-294b-4161-9ef6-40d6438b3740","local_time":"20180512163311","is_prod":false,"is_daily":false,"chose_seed":false,"is_ascension_mode":true,"campfire_upgraded":3,"timestamp":1526131991,"path_taken":["M","?","$","M","?","R","M","R","T","M","?","R","?","?","R","BOSS","M","M","?","?","?","?","M","E","T","R","?","$","M","?","R","BOSS","M","?","M","M","$","R","M","E","T","?","?","M","M","$","R","BOSS"],"build_version":"2018-05-10","seed_source_timestamp":64507910555072,"purchased_purges":1,"victory":true,"master_deck":["Defend_R+1","Defend_R","Defend_R","Bash","Iron Wave","Corruption","Dramatic Entrance+1","Infernal Blade+1","Disarm","Feel No Pain","Armaments","Sentinel","Apotheosis+1","Exhume","Anger","Ghostly Armor+1","Havoc","Bite","Bite","Bite","Bite","Infernal Blade","Havoc","Rage+1","Spot Weakness+1","Searing Blow","Dark Embrace","Havoc+1","Mind Blast","Havoc+1","Sentinel","Anger+1","Havoc","Sentinel+1","Infernal Blade+1","Intimidate","Dark Embrace","Infernal Blade+1","Feel No Pain"],"max_hp_per_floor":[80,80,80,80,80,80,80,80,80,80,80,80,80,80,80,80,85,85,85,85,85,85,85,85,85,85,85,85,85,88,88,88,88,88,88,88,88,88,88,88,88,88,88,88,88,88,88,88,88,88],"relics":["Burning Blood","Golden Idol","Odd Mushroom","Tiny House","Prayer Wheel","Bronze Scales","Anchor","White Beast Statue","Bottled Flame","Shuriken","Mummified Hand"],"card_choices":[{"not_picked":["Reckless Charge","Second Wind"],"picked":"Iron Wave","floor":1},{"not_picked":["Heavy Blade","True Grit"],"picked":"Disarm","floor":4},{"not_picked":["Searing Blow","Wild Strike"],"picked":"Feel No Pain","floor":5},{"not_picked":["Body Slam","Clothesline"],"picked":"Armaments","floor":7},{"not_picked":["Fire Breathing","Impervious"],"picked":"Sentinel","floor":10},{"not_picked":["Double Tap","Fiend Fire"],"picked":"Exhume","floor":16},{"not_picked":["Wild Strike","Armaments"],"picked":"Anger","floor":17},{"not_picked":["Entrench","Fire Breathing"],"picked":"Ghostly Armor","floor":18},{"not_picked":["Pommel Strike","Cleave"],"picked":"Havoc","floor":19},{"not_picked":["Warcry","Twin Strike"],"picked":"Infernal Blade","floor":24},{"not_picked":["Sword Boomerang","Iron Wave"],"picked":"Havoc","floor":25},{"not_picked":["Dark Embrace","Pommel Strike"],"picked":"Rage","floor":26},{"not_picked":["Power Through","Thunderclap"],"picked":"Spot Weakness","floor":30},{"not_picked":["Double Tap","Limit Break"],"picked":"Dark Embrace","floor":33},{"not_picked":["True Grit","Twin Strike"],"picked":"Havoc","floor":35},{"not_picked":["Twin Strike","Clash"],"picked":"Havoc","floor":37},{"not_picked":["Perfected Strike","Armaments"],"picked":"Sentinel","floor":38},{"not_picked":["True Grit","Inflame"],"picked":"Anger","floor":41},{"not_picked":["Dropkick","Iron Wave"],"picked":"Havoc","floor":42},{"not_picked":["True Grit","Evolve"],"picked":"Sentinel","floor":43},{"not_picked":["Bloodletting","Sever Soul"],"picked":"Intimidate","floor":45},{"not_picked":["Pommel Strike","Wild Strike"],"picked":"Dark Embrace","floor":46},{"not_picked":["Hemokinesis","Warcry"],"picked":"Infernal Blade","floor":47}],"player_experience":413556,"potions_floor_usage":[7,10,18,18,30,30,35,38,41,42,42,45,45,46,47,50,50],"damage_taken":[{"damage":6,"enemies":"2 Louse","floor":1,"turns":3},{"damage":1,"enemies":"Small Slimes","floor":4,"turns":2},{"damage":0,"enemies":"Cultist","floor":5,"turns":3},{"damage":0,"enemies":"2 Fungi Beasts","floor":7,"turns":3},{"damage":2,"enemies":"Blue Slaver","floor":10,"turns":3},{"damage":26,"enemies":"The Mushroom Lair","floor":11,"turns":5},{"damage":11,"enemies":"Lots of Slimes","floor":13,"turns":3},{"damage":26,"enemies":"Hexaghost","floor":16,"turns":12},{"damage":25,"enemies":"2 Thieves","floor":18,"turns":4},{"damage":21,"enemies":"3 Byrds","floor":19,"turns":7},{"damage":34,"enemies":"Sentry and Sphere","floor":20,"turns":8},{"damage":10,"enemies":"Snake Plant","floor":24,"turns":6},{"damage":85,"enemies":"Gremlin Leader","floor":25,"turns":10},{"damage":13,"enemies":"Centurion and Healer","floor":30,"turns":5},{"damage":111,"enemies":"Automaton","floor":33,"turns":11},{"damage":16,"enemies":"3 Shapes","floor":35,"turns":7},{"damage":19,"enemies":"Orb Walker","floor":37,"turns":3},{"damage":22,"enemies":"Maw","floor":38,"turns":6},{"damage":0,"enemies":"3 Darklings","floor":41,"turns":2},{"damage":80,"enemies":"Giant Head","floor":42,"turns":9},{"damage":5,"enemies":"4 Shapes","floor":45,"turns":3},{"damage":24,"enemies":"Sphere and 2 Shapes","floor":46,"turns":5},{"damage":13,"enemies":"3 Darklings","floor":47,"turns":4},{"damage":56,"enemies":"Time Eater","floor":50,"turns":8}],"event_choices":[{"event_name":"Golden Idol","player_choice":"Take Wound","floor":2,"damage_taken":0},{"event_name":"Mushrooms","player_choice":"Fought Mushrooms","floor":11,"damage_taken":0},{"event_name":"The Joust","player_choice":"Bet on Murderer","floor":21,"damage_taken":0},{"event_name":"Vampires","player_choice":"Became a vampire (Vial)","floor":22,"damage_taken":0},{"event_name":"The Library","player_choice":"Heal","floor":23,"damage_taken":0},{"event_name":"Addict","player_choice":"Ignored","floor":28,"damage_taken":0},{"event_name":"Transmorgrifier","player_choice":"Transform","floor":31,"damage_taken":0},{"event_name":"Transmorgrifier","player_choice":"Transform","floor":36,"damage_taken":0},{"event_name":"Duplicator","player_choice":"One dupe","floor":44,"damage_taken":0}],"boss_relics":[{"not_picked":["Astrolabe","Black Blood"],"picked":"Tiny House"},{"not_picked":["Lizard Tail","Runic Pyramid"],"picked":"White Beast Statue"}],"potions_floor_spawned":[1,5,16,25,33,35,37,38,41,42,45,46,47],"seed_played":"-9119675660089963676","ascension_level":7,"is_trial":false}