{"gold_per_floor":[15,15,35,48,48,373,373,373],"floor_reached":8,"playtime":224,"items_purged":[],"score":112,"play_id":"00a46553-4ae9-44a4-9e7c-1fcf8d935298","local_time":"20190225134853","is_ascension_mode":true,"campfire_choices":[{"data":"Biased Cognition","floor":7,"key":"SMITH"}],"neow_cost":"NO_GOLD","seed_source_timestamp":439304339644400,"circlet_count":0,"master_deck":["AscendersBane","Strike_B","Strike_B","Strike_B","Strike_B","Defend_B","Defend_B","Defend_B","Zap","Dualcast","Reboot","Gash","Cold Snap","Gash","Biased Cognition+1","Normality"],"relics":["Cracked Core","Old Coin"],"potions_floor_usage":[8],"damage_taken":[{"damage":4,"enemies":"Jaw Worm","floor":1,"turns":3},{"damage":6,"enemies":"Cultist","floor":3,"turns":4},{"damage":0,"enemies":"2 Louse","floor":4,"turns":2},{"damage":23,"enemies":"3 Sentries","floor":6,"turns":8},{"damage":39,"enemies":"Gremlin Nob","floor":8,"turns":3}],"seed_played":"2949597057791274241","potions_obtained":[{"floor":3,"key":"Poison Potion"}],"is_trial":false,"path_per_floor":["M","?","M","M","?","E","R","E"],"character_chosen":"DEFECT","items_purchased":[],"campfire_rested":0,"item_purchase_floors":[],"current_hp_per_floor":[60,60,54,54,54,31,31,0],"gold":373,"neow_bonus":"THREE_RARE_CARDS","is_prod":false,"is_daily":false,"chose_seed":false,"campfire_upgraded":1,"win_rate":0,"timestamp":1551070133,"path_taken":["M","?","?","M","?","E","R","E"],"build_version":"2019-01-23","purchased_purges":0,"victory":false,"max_hp_per_floor":[71,71,71,71,71,71,71,71],"card_choices":[{"not_picked":["Thunder Strike","Multi-Cast"],"picked":"Reboot","floor":0},{"not_picked":["Compile Driver","Go for the Eyes"],"picked":"Gash","floor":1},{"not_picked":["Fusion","Turbo"],"picked":"Cold Snap","floor":3},{"not_picked":["Recycle","Scrape"],"picked":"Gash","floor":4},{"not_picked":["Auto Shields","Hologram","Static Discharge"],"picked":"SKIP","floor":6}],"player_experience":1811889,"relics_obtained":[{"floor":6,"key":"Old Coin"}],"event_choices":[{"cards_removed":["Defend_B"],"damage_healed":0,"gold_gain":0,"player_choice":"Purged","damage_taken":0,"max_hp_gain":0,"max_hp_loss":0,"event_name":"Purifier","floor":2,"gold_loss":0},{"damage_healed":0,"gold_gain":0,"player_choice":"2 cards matched","damage_taken":0,"max_hp_gain":0,"max_hp_loss":0,"event_name":"Match and Keep!","floor":5,"gold_loss":0,"cards_obtained":["Biased Cognition","Normality"]}],"is_beta":false,"boss_relics":[],"items_purged_floors":[],"is_endless":false,"potions_floor_spawned":[3],"killed_by":"Gremlin Nob","ascension_level":20}