{"gold_per_floor":[118,88,100,25,25,25,39,39,64,94,94,112,12,47,47,119,119,132,232,245,245],"floor_reached":21,"playtime":540,"items_purged":["Regret","Decay"],"score":424,"play_id":"a6b34fc6-00d5-425c-9636-f1ee53e4fa44","local_time":"20190414190631","is_ascension_mode":true,"campfire_choices":[{"data":"Perfected Strike","floor":6,"key":"SMITH"},{"data":"Bash","floor":8,"key":"SMITH"},{"data":"True Grit","floor":15,"key":"SMITH"}],"neow_cost":"NONE","seed_source_timestamp":199739926487400,"circlet_count":0,"master_deck":["AscendersBane","Strike_R","Strike_R","Strike_R","Strike_R","Strike_R","Defend_R","Bash+1","Injury","Perfected Strike+1","True Grit+1","Corruption","Offering","Carnage+1","Dual Wield+1","Bloodletting+1","Twin Strike","Perfected Strike","Shrug It Off+1"],"relics":["Calling Bell","Pen Nib","Self Forming Clay","Pocketwatch","Blood Vial","Bag of Preparation","Potion Belt","Astrolabe","StoneCalendar","Question Card"],"potions_floor_usage":[10,14],"damage_taken":[{"damage":11,"enemies":"Small Slimes","floor":1,"turns":4},{"damage":2,"enemies":"Cultist","floor":3,"turns":2},{"damage":5,"enemies":"2 Louse","floor":7,"turns":3},{"damage":15,"enemies":"3 Sentries","floor":10,"turns":5},{"damage":19,"enemies":"Exordium Thugs","floor":12,"turns":3},{"damage":8,"enemies":"Gremlin Nob","floor":14,"turns":3},{"damage":18,"enemies":"Slime Boss","floor":16,"turns":6},{"damage":6,"enemies":"Spheric Guardian","floor":18,"turns":2},{"damage":14,"enemies":"Colosseum Slavers","floor":19,"turns":4},{"damage":21,"enemies":"Colosseum Nobs","floor":19,"turns":4},{"damage":20,"enemies":"2 Thieves","floor":20,"turns":2}],"seed_played":"199705670840819679","potions_obtained":[{"floor":2,"key":"Dexterity Potion"},{"floor":2,"key":"AttackPotion"},{"floor":12,"key":"BloodPotion"},{"floor":16,"key":"SpeedPotion"}],"is_trial":false,"path_per_floor":["M","?","M","$","?","R","M","R","T","E","?","M","$","E","R","B",null,"M","?","M","?"],"character_chosen":"IRONCLAD","items_purchased":[],"campfire_rested":0,"item_purchase_floors":[],"current_hp_per_floor":[57,57,55,55,55,55,50,50,50,37,37,20,20,21,21,5,58,54,23,5,0],"gold":245,"neow_bonus":"BOSS_RELIC","is_prod":false,"is_daily":false,"chose_seed":false,"campfire_upgraded":3,"win_rate":0,"timestamp":1555236391,"path_taken":["M","?","?","$","?","R","M","R","T","E","?","M","$","E","R","BOSS","M","?","M","?"],"build_version":"2019-01-23","purchased_purges":2,"victory":false,"max_hp_per_floor":[75,75,75,75,75,75,75,75,75,75,75,75,75,75,75,75,75,75,75,75,75],"card_choices":[{"not_picked":["Uppercut","Hemokinesis","Heavy Blade"],"picked":"SKIP","floor":1},{"not_picked":["Body Slam","Pommel Strike"],"picked":"Perfected Strike","floor":3},{"not_picked":["Rampage","Heavy Blade","Sever Soul"],"picked":"SKIP","floor":7},{"not_picked":["Rage","Twin Strike","Havoc"],"picked":"SKIP","floor":10},{"not_picked":["Havoc","Iron Wave"],"picked":"True Grit","floor":12},{"not_picked":["Anger","Cleave"],"picked":"Corruption","floor":14},{"not_picked":["Exhume","Bludgeon"],"picked":"Offering","floor":16},{"not_picked":["Dual Wield","Armaments+1"],"picked":"Twin Strike","floor":18},{"not_picked":["Entrench","Flame Barrier"],"picked":"Perfected Strike","floor":19},{"not_picked":["Sword Boomerang","Anger","Reckless Charge"],"picked":"Shrug It Off+1","floor":20}],"player_experience":3131302,"relics_obtained":[{"floor":0,"key":"Pen Nib"},{"floor":0,"key":"Self Forming Clay"},{"floor":0,"key":"Pocketwatch"},{"floor":9,"key":"Blood Vial"},{"floor":10,"key":"Bag of Preparation"},{"floor":14,"key":"Potion Belt"},{"floor":19,"key":"StoneCalendar"},{"floor":19,"key":"Question Card"}],"event_choices":[{"damage_healed":0,"gold_gain":0,"player_choice":"Bought 2 Potions","damage_taken":0,"max_hp_gain":0,"max_hp_loss":0,"event_name":"The Woman in Blue","floor":2,"gold_loss":0},{"damage_healed":0,"gold_gain":0,"player_choice":"Leave","damage_taken":0,"max_hp_gain":0,"max_hp_loss":0,"event_name":"The Cleric","floor":5,"gold_loss":0},{"damage_healed":0,"gold_gain":0,"player_choice":"Ignored","damage_taken":0,"max_hp_gain":0,"max_hp_loss":0,"event_name":"Liars Game","floor":11,"gold_loss":0},{"damage_healed":0,"gold_gain":0,"player_choice":"Fight","damage_taken":0,"max_hp_gain":0,"max_hp_loss":0,"event_name":"Colosseum","floor":19,"gold_loss":0},{"damage_healed":0,"gold_gain":0,"player_choice":"Fought Nobs","damage_taken":0,"max_hp_gain":0,"max_hp_loss":0,"event_name":"Colosseum","floor":19,"gold_loss":0}],"is_beta":false,"boss_relics":[{"not_picked":["White Beast Statue","Tiny House"],"picked":"Astrolabe"}],"items_purged_floors":[4,13],"is_endless":false,"potions_floor_spawned":[3,7,12,16,19],"ascension_level":20}