{"path_per_floor":["M","?","$","T","M","?","M","E","T","M","$","E","M","?","R","B",null,"M","M","$","M","?","R","E","R","T","M","?","$","M","E","R","B",null,"M","M","?","$","?","R","M","R","T","R","$","T","$","M","R","B"],"character_chosen":"THE_SILENT","items_purchased":["Vajra","Apotheosis","Poison Potion","Crippling Poison","Orichalcum"],"gold_per_floor":[110,110,110,110,120,120,133,167,241,258,102,128,139,139,139,235,235,249,261,6,26,26,26,61,61,86,106,106,29,49,78,78,175,205,221,238,238,9,9,9,22,22,22,22,22,22,22,35,35,35],"floor_reached":51,"campfire_rested":4,"playtime":3451,"current_hp_per_floor":[70,70,70,70,69,69,66,55,55,55,55,56,51,44,65,65,70,57,64,64,60,44,65,44,65,65,65,65,65,64,70,70,21,75,57,59,59,59,59,59,67,67,67,67,67,67,67,54,75,4],"items_purged":["Strike_G"],"gold":35,"score":567,"play_id":"1ff74657-5593-46d6-b3a4-c8db66b67148","is_prod":false,"is_daily":false,"is_ascension_mode":false,"campfire_upgraded":3,"path_taken":["M","?","$","?","M","?","M","E","T","M","$","E","M","?","R","BOSS","M","M","$","M","?","R","E","R","T","M","?","$","M","E","R","BOSS","M","M","?","$","?","R","M","R","T","R","?","?","$","M","R","BOSS"],"build_version":"2018-02-15-PROD1","purchased_purges":1,"victory":true,"master_deck":["Defend_G+1","Defend_G+1","Defend_G+1","Defend_G+1","Defend_G+1","Strike_G+1","Strike_G+1","Survivor","Venomology","Poisoned Stab+1","Deadly Poison","Deadly Poison+1","Bane","Envenom+1","Prepared","Adrenaline+1","Caltrops+1","Apotheosis+1","Panacea+1","Bane+1","Crippling Poison","Noxious Fumes+1","Bane","Poisoned Stab+1","Decay"],"max_hp_per_floor":[70,70,70,70,70,70,70,70,70,70,70,70,70,70,70,70,70,70,70,70,70,70,70,70,70,70,70,70,70,70,70,70,70,75,75,75,75,75,75,75,75,75,75,75,75,75,75,75,75,75],"relics":["Ring of the Snake","Omamori","Spirit Poop","Bronze Scales","Shuriken","Vajra","Thread and Needle","Cursed Key","Pantograph","Snake Skull","Blood Vial","Tiny House","Orichalcum","Shovel","Tough Bandages","War Paint"],"card_choices":[{"not_picked":["Die Die Die","Corpse Explosion"],"picked":"Venomology"},{"not_picked":["Dodge and Roll","Predator"],"picked":"Poisoned Stab"},{"not_picked":["Prepared","Flying Knee"],"picked":"Deadly Poison"},{"not_picked":["Caltrops","Deflect"],"picked":"Deadly Poison"},{"not_picked":["Dodge and Roll","Die Die Die"],"picked":"Bane"},{"not_picked":["Blade Dance","Prepared"],"picked":"Envenom"},{"not_picked":["Acrobatics","Cloak And Dagger"],"picked":"Prepared"},{"not_picked":["Wraith Form","Storm of Steel"],"picked":"Adrenaline"},{"not_picked":["Sucker Punch","Flying Knee"],"picked":"Caltrops"},{"not_picked":["Adrenaline","Heel Hook"],"picked":"Bane"},{"not_picked":["Backstab","Dagger Throw"],"picked":"Noxious Fumes"},{"not_picked":["Leg Sweep","Sucker Punch"],"picked":"Bane"},{"not_picked":["Cloak And Dagger","Backflip"],"picked":"Poisoned Stab"}],"player_experience":142900,"potions_floor_usage":[5,8,8,8,8,10,12,12,13,16,16,18,19,19,21,21,24,24,31,31,31,33,33,35,36,41,41,50,50,50,50],"damage_taken":[{"damage":0,"enemies":"2 Louse","floor":1,"turns":4},{"damage":1,"enemies":"Jaw Worm","floor":5,"turns":5},{"damage":3,"enemies":"Cultist","floor":7,"turns":5},{"damage":11,"enemies":"Lagavulin","floor":8,"turns":5},{"damage":0,"enemies":"2 Fungi Beasts","floor":10,"turns":4},{"damage":14,"enemies":"3 Sentries","floor":12,"turns":9},{"damage":5,"enemies":"Exordium Thugs","floor":13,"turns":3},{"damage":0,"enemies":"Hexaghost","floor":16,"turns":9},{"damage":13,"enemies":"2 Thieves","floor":18,"turns":4},{"damage":5,"enemies":"Chosen","floor":19,"turns":4},{"damage":4,"enemies":"Snecko","floor":21,"turns":4},{"damage":21,"enemies":"Book of Stabbing","floor":24,"turns":5},{"damage":0,"enemies":"Snake Plant","floor":27,"turns":3},{"damage":1,"enemies":"Centurion and Healer","floor":30,"turns":5},{"damage":4,"enemies":"Slavers","floor":31,"turns":4},{"damage":49,"enemies":"Collector","floor":33,"turns":7},{"damage":18,"enemies":"3 Shapes","floor":35,"turns":4},{"damage":0,"enemies":"Orb Walker","floor":36,"turns":2},{"damage":6,"enemies":"4 Shapes","floor":41,"turns":6},{"damage":15,"enemies":"Maw","floor":48,"turns":5},{"damage":71,"enemies":"Donu and Deca","floor":50,"turns":9}],"event_choices":[{"event_name":"Living Wall","player_choice":"Forget","floor":2,"damage_taken":0},{"event_name":"Bonfire Elementals","player_choice":"CURSE","floor":6,"damage_taken":0},{"event_name":"Golden Wing","player_choice":"Card Removal","floor":14,"damage_taken":0},{"event_name":"Knowing Skull","player_choice":"CARD ","floor":22,"damage_taken":0},{"event_name":"Back to Basics","player_choice":"Simplicity","floor":28,"damage_taken":0},{"event_name":"Tomb of Lord Red Mask","player_choice":"Ignored","floor":37,"damage_taken":0}],"boss_relics":[{"not_picked":["Black Star","Eternal Feather"],"picked":"Cursed Key"},{"not_picked":["Question Card","Philosopher\u0027s Stone"],"picked":"Tiny House"}],"potions_floor_spawned":[7,8,10,18,19,21,36,41,48],"seed_played":"-1574963809754050714","ascension_level":0,"is_trial":false}