{"gold_per_floor":[210,360,435,435,9,40,40,57,57,112,112,112,37,37,37,132,132,151,151,151,169,169,169,182,232,232,232,232,232,232,245,245,245],"floor_reached":33,"playtime":1281,"items_purged":["Strike_B"],"score":534,"play_id":"20cf8a0f-ef18-4583-aa58-2ad47f4a85b8","local_time":"20190409194627","is_ascension_mode":true,"campfire_choices":[{"data":"Consume","floor":7,"key":"SMITH"},{"data":"Genetic Algorithm","floor":11,"key":"SMITH"},{"floor":15,"key":"REST"},{"data":"Creative AI","floor":23,"key":"SMITH"},{"floor":28,"key":"REST"},{"data":"Recycle","floor":30,"key":"SMITH"},{"data":"Ghostly","floor":32,"key":"SMITH"}],"neow_cost":"NONE","seed_source_timestamp":236035203882100,"circlet_count":0,"master_deck":["AscendersBane","Strike_B","Strike_B","Strike_B","Defend_B","Defend_B","Defend_B","Defend_B","Zap","Dualcast","Cold Snap","Consume+1","Cold Snap","Chill","Melter","Genetic Algorithm+1","Recycle+1","Creative AI+1","Chill","Coolheaded","Hologram+1","Ghostly","Ghostly","Ghostly+1"],"relics":["Cracked Core","Gambling Chip","Boot","Tiny Chest","Dream Catcher","Golden Idol","Runic Dome","Pantograph","Gremlin Horn"],"potions_floor_usage":[16,21,27],"damage_taken":[{"damage":0,"enemies":"Small Slimes","floor":1,"turns":3},{"damage":15,"enemies":"Lagavulin","floor":6,"turns":8},{"damage":0,"enemies":"Jaw Worm","floor":8,"turns":4},{"damage":29,"enemies":"Gremlin Nob","floor":10,"turns":4},{"damage":13,"enemies":"The Guardian","floor":16,"turns":15},{"damage":6,"enemies":"Shell Parasite","floor":18,"turns":9},{"damage":2,"enemies":"Chosen","floor":21,"turns":5},{"damage":18,"enemies":"3 Cultists","floor":24,"turns":7},{"damage":0,"enemies":"Book of Stabbing","floor":27,"turns":1},{"damage":2,"enemies":"Centurion and Healer","floor":31,"turns":9},{"damage":35,"enemies":"Automaton","floor":33,"turns":10}],"seed_played":"-2031588859551535293","potions_obtained":[{"floor":10,"key":"Strength Potion"},{"floor":16,"key":"Swift Potion"},{"floor":20,"key":"SmokeBomb"}],"is_trial":false,"path_per_floor":["M","?","?","?","$","E","R","M","T","E","R","T","$","?","R","B",null,"M","?","?","M","T","R","M","?","T","E","R","?","R","M","R","B"],"character_chosen":"DEFECT","items_purchased":["Consume","Gambling Chip","Cold Snap"],"campfire_rested":2,"item_purchase_floors":[5,5,5],"current_hp_per_floor":[64,64,53,53,53,38,38,38,38,9,9,9,9,9,28,15,52,46,46,46,44,44,44,26,26,26,26,45,32,32,30,30,0],"gold":245,"neow_bonus":"HUNDRED_GOLD","is_prod":false,"is_daily":false,"chose_seed":false,"campfire_upgraded":5,"win_rate":0,"timestamp":1554806787,"path_taken":["M","?","?","?","$","E","R","M","T","E","R","?","$","?","R","BOSS","M","?","?","?","?","R","?","?","T","E","R","?","R","M","R","BOSS"],"build_version":"2019-01-23","purchased_purges":1,"victory":false,"max_hp_per_floor":[71,71,71,71,71,71,71,71,71,71,71,71,71,64,64,64,64,64,64,64,64,64,64,64,64,64,64,64,32,32,32,32,32],"card_choices":[{"not_picked":["Streamline","Go for the Eyes"],"picked":"Cold Snap","floor":1},{"not_picked":["Conserve Battery","Skim"],"picked":"Chill","floor":6},{"not_picked":["Cold Snap","Rebound"],"picked":"Melter","floor":8},{"not_picked":["Heatsinks","Leap"],"picked":"Genetic Algorithm","floor":10},{"not_picked":["Compile Driver","Double Energy"],"picked":"Recycle","floor":15},{"not_picked":["Multi-Cast","Rainbow"],"picked":"Creative AI","floor":16},{"not_picked":["Ball Lightning","Cold Snap","Stack"],"picked":"SKIP","floor":18},{"not_picked":["Barrage","Chaos+1"],"picked":"Chill","floor":21},{"not_picked":["Chaos","Redo"],"picked":"Coolheaded","floor":24},{"not_picked":["Tempest","Streamline"],"picked":"Hologram+1","floor":28},{"not_picked":["Beam Cell","Steam Power","Gash+1"],"picked":"SKIP","floor":31}],"player_experience":3013344,"relics_obtained":[{"floor":6,"key":"Boot"},{"floor":10,"key":"Tiny Chest"},{"floor":12,"key":"Dream Catcher"},{"floor":22,"key":"Pantograph"},{"floor":26,"key":"Gremlin Horn"}],"event_choices":[{"damage_healed":0,"gold_gain":150,"player_choice":"AGREE","damage_taken":0,"max_hp_gain":0,"max_hp_loss":0,"event_name":"Liars Game","floor":2,"gold_loss":0,"cards_obtained":["Doubt"]},{"damage_healed":0,"gold_gain":75,"player_choice":"Gather Gold","damage_taken":11,"max_hp_gain":0,"max_hp_loss":0,"event_name":"World of Goop","floor":3,"gold_loss":0},{"cards_removed":["Doubt"],"damage_healed":0,"gold_gain":0,"player_choice":"Forget","damage_taken":0,"max_hp_gain":0,"max_hp_loss":0,"event_name":"Living Wall","floor":4,"gold_loss":0},{"damage_healed":0,"gold_gain":0,"player_choice":"Lose Max HP","damage_taken":0,"relics_obtained":["Golden Idol"],"max_hp_gain":0,"max_hp_loss":7,"event_name":"Golden Idol","floor":14,"gold_loss":0},{"damage_healed":0,"gold_gain":0,"player_choice":"Ignored","damage_taken":0,"max_hp_gain":0,"max_hp_loss":0,"event_name":"Vampires","floor":19,"gold_loss":0},{"damage_healed":0,"gold_gain":0,"player_choice":"Got Potions","damage_taken":0,"max_hp_gain":0,"max_hp_loss":0,"event_name":"Lab","floor":20,"gold_loss":0},{"damage_healed":0,"gold_gain":50,"player_choice":"Stole From Cult","damage_taken":0,"max_hp_gain":0,"max_hp_loss":0,"event_name":"Nest","floor":25,"gold_loss":0},{"damage_healed":0,"gold_gain":0,"player_choice":"Became a Ghost","damage_taken":0,"max_hp_gain":0,"max_hp_loss":32,"event_name":"Ghosts","floor":29,"gold_loss":0,"cards_obtained":["Ghostly","Ghostly","Ghostly"]}],"is_beta":false,"boss_relics":[{"not_picked":["Empty Cage","Runic Pyramid"],"picked":"Runic Dome"}],"items_purged_floors":[13],"is_endless":false,"potions_floor_spawned":[10,16,27],"killed_by":"Automaton","ascension_level":20}