{"gold_per_floor":[118,118,135,151,151,187,187,218,244,244,244,2,2,22,22,118,118,131,56,56,80,80,80,80,80],"floor_reached":25,"playtime":672,"items_purged":["Decay"],"score":414,"play_id":"0ab03baf-a26f-4551-a9f4-02780f1f986c","local_time":"20190330211425","is_ascension_mode":true,"campfire_choices":[{"floor":7.0,"key":"REST"},{"floor":11.0,"key":"REST"},{"data":"Strike_B","floor":13.0,"key":"SMITH"},{"floor":15.0,"key":"REST"},{"data":"Consume","floor":23,"key":"SMITH"}],"neow_cost":"TEN_PERCENT_HP_LOSS","seed_source_timestamp":122563511205300,"circlet_count":0,"master_deck":["AscendersBane","Zap+1","Dualcast","Ball Lightning","Coolheaded","Reboot","Stack","White Noise","Consume+1","Go for the Eyes","Sunder","Creative AI","Go for the Eyes"],"special_seed":0,"relics":["Cracked Core","StoneCalendar","Golden Idol","Art of War","Blood Vial","DataDisk","Pandora\u0027s Box","Meat on the Bone"],"potions_floor_usage":[16],"damage_taken":[{"damage":7.0,"enemies":"Cultist","floor":1.0,"turns":4.0},{"damage":8.0,"enemies":"Small Slimes","floor":3.0,"turns":2.0},{"damage":0.0,"enemies":"2 Louse","floor":4.0,"turns":3.0},{"damage":25.0,"enemies":"Gremlin Nob","floor":6.0,"turns":4.0},{"damage":9.0,"enemies":"Lagavulin","floor":8.0,"turns":7.0},{"damage":23.0,"enemies":"Gremlin Gang","floor":14.0,"turns":5.0},{"damage":30,"enemies":"Slime Boss","floor":16,"turns":7},{"damage":10,"enemies":"Chosen","floor":18,"turns":4},{"damage":27,"enemies":"Spheric Guardian","floor":21,"turns":4},{"damage":5,"enemies":"Snecko","floor":25,"turns":5}],"seed_played":"-3702494521912201377","potions_obtained":[{"floor":3.0,"key":"Ancient Potion"},{"floor":6.0,"key":"Dexterity Potion"},{"floor":8.0,"key":"AttackPotion"}],"is_trial":false,"path_per_floor":["M","?","M","M","?","E","R","E","T","?","R","$","R","M","R","B",null,"M","?","$","M","T","R","?","M"],"character_chosen":"DEFECT","items_purchased":["DataDisk"],"campfire_rested":3,"item_purchase_floors":[12],"current_hp_per_floor":[57,57,49,49,27,2,21,12,12,12,31,31,31,10,29,1,48,40,40,40,15,15,15,15,12],"gold":80,"neow_bonus":"ONE_RARE_RELIC","is_prod":false,"is_daily":false,"chose_seed":false,"campfire_upgraded":2,"win_rate":0,"timestamp":1553948065,"path_taken":["M","?","?","M","?","E","R","E","T","?","R","$","R","?","R","BOSS","M","?","$","M","?","R","?","?"],"build_version":"2019-01-23","purchased_purges":1,"victory":false,"max_hp_per_floor":[64,64,64,64,64,64,64,64,64,64,64,64,64,64,64,64,64,64,64,64,64,64,64,64,64],"card_choices":[{"not_picked":["Leap","Rebound"],"picked":"Ball Lightning","floor":1.0},{"not_picked":["Lockon","Stack"],"picked":"Coolheaded","floor":3.0},{"not_picked":["Steam","Ball Lightning","Streamline"],"picked":"SKIP","floor":4.0},{"not_picked":["Melter","Compile Driver","Go for the Eyes"],"picked":"SKIP","floor":6.0},{"not_picked":["Barrage","All For One","Redo"],"picked":"SKIP","floor":8.0},{"not_picked":["Barrage","All For One","Redo"],"picked":"SKIP","floor":8.0},{"not_picked":["Skim","Auto Shields","Hologram"],"picked":"SKIP","floor":14.0},{"not_picked":["Hyperbeam","Machine Learning"],"picked":"Reboot","floor":16},{"not_picked":["Stack+1","Tempest","Compile Driver+1"],"picked":"SKIP","floor":18},{"not_picked":["Streamline","All For One","Redo"],"picked":"SKIP","floor":21}],"player_experience":2758081,"relics_obtained":[{"floor":6.0,"key":"Art of War"},{"floor":8.0,"key":"Blood Vial"},{"floor":22,"key":"Meat on the Bone"}],"event_choices":[{"damage_healed":0.0,"max_hp_gain":0.0,"max_hp_loss":0.0,"gold_gain":0.0,"event_name":"Upgrade Shrine","player_choice":"Upgraded","floor":2.0,"gold_loss":0.0,"damage_taken":0.0,"cards_upgraded":["Zap"]},{"damage_healed":0.0,"max_hp_gain":0.0,"max_hp_loss":0.0,"gold_gain":0.0,"event_name":"Golden Idol","player_choice":"Take Damage","floor":5.0,"gold_loss":0.0,"damage_taken":22.0,"relics_obtained":["Golden Idol"]},{"damage_healed":0.0,"max_hp_gain":0.0,"max_hp_loss":0.0,"gold_gain":0.0,"event_name":"Wheel of Change","player_choice":"Cursed","floor":10.0,"gold_loss":0.0,"damage_taken":0.0,"cards_obtained":["Decay"]},{"cards_removed":["Aggregate"],"damage_healed":0,"gold_gain":0,"player_choice":"Gave Gold","damage_taken":0,"max_hp_gain":0,"max_hp_loss":0,"event_name":"Beggar","floor":19,"gold_loss":75},{"damage_healed":0,"gold_gain":0,"cards_transformed":["Barrage"],"player_choice":"Transformed","damage_taken":0,"max_hp_gain":0,"max_hp_loss":0,"event_name":"Transmorgrifier","floor":24,"gold_loss":0,"cards_obtained":["Go for the Eyes"]}],"is_beta":false,"boss_relics":[{"not_picked":["Eternal Feather","Runic Dome"],"picked":"Pandora\u0027s Box"}],"items_purged_floors":[12],"is_endless":false,"potions_floor_spawned":[3,6,8],"killed_by":"Snecko","ascension_level":20}