{"gold_per_floor":[359,359,359,373,387,387,93,109,135,160,176,189,189,222,222,324,324,340,90,90,90,100,100,125,125,125,152,152,34,34,47,47,149,149,160,1159,578,598,8,8,35,35,35,35,35,51,76,96,96,96],"floor_reached":51,"playtime":1926,"items_purged":["Pain","Doubt","Normality","Strike_R"],"score":1136,"play_id":"0c5a1741-2803-473c-b6d0-b8af5518e0f9","local_time":"20190203114143","is_ascension_mode":true,"campfire_choices":[{"data":"Rampage","floor":6,"key":"SMITH"},{"floor":15,"key":"REST"},{"data":"Whirlwind","floor":23,"key":"SMITH"},{"data":"Disarm","floor":25,"key":"SMITH"},{"data":"Impervious","floor":30,"key":"SMITH"},{"data":"Intimidate","floor":32,"key":"SMITH"},{"data":"Fiend Fire","floor":40,"key":"SMITH"},{"data":"Power Through","floor":42,"key":"SMITH"},{"data":"Defend_R","floor":44,"key":"SMITH"},{"data":"Leap","floor":49,"key":"SMITH"}],"neow_cost":"CURSE","seed_source_timestamp":95407811897700,"circlet_count":0,"master_deck":["Strike_R","Strike_R","Strike_R+1","Strike_R","Defend_R+1","Defend_R+1","Defend_R","Defend_R+1","Bash+1","Rampage+1","Entrench","Intimidate+1","Disarm+1","Power Through+1","Exhume","Whirlwind+1","Pommel Strike+1","Impervious+1","Fiend Fire+1","Shrug It Off+1","Darkness+1","Leap+1","Glacier"],"relics":["Burning Blood","WarpedTongs","Bag of Preparation","Dream Catcher","War Paint","Magic Flower","Snecko Eye","Regal Pillow","Nilry\u0027s Codex","Red Skull","Pen Nib","Bag of Marbles","Cursed Key","Blood Vial","Paper Frog","Meat on the Bone","PrismaticShard","Torii","Nunchaku"],"potions_floor_usage":[14,16,18,33,41,47],"damage_taken":[{"damage":0,"enemies":"Small Slimes","floor":1,"turns":3},{"damage":4,"enemies":"Cultist","floor":4,"turns":3},{"damage":9,"enemies":"Jaw Worm","floor":5,"turns":3},{"damage":12,"enemies":"2 Fungi Beasts","floor":8,"turns":4},{"damage":35,"enemies":"Lagavulin","floor":10,"turns":6},{"damage":2,"enemies":"3 Louse","floor":11,"turns":4},{"damage":9,"enemies":"Blue Slaver","floor":12,"turns":3},{"damage":28,"enemies":"Gremlin Nob","floor":14,"turns":4},{"damage":56,"enemies":"Slime Boss","floor":16,"turns":14},{"damage":7,"enemies":"3 Byrds","floor":18,"turns":6},{"damage":31,"enemies":"Spheric Guardian","floor":22,"turns":6},{"damage":0,"enemies":"Gremlin Leader","floor":24,"turns":5},{"damage":16,"enemies":"Book of Stabbing","floor":27,"turns":4},{"damage":0,"enemies":"Snake Plant","floor":31,"turns":4},{"damage":22,"enemies":"Champ","floor":33,"turns":15},{"damage":0,"enemies":"3 Darklings","floor":35,"turns":4},{"damage":0,"enemies":"Orb Walker","floor":38,"turns":1},{"damage":12,"enemies":"Giant Head","floor":41,"turns":8},{"damage":0,"enemies":"Sphere and 2 Shapes","floor":46,"turns":3},{"damage":0,"enemies":"Reptomancer","floor":47,"turns":1},{"damage":0,"enemies":"Maw","floor":48,"turns":7},{"damage":54,"enemies":"Awakened One","floor":50,"turns":21}],"seed_played":"8276014004580227325","potions_obtained":[{"floor":1,"key":"Strength Potion"},{"floor":5,"key":"Explosive Potion"},{"floor":8,"key":"SpeedPotion"},{"floor":12,"key":"BloodPotion"},{"floor":18,"key":"Regen Potion"},{"floor":24,"key":"SpeedPotion"},{"floor":31,"key":"PowerPotion"},{"floor":46,"key":"SpeedPotion"},{"floor":47,"key":"Energy Potion"}],"is_trial":false,"path_per_floor":["M","?","?","M","M","R","$","M","T","E","M","M","?","E","R","B",null,"M","$","?","?","M","R","E","R","T","E","?","$","R","M","R","B",null,"M","?","$","M","$","R","E","R","T","R","?","M","E","M","R","B",null],"character_chosen":"IRONCLAD","items_purchased":["Bag of Preparation","Entrench","Regal Pillow","Impervious","Weak Potion","SteroidPotion","Blood Vial","Paper Frog","Meat on the Bone","PrismaticShard"],"campfire_rested":1,"item_purchase_floors":[7,7,19,29,29,37,37,37,39,39],"current_hp_per_floor":[80,64,64,66,63,63,63,57,57,28,32,29,55,41,65,18,80,80,80,64,64,42,42,51,51,51,44,44,44,44,53,53,40,80,80,80,80,80,80,80,77,77,77,77,77,80,80,80,80,53],"gold":96,"neow_bonus":"TWO_FIFTY_GOLD","is_prod":false,"is_daily":false,"chose_seed":false,"campfire_upgraded":9,"win_rate":0,"timestamp":1549161703,"path_taken":["M","?","?","M","M","R","$","?","T","E","M","M","?","E","R","BOSS","M","$","?","?","M","R","E","R","T","E","?","?","R","?","R","BOSS","M","?","$","M","$","R","E","R","T","R","?","?","E","M","R","BOSS"],"build_version":"2019-01-23","purchased_purges":4,"victory":true,"max_hp_per_floor":[80,80,80,80,80,80,80,80,80,80,80,80,80,80,80,80,80,80,80,80,80,80,80,80,80,80,80,80,80,80,80,80,80,80,80,80,80,80,80,80,80,80,80,80,80,80,80,80,80,80],"card_choices":[{"not_picked":["True Grit","Flex"],"picked":"Rampage","floor":1},{"not_picked":["Armaments","Spot Weakness","Inflame"],"picked":"SKIP","floor":4},{"not_picked":["Cleave","Sword Boomerang","Thunderclap"],"picked":"SKIP","floor":5},{"not_picked":["Armaments","Pommel Strike"],"picked":"Intimidate","floor":8},{"not_picked":["Havoc","Sword Boomerang","Anger"],"picked":"SKIP","floor":10},{"not_picked":["Hemokinesis","Spot Weakness"],"picked":"Disarm","floor":11},{"not_picked":["Iron Wave","Havoc","Dual Wield"],"picked":"SKIP","floor":12},{"not_picked":["Rupture","Cleave"],"picked":"Power Through","floor":14},{"not_picked":["Berserk","Brutality"],"picked":"Exhume","floor":16},{"not_picked":["Heavy Blade","Twin Strike+1","Shrug It Off"],"picked":"SKIP","floor":18},{"not_picked":["Cleave","Armaments","Body Slam"],"picked":"SKIP","floor":22},{"not_picked":["Entrench+1","Cleave"],"picked":"Pommel Strike+1","floor":24},{"not_picked":["Headbutt","Warcry","Armaments"],"picked":"SKIP","floor":27},{"not_picked":["Fire Breathing","Seeing Red","Battle Trance"],"picked":"SKIP","floor":31},{"not_picked":["Reaper","Berserk"],"picked":"Fiend Fire","floor":33},{"not_picked":["Combust","Reckless Charge","Seeing Red"],"picked":"SKIP","floor":35},{"not_picked":["Twin Strike","Thunderclap","Dual Wield"],"picked":"SKIP","floor":38},{"not_picked":["Wraith Form v2","Underhanded Strike"],"picked":"Shrug It Off+1","floor":41},{"not_picked":["Headbutt","Heatsinks+1"],"picked":"Darkness+1","floor":46},{"not_picked":["Die Die Die","Sucker Punch+1"],"picked":"Leap","floor":47},{"not_picked":["Body Slam","Heatsinks"],"picked":"Glacier","floor":48}],"player_experience":7697,"relics_obtained":[{"floor":9,"key":"Dream Catcher"},{"floor":10,"key":"War Paint"},{"floor":14,"key":"Magic Flower"},{"floor":20,"key":"Nilry\u0027s Codex"},{"floor":24,"key":"Red Skull"},{"floor":26,"key":"Pen Nib"},{"floor":27,"key":"Bag of Marbles"},{"floor":41,"key":"Torii"},{"floor":47,"key":"Nunchaku"}],"event_choices":[{"damage_healed":0,"gold_gain":0,"player_choice":"Entered Light","damage_taken":16,"max_hp_gain":0,"max_hp_loss":0,"event_name":"Shining Light","floor":2,"gold_loss":0,"cards_upgraded":["Strike_R","Bash"]},{"damage_healed":0,"gold_gain":0,"player_choice":"Rummage","damage_taken":0,"relics_obtained":["WarpedTongs"],"max_hp_gain":0,"max_hp_loss":0,"event_name":"Accursed Blacksmith","floor":3,"gold_loss":0,"cards_obtained":["Pain"]},{"damage_healed":26,"gold_gain":0,"player_choice":"Banana","damage_taken":0,"max_hp_gain":0,"max_hp_loss":0,"event_name":"Big Fish","floor":13,"gold_loss":0},{"damage_healed":0,"gold_gain":0,"player_choice":"Obtained Book","damage_taken":16,"max_hp_gain":0,"max_hp_loss":0,"event_name":"Cursed Tome","floor":20,"gold_loss":0},{"damage_healed":0,"gold_gain":0,"player_choice":"Read","damage_taken":0,"max_hp_gain":0,"max_hp_loss":0,"event_name":"The Library","floor":21,"gold_loss":0,"cards_obtained":["Whirlwind"]},{"damage_healed":0,"gold_gain":0,"player_choice":"Ignored","damage_taken":0,"max_hp_gain":0,"max_hp_loss":0,"event_name":"Ghosts","floor":28,"gold_loss":0},{"damage_healed":0,"gold_gain":999,"player_choice":"Gold","damage_taken":0,"max_hp_gain":0,"max_hp_loss":0,"event_name":"MindBloom","floor":36,"gold_loss":0,"cards_obtained":["Normality","Normality"]},{"cards_removed":["Normality"],"damage_healed":0,"gold_gain":0,"player_choice":"Purged","damage_taken":0,"max_hp_gain":0,"max_hp_loss":0,"event_name":"Purifier","floor":45,"gold_loss":0}],"is_beta":false,"boss_relics":[{"not_picked":["Empty Cage","Astrolabe"],"picked":"Snecko Eye"},{"not_picked":["Eternal Feather","Busted Crown"],"picked":"Cursed Key"}],"items_purged_floors":[7,19,37,39],"is_endless":false,"potions_floor_spawned":[1,5,8,12,18,24,31,46,47,48],"ascension_level":4}