{"gold_per_floor":[111,111,124,124,124,124,124,160,160,160,85,120,144,44,44,143,143,162,162,37,87,362,362,362,387,410,423,16,16,16,31,31,31],"floor_reached":33,"playtime":799,"items_purged":["Strike_R","Strike_R","Strike_R"],"score":518,"play_id":"d1986434-754f-40fc-89d5-885540c986e5","local_time":"20190316212141","is_ascension_mode":true,"campfire_choices":[{"data":"Whirlwind","floor":6,"key":"SMITH"},{"data":"Carnage","floor":10,"key":"SMITH"},{"data":"Rampage","floor":15,"key":"SMITH"},{"data":"Defend_R","floor":24,"key":"SMITH"},{"data":"Feel No Pain","floor":30,"key":"SMITH"},{"data":"Shrug It Off","floor":32,"key":"SMITH"}],"neow_cost":"PERCENT_DAMAGE","seed_source_timestamp":212926190463800,"circlet_count":0,"master_deck":["AscendersBane","Strike_R+1","Defend_R","Defend_R+1","Defend_R+1","Defend_R+1","Bash+1","Carnage+1","Whirlwind+1","Rampage+1","Regret","Feel No Pain+1","Shrug It Off+1","Ghostly Armor","Burning Pact"],"relics":["Burning Blood","Champion Belt","Golden Idol","Odd Mushroom","Whetstone","Coffee Dripper","Omamori","Pantograph"],"potions_floor_usage":[16,23,29,33],"damage_taken":[{"damage":13,"enemies":"Jaw Worm","floor":1,"turns":5},{"damage":0,"enemies":"Cultist","floor":3,"turns":2},{"damage":7,"enemies":"The Mushroom Lair","floor":8,"turns":4},{"damage":21,"enemies":"Gremlin Nob","floor":12,"turns":4},{"damage":0,"enemies":"Small Slimes","floor":13,"turns":2},{"damage":26,"enemies":"The Guardian","floor":16,"turns":10},{"damage":15,"enemies":"2 Thieves","floor":18,"turns":3},{"damage":1,"enemies":"Gremlin Leader","floor":23,"turns":3},{"damage":6,"enemies":"3 Byrds","floor":25,"turns":4},{"damage":13,"enemies":"Snecko","floor":27,"turns":4},{"damage":0,"enemies":"Colosseum Slavers","floor":29,"turns":1},{"damage":13,"enemies":"Centurion and Healer","floor":31,"turns":6},{"damage":69,"enemies":"Collector","floor":33,"turns":7}],"seed_played":"6547133573324834280","potions_obtained":[{"floor":1,"key":"SmokeBomb"},{"floor":3,"key":"PowerPotion"},{"floor":25,"key":"Swift Potion"},{"floor":27,"key":"SteroidPotion"}],"is_trial":false,"path_per_floor":["M","?","M","?","?","R","?","?","T","R","$","E","M","$","R","B",null,"M","?","$","?","?","E","R","M","T","M","$","?","R","M","R","B"],"character_chosen":"IRONCLAD","items_purchased":["Pantograph","Ghostly Armor","Burning Pact"],"campfire_rested":0,"item_purchase_floors":[28,28,28],"current_hp_per_floor":[43,43,49,26,26,26,48,47,47,47,47,32,38,38,38,18,56,47,47,47,47,47,52,52,52,52,45,45,51,51,44,44,0],"gold":31,"neow_bonus":"ONE_RARE_RELIC","is_prod":false,"is_daily":false,"chose_seed":false,"campfire_upgraded":6,"win_rate":0,"timestamp":1552738901,"path_taken":["M","?","?","?","?","R","?","?","T","R","?","E","M","$","R","BOSS","M","?","?","?","?","E","R","?","T","M","$","?","R","M","R","BOSS"],"build_version":"2019-01-23","purchased_purges":3,"victory":false,"max_hp_per_floor":[75,75,75,75,68,68,68,68,68,68,68,68,68,68,68,68,68,68,68,68,68,68,68,68,68,68,68,68,68,68,68,68,68],"card_choices":[{"not_picked":["Corruption","Havoc"],"picked":"Carnage","floor":1},{"not_picked":["Shockwave","Sever Soul"],"picked":"Whirlwind","floor":3},{"not_picked":["Cleave","Perfected Strike"],"picked":"Rampage","floor":12},{"not_picked":["Armaments","Intimidate","Hemokinesis"],"picked":"SKIP","floor":13},{"not_picked":["Carnage+1","Heavy Blade+1","Body Slam"],"picked":"SKIP","floor":18},{"not_picked":["Thunderclap","Havoc"],"picked":"Feel No Pain","floor":25},{"not_picked":["Sever Soul","Warcry"],"picked":"Shrug It Off","floor":27},{"not_picked":["Havoc","Warcry","Wild Strike"],"picked":"SKIP","floor":31}],"player_experience":2317139,"relics_obtained":[{"floor":8,"key":"Odd Mushroom"},{"floor":12,"key":"Whetstone"},{"floor":26,"key":"Omamori"}],"event_choices":[{"cards_removed":["Strike_R"],"damage_healed":0,"gold_gain":0,"player_choice":"Purged","damage_taken":0,"max_hp_gain":0,"max_hp_loss":0,"event_name":"Purifier","floor":2,"gold_loss":0},{"damage_healed":0,"gold_gain":0,"player_choice":"Entered Light","damage_taken":23,"max_hp_gain":0,"max_hp_loss":0,"event_name":"Shining Light","floor":4,"gold_loss":0,"cards_upgraded":["Defend_R","Defend_R"]},{"damage_healed":0,"gold_gain":0,"player_choice":"Lose Max HP","damage_taken":0,"relics_obtained":["Golden Idol"],"max_hp_gain":0,"max_hp_loss":7,"event_name":"Golden Idol","floor":5,"gold_loss":0},{"damage_healed":22,"gold_gain":0,"player_choice":"Banana","damage_taken":0,"max_hp_gain":0,"max_hp_loss":0,"event_name":"Big Fish","floor":7,"gold_loss":0},{"damage_healed":0,"gold_gain":0,"player_choice":"Fought Mushrooms","damage_taken":0,"max_hp_gain":0,"max_hp_loss":0,"event_name":"Mushrooms","floor":8,"gold_loss":0},{"damage_healed":0,"gold_gain":0,"player_choice":"0 cards matched","damage_taken":0,"max_hp_gain":0,"max_hp_loss":0,"event_name":"Match and Keep!","floor":19,"gold_loss":0,"cards_obtained":[]},{"damage_healed":0,"gold_gain":50,"player_choice":"Stole From Cult","damage_taken":0,"max_hp_gain":0,"max_hp_loss":0,"event_name":"Nest","floor":21,"gold_loss":0},{"damage_healed":0,"gold_gain":275,"player_choice":"Desecrate","damage_taken":0,"max_hp_gain":0,"max_hp_loss":0,"event_name":"Golden Shrine","floor":22,"gold_loss":0,"cards_obtained":["Regret"]},{"damage_healed":0,"gold_gain":0,"player_choice":"Fight","damage_taken":0,"max_hp_gain":0,"max_hp_loss":0,"event_name":"Colosseum","floor":29,"gold_loss":0},{"damage_healed":0,"gold_gain":0,"player_choice":"Fled From Nobs","damage_taken":0,"max_hp_gain":0,"max_hp_loss":0,"event_name":"Colosseum","floor":29,"gold_loss":0}],"is_beta":false,"boss_relics":[{"not_picked":["Calling Bell","Lizard Tail"],"picked":"Coffee Dripper"}],"items_purged_floors":[11,14,20],"is_endless":false,"potions_floor_spawned":[1,3,23,25,27],"killed_by":"Collector","ascension_level":20}