{"gold_per_floor":[360,360,384,414,426,467,479,518,579,591,622,648,660],"floor_reached":13,"playtime":524,"items_purged":[],"score":149,"play_id":"3690919b-9cc2-4189-acb8-cdda91d14dcf","local_time":"20180919223513","is_ascension_mode":true,"campfire_choices":[{"data":"Whirlwind","floor":7,"key":"SMITH"}],"neow_cost":"TEN_PERCENT_HP_LOSS","seed_source_timestamp":197572069531544,"circlet_count":0,"master_deck":["Strike_R","Strike_R","Strike_R","Strike_R","Strike_R","Defend_R","Defend_R","Defend_R","Defend_R","Bash","AscendersBane","Spot Weakness","Whirlwind+1","Fiend Fire","Clothesline","Uppercut"],"special_seed":0,"relics":["Burning Blood","Regal Pillow","MawBank","Juzu Bracelet","Shuriken","Dream Catcher","Golden Idol"],"potions_floor_usage":[8,8,13],"damage_taken":[{"damage":11,"enemies":"Jaw Worm","floor":1,"turns":5},{"damage":7,"enemies":"Small Slimes","floor":4,"turns":4},{"damage":41,"enemies":"Gremlin Nob","floor":6,"turns":5},{"damage":3,"enemies":"3 Sentries","floor":8,"turns":3},{"damage":0,"enemies":"2 Louse","floor":11,"turns":1},{"damage":9,"enemies":"Looter","floor":12,"turns":3},{"damage":46,"enemies":"Gremlin Nob","floor":13,"turns":4}],"seed_played":"8657413947008814558","potions_obtained":[{"floor":1,"key":"Dexterity Potion"},{"floor":6,"key":"SneckoOil"},{"floor":12,"key":"SpeedPotion"}],"is_trial":false,"path_per_floor":["M","?","T","M","$","E","R","E","T","?","M","M"],"character_chosen":"IRONCLAD","items_purchased":[],"campfire_rested":0,"item_purchase_floors":[],"current_hp_per_floor":[67,49,49,48,48,13,13,16,16,16,22,19,0],"gold":660,"neow_bonus":"TWO_FIFTY_GOLD","is_prod":false,"is_daily":false,"chose_seed":false,"campfire_upgraded":1,"win_rate":0,"timestamp":1537367713,"path_taken":["M","?","?","M","$","E","R","E","T","?","M","M","E"],"build_version":"2018-09-18v3","purchased_purges":0,"victory":false,"max_hp_per_floor":[72,72,72,72,72,72,72,72,72,67,67,67,67],"card_choices":[{"not_picked":["Searing Blow","Havoc"],"picked":"Spot Weakness","floor":1},{"not_picked":["Heavy Blade","Blood for Blood"],"picked":"Whirlwind","floor":4},{"not_picked":["Headbutt","Feel No Pain"],"picked":"Fiend Fire","floor":6},{"not_picked":["Second Wind","Twin Strike","Perfected Strike"],"picked":"SKIP","floor":8},{"not_picked":["Inflame","Reckless Charge"],"picked":"Clothesline","floor":11},{"not_picked":["Body Slam","Armaments"],"picked":"Uppercut","floor":12}],"player_experience":473795,"relics_obtained":[{"floor":3,"key":"MawBank"},{"floor":6,"key":"Juzu Bracelet"},{"floor":8,"key":"Shuriken"},{"floor":9,"key":"Dream Catcher"}],"event_choices":[{"event_name":"Scrap Ooze","player_choice":"success","floor":2,"damage_taken":18},{"event_name":"Golden Idol","player_choice":"Lose Max HP","floor":10,"damage_taken":0}],"is_beta":true,"boss_relics":[],"items_purged_floors":[],"is_endless":false,"potions_floor_spawned":[1,6,12],"killed_by":"Gremlin Nob","ascension_level":12}