{"path_per_floor":["M","M","?","?","?","R","E","M","T","R","M","R","M","M","R","B",null,"M","$","M","M"],"character_chosen":"THE_SILENT","items_purchased":["Sadistic Nature","Explosive Potion","Explosive Potion"],"gold_per_floor":[113,129,129,129,204,204,239,249,249,249,268,268,283,299,299,398,398,398,11,11,11],"floor_reached":22,"campfire_rested":3,"playtime":1529,"current_hp_per_floor":[67,65,65,51,40,61,46,39,39,60,53,70,62,60,60,55,70,56,56,47,25],"items_purged":["Strike_G"],"gold":11,"score":188,"play_id":"ac2fd09b-028c-496d-9494-a6c34089ff75","is_prod":false,"is_daily":false,"is_ascension_mode":false,"campfire_upgraded":1,"path_taken":["M","M","?","?","?","R","E","M","T","R","M","R","M","M","R","BOSS","M","$","M","M","M"],"build_version":"2018-02-08-PROD1","purchased_purges":1,"victory":false,"master_deck":["Defend_G","Defend_G","Defend_G","Defend_G","Defend_G","Strike_G","Strike_G","Strike_G","Strike_G+1","Survivor","Neutralize","Deadly Poison+1","Flechettes","Bouncing Flask","Deflect","Deadly Poison","Catalyst+1","Slice","Bane","Slice","Burst","Sadistic Nature","Poisoned Stab+1","Prepared"],"max_hp_per_floor":[70,70,70,70,70,70,70,70,70,70,70,70,70,70,70,70,70,70,70,70,70],"relics":["Orrery","Prayer Wheel","Torii","Ectoplasm"],"card_choices":[{"not_picked":["Terror","Reflex"],"picked":"Deadly Poison"},{"not_picked":["Backflip","Sucker Punch"],"picked":"Flechettes"},{"not_picked":["Dodge and Roll","Caltrops"],"picked":"Bouncing Flask"},{"not_picked":["Backflip","Riddle With Holes"],"picked":"Deflect"},{"not_picked":["Prepared","Dodge and Roll"],"picked":"Deadly Poison"},{"not_picked":["Dagger Spray","Well Laid Plans"],"picked":"Catalyst"},{"not_picked":["All Out Attack","Doppelganger"],"picked":"Slice"},{"not_picked":["Slice","Underhanded Strike"],"picked":"Bane"},{"not_picked":["Backstab","Sucker Punch"],"picked":"Slice"},{"not_picked":["Adrenaline","Tactician"],"picked":"Burst"},{"not_picked":["Outmaneuver","Dodge and Roll"],"picked":"Poisoned Stab"},{"not_picked":["Predator","Quick Slash"],"picked":"Prepared"}],"player_experience":125510,"potions_floor_usage":[11,13,16,18,20,22,22],"damage_taken":[{"damage":3,"enemies":"Cultist","floor":1,"turns":4},{"damage":2,"enemies":"Small Slimes","floor":2,"turns":3},{"damage":15,"enemies":"Lagavulin","floor":7,"turns":6},{"damage":7,"enemies":"Blue Slaver","floor":8,"turns":2},{"damage":7,"enemies":"Exordium Wildlife","floor":11,"turns":4},{"damage":8,"enemies":"Exordium Thugs","floor":13,"turns":4},{"damage":2,"enemies":"2 Fungi Beasts","floor":14,"turns":3},{"damage":5,"enemies":"Hexaghost","floor":16,"turns":7},{"damage":23,"enemies":"3 Byrds","floor":18,"turns":6},{"damage":9,"enemies":"Spheric Guardian","floor":20,"turns":4},{"damage":22,"enemies":"Snake Plant","floor":21,"turns":4},{"damage":27,"enemies":"Centurion and Healer","floor":22,"turns":6}],"event_choices":[{"event_name":"Golden Idol","player_choice":"Ignored","floor":3,"damage_taken":0},{"event_name":"Shining Light","player_choice":"Entered Light","floor":4,"damage_taken":0},{"event_name":"World of Goop","player_choice":"Gather Gold","floor":5,"damage_taken":0}],"boss_relics":[{"not_picked":["Astrolabe","Sozu"],"picked":"Ectoplasm"}],"potions_floor_spawned":[1,8,14,16,18],"seed_played":"5871459058154032408","killed_by":"Centurion and Healer","ascension_level":0,"is_trial":false}