{"gold_per_floor":[113,32,32,107,123,123,153,153,153,153,78,103,1,19,19,96,96,96,0,0],"floor_reached":20,"playtime":612,"items_purged":["Regret"],"score":410,"play_id":"6fd3527e-bdcb-41f4-a011-ce715c59d326","local_time":"20190225155817","is_ascension_mode":true,"campfire_choices":[{"data":"Defragment","floor":6,"key":"SMITH"},{"data":"Genetic Algorithm","floor":8,"key":"SMITH"},{"data":"Blizzard","floor":15,"key":"SMITH"}],"neow_cost":"NONE","seed_source_timestamp":446680110015900,"circlet_count":0,"master_deck":["AscendersBane","Strike_B","Strike_B","Strike_B","Strike_B","Defend_B","Defend_B","Defend_B","Defend_B","Zap","Dualcast","Self Repair","Defragment+1","Genetic Algorithm+1","Cold Snap","Coolheaded","Blizzard+1","Echo Form+1","Coolheaded","Blizzard+1"],"relics":["Cracked Core","NeowsBlessing","Blood Vial","Juzu Bracelet","Frozen Egg 2","Question Card","Ectoplasm"],"potions_floor_usage":[1,19],"damage_taken":[{"damage":0,"enemies":"Jaw Worm","floor":1,"turns":1},{"damage":0,"enemies":"2 Louse","floor":5,"turns":1},{"damage":0,"enemies":"Gremlin Nob","floor":7,"turns":1},{"damage":38,"enemies":"Lagavulin","floor":12,"turns":6},{"damage":0,"enemies":"Small Slimes","floor":14,"turns":4},{"damage":24,"enemies":"The Guardian","floor":16,"turns":14},{"damage":11,"enemies":"Spheric Guardian","floor":18,"turns":6},{"damage":29,"enemies":"2 Thieves","floor":19,"turns":5},{"damage":37,"enemies":"Shelled Parasite and Fungi","floor":20,"turns":3}],"seed_played":"7019779870092389629","potions_obtained":[{"floor":1,"key":"Fruit Juice"},{"floor":16,"key":"PowerPotion"},{"floor":18,"key":"Dexterity Potion"}],"is_trial":false,"path_per_floor":["M","$","?","?","M","R","E","R","T","?","$","E","$","M","R","B",null,"M","M","M"],"character_chosen":"DEFECT","items_purchased":["Self Repair","Cold Snap","Coolheaded"],"campfire_rested":0,"item_purchase_floors":[2,13,13],"current_hp_per_floor":[69,69,69,58,60,60,69,69,69,64,64,35,35,44,44,29,64,62,35,0],"gold":0,"neow_bonus":"THREE_ENEMY_KILL","is_prod":false,"is_daily":false,"chose_seed":false,"campfire_upgraded":3,"win_rate":0,"timestamp":1551077897,"path_taken":["M","$","?","?","M","R","E","R","T","?","?","E","$","M","R","BOSS","M","M","M"],"build_version":"2019-01-23","purchased_purges":1,"victory":false,"max_hp_per_floor":[76,76,76,76,76,76,76,76,76,76,76,76,76,76,76,76,76,76,76,76],"card_choices":[{"not_picked":["Recycle","Ball Lightning","Compile Driver"],"picked":"SKIP","floor":1},{"not_picked":["Compile Driver","Cold Snap"],"picked":"Defragment","floor":5},{"not_picked":["Steam Power","Hologram","Genetic Algorithm"],"picked":"SKIP","floor":7},{"not_picked":["Steam Power","Hologram"],"picked":"Genetic Algorithm","floor":7},{"not_picked":["Sweeping Beam","Recycle","Steam Power"],"picked":"SKIP","floor":12},{"not_picked":["Rebound","Coolheaded","Go for the Eyes"],"picked":"Blizzard","floor":14},{"not_picked":["Rainbow","Meteor Strike","Machine Learning+1"],"picked":"Echo Form+1","floor":16},{"not_picked":["Ball Lightning","Static Discharge+1","FTL"],"picked":"Coolheaded","floor":18},{"not_picked":["Lockon","Darkness","Gash+1"],"picked":"Blizzard+1","floor":19}],"player_experience":1819097,"relics_obtained":[{"floor":7,"key":"Juzu Bracelet"},{"floor":12,"key":"Question Card"}],"event_choices":[{"damage_healed":0,"gold_gain":0,"player_choice":"Box","damage_taken":0,"relics_obtained":["Blood Vial"],"max_hp_gain":0,"max_hp_loss":0,"event_name":"Big Fish","floor":3,"gold_loss":0,"cards_obtained":["Regret"]},{"damage_healed":0,"gold_gain":75,"player_choice":"Gather Gold","damage_taken":11,"max_hp_gain":0,"max_hp_loss":0,"event_name":"World of Goop","floor":4,"gold_loss":0},{"damage_healed":0,"gold_gain":0,"player_choice":"Success","damage_taken":5,"relics_obtained":["Frozen Egg 2"],"max_hp_gain":0,"max_hp_loss":0,"event_name":"Scrap Ooze","floor":10,"gold_loss":0}],"is_beta":false,"boss_relics":[{"not_picked":["Orrery","Empty Cage"],"picked":"Ectoplasm"}],"items_purged_floors":[11],"is_endless":false,"potions_floor_spawned":[1,16,18],"killed_by":"Shelled Parasite and Fungi","ascension_level":20}