{"gold_per_floor":[117,292,310,310,328,328,328,343,343,362,362,375,49,65,65,65],"floor_reached":16,"playtime":415,"items_purged":[],"score":94,"play_id":"0ce7a45c-5fd0-4706-b0d2-284f1028d361","local_time":"20181128004141","is_ascension_mode":false,"campfire_choices":[{"data":"Chill","floor":6,"key":"SMITH"},{"floor":15,"key":"REST"}],"neow_cost":"CURSE","seed_source_timestamp":952321106956774,"circlet_count":0,"master_deck":["Strike_B","Strike_B","Strike_B","Defend_B","Defend_B","Defend_B","Defend_B","Zap","Dualcast","Echo Form","Chill+1","Doubt","Chill","Streamline","Leap","Heatsinks","Consume","Redo","Coolheaded","Turbo"],"relics":["Cracked Core","Meat on the Bone","Shuriken"],"potions_floor_usage":[],"damage_taken":[{"damage":18,"enemies":"Jaw Worm","floor":1,"turns":3},{"damage":0,"enemies":"Small Slimes","floor":3,"turns":3},{"damage":0,"enemies":"2 Louse","floor":5,"turns":2},{"damage":6,"enemies":"Large Slime","floor":8,"turns":5},{"damage":5,"enemies":"Blue Slaver","floor":10,"turns":3},{"damage":1,"enemies":"2 Fungi Beasts","floor":12,"turns":4},{"damage":8,"enemies":"Looter","floor":14,"turns":3},{"damage":67,"enemies":"Slime Boss","floor":16,"turns":6}],"seed_played":"8242685870339385943","potions_obtained":[{"floor":1,"key":"FearPotion"},{"floor":12,"key":"PowerPotion"},{"floor":14,"key":"Energy Potion"}],"is_trial":false,"path_per_floor":["M","?","M","?","M","R","?","M","T","M","?","M","$","M","R","B"],"character_chosen":"DEFECT","items_purchased":["Redo","Coolheaded","Shuriken"],"campfire_rested":1,"item_purchase_floors":[13,13,13],"current_hp_per_floor":[57,57,57,57,57,57,57,51,51,46,39,38,38,42,64,0],"gold":65,"neow_bonus":"THREE_RARE_CARDS","is_prod":false,"is_daily":false,"chose_seed":false,"campfire_upgraded":1,"win_rate":0.0,"timestamp":1543387301,"path_taken":["M","?","M","?","M","R","?","M","T","M","?","M","$","M","R","BOSS"],"build_version":"2018-11-15","purchased_purges":0,"victory":false,"max_hp_per_floor":[75,75,75,75,75,75,75,75,75,75,75,75,75,75,75,75],"card_choices":[{"not_picked":["Buffer","Amplify"],"picked":"Echo Form","floor":0},{"not_picked":["Conserve Battery","Ball Lightning"],"picked":"Chill","floor":1},{"not_picked":["Hello World","Turbo"],"picked":"Chill","floor":3},{"not_picked":["Heatsinks","White Noise"],"picked":"Streamline","floor":5},{"not_picked":["Sweeping Beam","Go for the Eyes"],"picked":"Leap","floor":8},{"not_picked":["Go for the Eyes","Aggregate"],"picked":"Heatsinks","floor":10},{"not_picked":["Skim","Compile Driver"],"picked":"Consume","floor":12},{"not_picked":["Lockon","Compile Driver"],"picked":"Turbo","floor":14}],"player_experience":81070,"relics_obtained":[{"floor":9,"key":"Meat on the Bone"}],"event_choices":[{"damage_healed":0,"gold_gain":175,"player_choice":"AGREE","damage_taken":0,"max_hp_gain":0,"max_hp_loss":0,"event_name":"Liars Game","floor":2,"gold_loss":0,"cards_obtained":["Doubt"]},{"cards_removed":["Writhe"],"damage_healed":0,"gold_gain":0,"player_choice":"Forget","damage_taken":0,"max_hp_gain":0,"max_hp_loss":0,"event_name":"Living Wall","floor":4,"gold_loss":0},{"damage_healed":0,"gold_gain":0,"player_choice":"Ignored","damage_taken":0,"max_hp_gain":0,"max_hp_loss":0,"event_name":"Golden Idol","floor":7,"gold_loss":0},{"cards_removed":["Strike_B"],"damage_healed":0,"gold_gain":0,"player_choice":"Card Removal","damage_taken":7,"max_hp_gain":0,"max_hp_loss":0,"event_name":"Golden Wing","floor":11,"gold_loss":0}],"is_beta":false,"boss_relics":[],"items_purged_floors":[],"is_endless":false,"potions_floor_spawned":[1,12,14],"killed_by":"Slime Boss","ascension_level":0}