{"gold_per_floor":[112,33,33,33,44,75,92,92,164,180,197,211,211,238,238,314,314,333,10,28,78,78],"floor_reached":22,"playtime":408,"items_purged":["Strike_B"],"score":442,"play_id":"61f550c3-dcf2-4ca9-b966-198318f9f26e","local_time":"20190405183238","is_ascension_mode":true,"campfire_choices":[{"floor":13.0,"key":"REST"},{"data":"Loop","floor":15,"key":"SMITH"}],"neow_cost":"NONE","seed_source_timestamp":631563941271000,"circlet_count":0,"master_deck":["AscendersBane","Strike_B","Strike_B+1","Strike_B","Defend_B","Defend_B","Defend_B+1","Defend_B+1","Zap","Dualcast","Ball Lightning","Capacitor","Gash","Tempest","Barrage+1","Turbo","Loop+1","Glacier","Biased Cognition","Hologram","Defragment"],"special_seed":0,"relics":["Cracked Core","NeowsBlessing","Bronze Scales","Vajra","Question Card","Mummified Hand","Whetstone","Sozu","Orichalcum"],"potions_floor_usage":[14,14],"damage_taken":[{"damage":0.0,"enemies":"2 Louse","floor":1.0,"turns":1.0},{"damage":0.0,"enemies":"Small Slimes","floor":5.0,"turns":1.0},{"damage":0.0,"enemies":"Lagavulin","floor":6.0,"turns":1.0},{"damage":0.0,"enemies":"Cultist","floor":7.0,"turns":2.0},{"damage":12.0,"enemies":"Exordium Wildlife","floor":10.0,"turns":3.0},{"damage":11.0,"enemies":"Looter","floor":11.0,"turns":3.0},{"damage":0.0,"enemies":"Large Slime","floor":12.0,"turns":3.0},{"damage":8,"enemies":"Gremlin Nob","floor":14,"turns":3},{"damage":21,"enemies":"Hexaghost","floor":16,"turns":7},{"damage":38,"enemies":"Shell Parasite","floor":18,"turns":3},{"damage":4,"enemies":"Spheric Guardian","floor":20,"turns":4},{"damage":12,"enemies":"3 Cultists","floor":22,"turns":3}],"seed_played":"-5409246519490020923","potions_obtained":[{"floor":6.0,"key":"Block Potion"},{"floor":10.0,"key":"Poison Potion"},{"floor":12.0,"key":"FearPotion"}],"is_trial":false,"path_per_floor":["M","$","?","?","M","E","M","?","T","M","M","M","R","E","R","B",null,"M","$","M","?","M"],"character_chosen":"DEFECT","items_purchased":["Capacitor","Defragment","Orichalcum"],"campfire_rested":1,"item_purchase_floors":[2,19,19],"current_hp_per_floor":[64,64,43,38,38,38,38,38,38,26,15,15,36,28,28,7,55,17,17,13,13,1],"gold":78,"neow_bonus":"THREE_ENEMY_KILL","is_prod":false,"is_daily":false,"chose_seed":false,"campfire_upgraded":1,"win_rate":0,"timestamp":1554456758,"path_taken":["M","$","?","?","M","E","M","?","T","?","M","M","R","E","R","BOSS","M","$","M","?","M"],"build_version":"2019-01-23","purchased_purges":1,"victory":false,"max_hp_per_floor":[71,71,71,71,71,71,71,71,71,71,71,71,71,71,71,71,71,71,71,71,71,71],"card_choices":[{"not_picked":["Redo","Melter"],"picked":"Ball Lightning","floor":1.0},{"not_picked":["Conserve Battery","Skim"],"picked":"Gash","floor":5.0},{"not_picked":["Reprogram","Turbo"],"picked":"Tempest","floor":6.0},{"not_picked":["Leap","All For One"],"picked":"Barrage","floor":7.0},{"not_picked":["Barrage","Stack","Conserve Battery"],"picked":"Turbo","floor":10.0},{"not_picked":["Ball Lightning","Barrage","Compile Driver","Scrape"],"picked":"SKIP","floor":11.0},{"not_picked":["Capacitor","Ball Lightning","Beam Cell"],"picked":"Loop","floor":12.0},{"not_picked":["Conserve Battery","Buffer","Undo"],"picked":"Glacier","floor":14},{"not_picked":["Meteor Strike","Core Surge","Thunder Strike"],"picked":"Biased Cognition","floor":16},{"not_picked":["Doom and Gloom","Leap","Compile Driver"],"picked":"Hologram","floor":18},{"not_picked":["Gash","Sunder","Stack","Auto Shields"],"picked":"SKIP","floor":20}],"player_experience":2890819,"relics_obtained":[{"floor":6.0,"key":"Vajra"},{"floor":9.0,"key":"Mummified Hand"},{"floor":14,"key":"Whetstone"}],"event_choices":[{"damage_healed":0.0,"max_hp_gain":0.0,"max_hp_loss":0.0,"gold_gain":0.0,"event_name":"Shining Light","player_choice":"Entered Light","floor":3.0,"gold_loss":0.0,"damage_taken":21.0,"cards_upgraded":["Defend_B","Defend_B"]},{"damage_healed":0.0,"max_hp_gain":0.0,"max_hp_loss":0.0,"gold_gain":0.0,"event_name":"Scrap Ooze","player_choice":"Success","floor":4.0,"gold_loss":0.0,"damage_taken":5.0,"relics_obtained":["Bronze Scales"]},{"damage_healed":0.0,"max_hp_gain":0.0,"max_hp_loss":0.0,"gold_gain":0.0,"event_name":"WeMeetAgain","player_choice":"Gave Potion","floor":8.0,"gold_loss":0.0,"damage_taken":0.0,"relics_obtained":["Question Card"]},{"damage_healed":0,"gold_gain":50,"player_choice":"Stole From Cult","damage_taken":0,"max_hp_gain":0,"max_hp_loss":0,"event_name":"Nest","floor":21,"gold_loss":0}],"is_beta":false,"boss_relics":[{"not_picked":["White Beast Statue","Tiny House"],"picked":"Sozu"}],"items_purged_floors":[19],"is_endless":false,"potions_floor_spawned":[6,10,12,18],"killed_by":"3 Cultists","ascension_level":20}