{"gold_per_floor":[109,109,68,81,156,156,184,184,211,211,243,253,253,270,270,342,342,352,267,267,267,267,267,286,317,344,40,40,40,56,70,70,148,148,158,72,123,123,48,78,48,81,81,81,109,119,133,83,83,83,83,83,83,33,58,58],"floor_reached":57,"playtime":2796,"items_purged":["Strike_R","Strike_R","Strike_R"],"score":2849,"play_id":"5fb2675b-fa2b-46fb-a408-1d0b57532049","local_time":"20190408224921","is_ascension_mode":true,"campfire_choices":[{"data":"Rampage","floor":6.0,"key":"SMITH"},{"floor":8.0,"key":"REST"},{"data":"Evolve","floor":10.0,"key":"SMITH"},{"data":"Feel No Pain","floor":13.0,"key":"SMITH"},{"floor":15.0,"key":"REST"},{"data":"Bash","floor":23.0,"key":"SMITH"},{"floor":29.0,"key":"REST"},{"floor":32.0,"key":"REST"},{"floor":44.0,"key":"RECALL"},{"data":"Feel No Pain","floor":49,"key":"SMITH"},{"data":"Feel No Pain","floor":53,"key":"SMITH"}],"neow_cost":"PERCENT_DAMAGE","seed_source_timestamp":158967861368500,"circlet_count":0,"master_deck":["AscendersBane","Defend_R+1","Defend_R","Defend_R","Defend_R+1","Bash+1","Reckless Charge","Feel No Pain+1","Rampage+1","Evolve+1","Second Wind","Feel No Pain+1","Fiend Fire+1","Feel No Pain+1","Battle Trance+1","Power Through+1","Power Through+1","Power Through+1","Offering+1","Body Slam+1","Entrench+1","Shrug It Off+1","Dual Wield+1"],"special_seed":0,"relics":["Burning Blood","Matryoshka","Lantern","Molten Egg 2","Ancient Tea Set","Toxic Egg 2","Snecko Eye","Blue Candle","Vajra","Medical Kit","Black Star","Ginger","Bird Faced Urn","Question Card","Bottled Lightning","Letter Opener","War Paint","Singing Bowl","Smiling Mask","Gremlin Horn","Incense Burner","Bottled Tornado"],"potions_floor_usage":[56,56],"damage_taken":[{"damage":4.0,"enemies":"Cultist","floor":1.0,"turns":4.0},{"damage":13.0,"enemies":"2 Louse","floor":4.0,"turns":3.0},{"damage":21.0,"enemies":"Gremlin Nob","floor":7.0,"turns":4.0},{"damage":12.0,"enemies":"3 Sentries","floor":11.0,"turns":7.0},{"damage":2.0,"enemies":"Jaw Worm","floor":12.0,"turns":4.0},{"damage":18.0,"enemies":"3 Louse","floor":14.0,"turns":4.0},{"damage":2.0,"enemies":"Slime Boss","floor":16.0,"turns":8.0},{"damage":0.0,"enemies":"Chosen","floor":18.0,"turns":2.0},{"damage":30.0,"enemies":"2 Thieves","floor":24.0,"turns":4.0},{"damage":20.0,"enemies":"Book of Stabbing","floor":25.0,"turns":5.0},{"damage":21.0,"enemies":"Shelled Parasite and Fungi","floor":30.0,"turns":8.0},{"damage":0.0,"enemies":"Chosen and Byrds","floor":31.0,"turns":7.0},{"damage":27.0,"enemies":"Automaton","floor":33.0,"turns":15.0},{"damage":0.0,"enemies":"Orb Walker","floor":35.0,"turns":3.0},{"damage":16.0,"enemies":"2 Orb Walkers","floor":37.0,"turns":4.0},{"damage":0.0,"enemies":"Nemesis","floor":40.0,"turns":9.0},{"damage":40.0,"enemies":"Giant Head","floor":42.0,"turns":9.0},{"damage":12,"enemies":"Reptomancer","floor":45,"turns":7},{"damage":7,"enemies":"3 Darklings","floor":46,"turns":8},{"damage":6,"enemies":"Maw","floor":47,"turns":7},{"damage":6,"enemies":"Donu and Deca","floor":50,"turns":16},{"damage":61,"enemies":"Time Eater","floor":51,"turns":15},{"damage":7,"enemies":"Shield and Spear","floor":55,"turns":6},{"damage":26,"enemies":"The Heart","floor":56,"turns":9}],"seed_played":"8329768352587860270","potions_obtained":[{"floor":1.0,"key":"Weak Potion"},{"floor":4.0,"key":"FearPotion"},{"floor":11.0,"key":"LiquidBronze"},{"floor":14.0,"key":"AttackPotion"},{"floor":25.0,"key":"Weak Potion"},{"floor":33.0,"key":"Strength Potion"},{"floor":41.0,"key":"Dexterity Potion"},{"floor":55,"key":"LiquidBronze"}],"is_trial":false,"path_per_floor":["M","T","$","M","?","R","E","R","T","R","E","M","R","M","R","B",null,"M","?","?","?","?","R","M","E","T","$","?","R","M","M","R","B",null,"M","$","?","T","$","E","?","E","T","R","E","M","M","$","R","B","B",null,"R","$","E","B",null],"character_chosen":"IRONCLAD","items_purchased":["Evolve","Power Through+1","Medical Kit","Entrench+1"],"campfire_rested":4,"item_purchase_floors":[3,27,27,36],"current_hp_per_floor":[52,52,52,45,34,34,19,41,41,41,35,39,39,27,49,53,70,75,75,75,75,54,54,30,16,16,16,16,40,25,31,55,34,69,75,75,65,65,65,79,79,60,60,60,64,73,83,83,83,86,55,78,78,78,88,80],"gold":58,"neow_bonus":"TRANSFORM_TWO_CARDS","is_prod":false,"is_daily":false,"chose_seed":false,"campfire_upgraded":6,"win_rate":0,"timestamp":1554731361,"path_taken":["M","?","$","M","?","R","E","R","T","R","E","M","R","?","R","BOSS","M","?","?","?","?","R","M","E","T","$","?","R","M","?","R","BOSS","M","$","?","?","$","E","?","E","T","R","E","M","M","$","R","BOSS","BOSS","R","$","E","BOSS"],"build_version":"2019-01-23","purchased_purges":3,"victory":true,"max_hp_per_floor":[75,75,75,75,75,75,75,75,75,75,75,75,75,75,75,75,75,75,75,75,75,80,80,80,80,80,80,80,80,80,80,80,80,80,80,80,80,80,80,80,80,80,80,80,82,84,86,86,86,86,86,86,86,86,88,88],"card_choices":[{"not_picked":["Reckless Charge","Clash"],"picked":"Rampage","floor":1.0},{"not_picked":["Fire Breathing","Heavy Blade","Pummel"],"picked":"SKIP","floor":4.0},{"not_picked":["Body Slam","Rupture"],"picked":"Second Wind","floor":7.0},{"not_picked":["Pommel Strike+1","Inflame"],"picked":"Feel No Pain","floor":11.0},{"not_picked":["Wild Strike+1","Headbutt+1","Iron Wave+1"],"picked":"SKIP","floor":12.0},{"not_picked":["Clothesline+1","Heavy Blade+1","Thunderclap+1"],"picked":"SKIP","floor":14.0},{"not_picked":["Double Tap+1","Impervious+1"],"picked":"Fiend Fire+1","floor":16.0},{"not_picked":["Clash+1","Warcry+1","Havoc+1"],"picked":"SKIP","floor":18.0},{"not_picked":["Anger+1","Cleave+1"],"picked":"Feel No Pain","floor":24.0},{"not_picked":["Twin Strike+1","Reckless Charge+1"],"picked":"Battle Trance+1","floor":25.0},{"not_picked":["Flex+1","Intimidate+1","Twin Strike+1"],"picked":"SKIP","floor":30.0},{"not_picked":["Pummel+1","Clash+1"],"picked":"Power Through+1","floor":31.0},{"not_picked":["Brutality","Berserk"],"picked":"Offering+1","floor":33.0},{"not_picked":["Shrug It Off+1","Thunderclap+1"],"picked":"Body Slam+1","floor":35.0},{"not_picked":["Headbutt+1","Thunderclap+1"],"picked":"Shrug It Off+1","floor":37.0},{"not_picked":["Ghostly Armor+1","Reaper+1"],"picked":"Dual Wield+1","floor":40.0},{"not_picked":["Pommel Strike+1","Headbutt+1","Twin Strike+1","Shrug It Off+1"],"picked":"SKIP","floor":42.0},{"not_picked":["Pommel Strike+1","Double Tap+1","Bludgeon+1","Inflame"],"picked":"Singing Bowl","floor":45},{"not_picked":["Twin Strike+1","Pommel Strike+1","Rupture","Perfected Strike+1"],"picked":"Singing Bowl","floor":46},{"not_picked":["Inflame+1","Clash+1","Carnage+1","Armaments+1"],"picked":"Singing Bowl","floor":47},{"not_picked":["Combust","Iron Wave+1","Sentinel+1","Clash+1"],"picked":"Singing Bowl","floor":55}],"player_experience":2994072,"relics_obtained":[{"floor":2.0,"key":"Matryoshka"},{"floor":7.0,"key":"Lantern"},{"floor":9.0,"key":"Molten Egg 2"},{"floor":9.0,"key":"Ancient Tea Set"},{"floor":11.0,"key":"Toxic Egg 2"},{"floor":26.0,"key":"Vajra"},{"floor":37.0,"key":"Ginger"},{"floor":38.0,"key":"Bird Faced Urn"},{"floor":40.0,"key":"Question Card"},{"floor":40.0,"key":"Bottled Lightning"},{"floor":42.0,"key":"Letter Opener"},{"floor":42.0,"key":"War Paint"},{"floor":43.0,"key":"Singing Bowl"},{"floor":45,"key":"Smiling Mask"},{"floor":45,"key":"Gremlin Horn"},{"floor":55,"key":"Incense Burner"},{"floor":55,"key":"Bottled Tornado"}],"event_choices":[{"damage_healed":0.0,"max_hp_gain":0.0,"max_hp_loss":0.0,"gold_gain":75.0,"event_name":"World of Goop","player_choice":"Gather Gold","floor":5.0,"gold_loss":0.0,"damage_taken":11.0},{"damage_healed":0.0,"max_hp_gain":0.0,"max_hp_loss":0.0,"gold_gain":0.0,"event_name":"Addict","player_choice":"Obtained Relic","floor":19.0,"gold_loss":85.0,"damage_taken":0.0,"relics_obtained":["Blue Candle"]},{"damage_healed":0.0,"max_hp_gain":0.0,"max_hp_loss":0.0,"gold_gain":0.0,"event_name":"Vampires","player_choice":"Ignored","floor":20.0,"gold_loss":0.0,"damage_taken":0.0},{"damage_healed":0.0,"max_hp_gain":0.0,"max_hp_loss":0.0,"gold_gain":0.0,"event_name":"Ghosts","player_choice":"Ignored","floor":21.0,"gold_loss":0.0,"damage_taken":0.0},{"damage_healed":0.0,"max_hp_gain":5.0,"max_hp_loss":0.0,"gold_gain":0.0,"event_name":"Forgotten Altar","player_choice":"Shed Blood","floor":22.0,"gold_loss":0.0,"damage_taken":26.0},{"damage_healed":0.0,"max_hp_gain":0.0,"max_hp_loss":0.0,"gold_gain":0.0,"event_name":"Duplicator","player_choice":"Copied","floor":28.0,"gold_loss":0.0,"damage_taken":0.0,"cards_obtained":["Power Through"]},{"damage_healed":0.0,"max_hp_gain":0.0,"max_hp_loss":0.0,"gold_gain":0.0,"event_name":"Mysterious Sphere","player_choice":"Fight","floor":37.0,"gold_loss":0.0,"damage_taken":0.0},{"damage_healed":0.0,"max_hp_gain":0.0,"max_hp_loss":0.0,"gold_gain":0.0,"event_name":"The Woman in Blue","player_choice":"Bought 2 Potions","floor":41.0,"gold_loss":0.0,"damage_taken":0.0}],"is_beta":false,"boss_relics":[{"not_picked":["Runic Dome","Pandora\u0027s Box"],"picked":"Snecko Eye"},{"not_picked":["Black Blood","Runic Pyramid"],"picked":"Black Star"}],"items_purged_floors":[39,48,54],"is_endless":false,"potions_floor_spawned":[1,4,11,14,25,33,37,42,46,47,55],"ascension_level":20}