{"gold_per_floor":[112,112,130,143,113,113,174,174,174,174,194,213,213,248,248,248],"floor_reached":16,"playtime":342,"items_purged":[],"score":224,"play_id":"86c13ea5-6658-4204-9021-7a7e523e7029","local_time":"20190323135026","is_ascension_mode":true,"campfire_choices":[{"data":"Whirlwind","floor":6,"key":"SMITH"},{"data":"Bash","floor":8,"key":"SMITH"},{"floor":10,"key":"REST"},{"data":"Strike_R","floor":15,"key":"SMITH"}],"neow_cost":"NONE","seed_source_timestamp":328438902465700,"circlet_count":0,"master_deck":["AscendersBane","Strike_R","Strike_R","Strike_R","Strike_R","Strike_R+1","Defend_R","Defend_R","Defend_R","Defend_R","Bash+1","Shrug It Off","Regret","Whirlwind+1","True Grit+1","Infernal Blade+1","Warcry+1","Ghostly Armor+1"],"relics":["Burning Blood","NeowsBlessing","Toxic Egg 2","Tiny Chest","Bag of Preparation","Self Forming Clay"],"potions_floor_usage":[7,7,13,16,16],"damage_taken":[{"damage":0,"enemies":"Small Slimes","floor":1,"turns":1},{"damage":0,"enemies":"Cultist","floor":3,"turns":1},{"damage":0,"enemies":"Jaw Worm","floor":4,"turns":1},{"damage":47,"enemies":"Lagavulin","floor":7,"turns":7},{"damage":10,"enemies":"Blue Slaver","floor":11,"turns":3},{"damage":0,"enemies":"Red Slaver","floor":12,"turns":3},{"damage":0,"enemies":"3 Louse","floor":13,"turns":1},{"damage":26,"enemies":"3 Sentries","floor":14,"turns":6},{"damage":54,"enemies":"Hexaghost","floor":16,"turns":11}],"seed_played":"-3636718158572211876","potions_obtained":[{"floor":3,"key":"SkillPotion"},{"floor":4,"key":"SteroidPotion"},{"floor":5,"key":"Energy Potion"},{"floor":7,"key":"SmokeBomb"},{"floor":11,"key":"FearPotion"},{"floor":14,"key":"Regen Potion"}],"is_trial":false,"path_per_floor":["M","?","M","M","?","R","E","R","T","R","M","M","M","E","R","B"],"character_chosen":"IRONCLAD","items_purchased":[],"campfire_rested":1,"item_purchase_floors":[],"current_hp_per_floor":[74,74,75,75,75,75,34,34,34,56,52,58,64,44,44,5],"gold":248,"neow_bonus":"THREE_ENEMY_KILL","is_prod":false,"is_daily":false,"chose_seed":false,"campfire_upgraded":3,"win_rate":0,"timestamp":1553316626,"path_taken":["M","?","M","M","?","R","E","R","T","R","?","M","M","E","R","BOSS"],"build_version":"2019-01-23","purchased_purges":0,"victory":false,"max_hp_per_floor":[75,75,75,75,75,75,75,75,75,75,75,75,75,75,75,75],"card_choices":[{"not_picked":["Cleave","Flex"],"picked":"Shrug It Off","floor":1},{"not_picked":["Inflame","Twin Strike"],"picked":"Whirlwind","floor":3},{"not_picked":["Warcry+1","Carnage"],"picked":"True Grit+1","floor":4},{"not_picked":["Pommel Strike","Blood for Blood","Twin Strike"],"picked":"SKIP","floor":7},{"not_picked":["Headbutt","Rupture"],"picked":"Infernal Blade+1","floor":11},{"not_picked":["Body Slam","Perfected Strike"],"picked":"Warcry+1","floor":12},{"not_picked":["Intimidate+1","Blood for Blood"],"picked":"Ghostly Armor+1","floor":14}],"player_experience":2497736,"relics_obtained":[{"floor":7,"key":"Tiny Chest"},{"floor":9,"key":"Bag of Preparation"},{"floor":14,"key":"Self Forming Clay"}],"event_choices":[{"damage_healed":0,"gold_gain":0,"player_choice":"Box","damage_taken":0,"relics_obtained":["Toxic Egg 2"],"max_hp_gain":0,"max_hp_loss":0,"event_name":"Big Fish","floor":2,"gold_loss":0,"cards_obtained":["Regret"]},{"damage_healed":0,"gold_gain":0,"player_choice":"Bought 2 Potions","damage_taken":0,"max_hp_gain":0,"max_hp_loss":0,"event_name":"The Woman in Blue","floor":5,"gold_loss":0}],"is_beta":false,"boss_relics":[],"items_purged_floors":[],"is_endless":false,"potions_floor_spawned":[3,4,7,11,14],"killed_by":"Hexaghost","ascension_level":20}