{"gold_per_floor":[112,112,130,130,145,145,175,175,175,175,12,12,40,57,57,132,132,150,168,182,201,201,201,201],"floor_reached":24,"playtime":899,"items_purged":[],"score":587,"play_id":"5b0b7713-5cba-44e6-b293-dc308e7e6839","local_time":"20190313123554","is_ascension_mode":true,"campfire_choices":[{"data":"Rip and Tear","floor":6,"key":"SMITH"},{"data":"Buffer","floor":8,"key":"SMITH"},{"data":"Zap","floor":10,"key":"SMITH"},{"floor":12,"key":"REST"},{"data":"Hologram","floor":15,"key":"SMITH"},{"floor":23,"key":"REST"}],"neow_cost":"NONE","seed_source_timestamp":353606062334900,"circlet_count":0,"master_deck":["AscendersBane","Defend_B","Defend_B","Defend_B","Zap+1","Dualcast","Hologram+1","Glacier","Rip and Tear+1","Buffer+1","Core Surge","Coolheaded","Reboot","Blizzard","Glacier","Reinforced Body","Core Surge","Bite","Bite","Bite","Bite","Bite"],"relics":["Cracked Core","NeowsBlessing","Boot","Question Card","Bronze Scales","Smiling Mask","Runic Pyramid"],"potions_floor_usage":[16,16,24],"damage_taken":[{"damage":0,"enemies":"Small Slimes","floor":1,"turns":1},{"damage":0,"enemies":"Cultist","floor":3,"turns":1},{"damage":0,"enemies":"2 Louse","floor":5,"turns":1},{"damage":36,"enemies":"Gremlin Nob","floor":7,"turns":4},{"damage":0,"enemies":"Lagavulin","floor":13,"turns":6},{"damage":0,"enemies":"2 Fungi Beasts","floor":14,"turns":3},{"damage":0,"enemies":"The Guardian","floor":16,"turns":12},{"damage":20,"enemies":"2 Thieves","floor":18,"turns":4},{"damage":3,"enemies":"3 Byrds","floor":19,"turns":3},{"damage":10,"enemies":"Shelled Parasite and Fungi","floor":20,"turns":8},{"damage":32,"enemies":"Centurion and Healer","floor":21,"turns":14},{"damage":18,"enemies":"Slavers","floor":24,"turns":1}],"seed_played":"-6362315326608291727","potions_obtained":[{"floor":3,"key":"LiquidBronze"},{"floor":5,"key":"Dexterity Potion"},{"floor":18,"key":"LiquidBronze"}],"is_trial":false,"path_per_floor":["M","$","M","?","M","R","E","R","T","R","$","R","E","M","R","B",null,"M","M","M","M","?","R","E"],"character_chosen":"DEFECT","items_purchased":["Bronze Scales"],"campfire_rested":2,"item_purchase_floors":[11],"current_hp_per_floor":[64,64,64,64,64,64,28,28,28,28,28,49,49,49,49,49,66,46,43,33,1,1,15,0],"gold":201,"neow_bonus":"THREE_ENEMY_KILL","is_prod":false,"is_daily":false,"chose_seed":false,"campfire_upgraded":4,"win_rate":0,"timestamp":1552448154,"path_taken":["M","$","M","?","?","R","E","R","T","R","?","R","E","?","R","BOSS","M","?","?","M","?","R","E"],"build_version":"2019-01-23","purchased_purges":0,"victory":false,"max_hp_per_floor":[71,71,71,71,71,71,71,71,71,71,71,71,71,71,71,71,71,71,71,71,71,49,49,49],"card_choices":[{"not_picked":["Hello World","Rebound"],"picked":"Hologram","floor":1},{"not_picked":["Turbo","Steam"],"picked":"Glacier","floor":3},{"not_picked":["Skim","Sweeping Beam"],"picked":"Rip and Tear","floor":5},{"not_picked":["BootSequence","Stack"],"picked":"Buffer","floor":7},{"not_picked":["Darkness","Hologram","Tempest"],"picked":"Core Surge","floor":13},{"not_picked":["Hologram","Rebound","Compile Driver"],"picked":"Coolheaded","floor":14},{"not_picked":["Core Surge","Multi-Cast","Meteor Strike"],"picked":"Reboot","floor":16},{"not_picked":["Turbo","Gash","Stack"],"picked":"Blizzard","floor":18},{"not_picked":["Melter","Darkness","Rip and Tear"],"picked":"Glacier","floor":19},{"not_picked":["Steam","Cold Snap","Ball Lightning+1"],"picked":"Reinforced Body","floor":20},{"not_picked":["Sweeping Beam","Ball Lightning","Go for the Eyes"],"picked":"Core Surge","floor":21}],"player_experience":2220127,"relics_obtained":[{"floor":7,"key":"Boot"},{"floor":9,"key":"Question Card"},{"floor":13,"key":"Smiling Mask"}],"event_choices":[{"cards_removed":["Defend_B"],"damage_healed":0,"gold_gain":0,"player_choice":"Card Removal","damage_taken":0,"max_hp_gain":0,"max_hp_loss":0,"event_name":"Wheel of Change","floor":4,"gold_loss":0},{"damage_healed":0,"gold_gain":0,"player_choice":"Became a vampire","damage_taken":0,"max_hp_gain":0,"max_hp_loss":22,"event_name":"Vampires","floor":22,"gold_loss":0,"cards_obtained":["Bite","Bite","Bite","Bite","Bite"]}],"is_beta":false,"boss_relics":[{"not_picked":["Cursed Key","Orrery"],"picked":"Runic Pyramid"}],"items_purged_floors":[],"is_endless":false,"potions_floor_spawned":[3,5,18],"killed_by":"Slavers","ascension_level":20}