{"gold_per_floor":[110,121,121,121,140,140,160,160,160,187,200,165,179,204,204,277,277,296,221,146,161,176,176,188,188,188,188,188,207,207,217,217,295,295,313,313,326,376,387,422,442,442,442,542,542,89,89,120,120,120,120,120,120,2,33,33],"floor_reached":57,"playtime":2569,"items_purged":["Strike_R"],"score":2944,"play_id":"78c7de18-b6e2-441d-aa8a-04a11d9a062c","local_time":"20190404154414","is_ascension_mode":true,"campfire_choices":[{"data":"Demon Form","floor":6.0,"key":"SMITH"},{"floor":8.0,"key":"REST"},{"data":"Armaments","floor":15.0,"key":"SMITH"},{"floor":23.0,"key":"REST"},{"data":"Barricade","floor":25.0,"key":"SMITH"},{"data":"Feel No Pain","floor":27.0,"key":"SMITH"},{"data":"Impervious","floor":30.0,"key":"SMITH"},{"floor":32.0,"key":"REST"},{"floor":42.0,"key":"REST"},{"floor":47.0,"key":"RECALL"},{"data":"Feel No Pain","floor":49.0,"key":"SMITH"},{"data":"Impervious","floor":53.0,"key":"SMITH"}],"neow_cost":"PERCENT_DAMAGE","seed_source_timestamp":532780701869100,"circlet_count":0,"master_deck":["AscendersBane","Defend_R","Defend_R","Defend_R","Defend_R","Bash","Demon Form+1","True Grit","Feel No Pain+1","Barricade+1","Ghostly Armor","Offering","Body Slam","Intimidate","Iron Wave","Impervious+1","Impervious+1","Evolve+1","Armaments+1","Corruption+1","Power Through","True Grit","Feel No Pain+1","Shrug It Off+1","Panacea+1","Blind+1","Shrug It Off+1","Dual Wield+1","Reaper"],"special_seed":0,"relics":["Burning Blood","Mercury Hourglass","Sundial","Matryoshka","Philosopher\u0027s Stone","Ancient Tea Set","Snecko Eye","Girya","Question Card","The Courier","Toxic Egg 2","Nunchaku","Bottled Lightning","Happy Flower","Oddly Smooth Stone","FossilizedHelix"],"potions_floor_usage":[56],"damage_taken":[{"damage":12.0,"enemies":"Cultist","floor":1.0,"turns":4.0},{"damage":7.0,"enemies":"Jaw Worm","floor":2.0,"turns":5.0},{"damage":17.0,"enemies":"Small Slimes","floor":5.0,"turns":6.0},{"damage":22.0,"enemies":"Exordium Thugs","floor":7.0,"turns":14.0},{"damage":10.0,"enemies":"Lagavulin","floor":10.0,"turns":7.0},{"damage":5.0,"enemies":"3 Louse","floor":11.0,"turns":3.0},{"damage":21.0,"enemies":"Exordium Wildlife","floor":13.0,"turns":8.0},{"damage":29.0,"enemies":"Gremlin Nob","floor":14.0,"turns":4.0},{"damage":10.0,"enemies":"Slime Boss","floor":16.0,"turns":13.0},{"damage":33.0,"enemies":"Shell Parasite","floor":18.0,"turns":6.0},{"damage":23.0,"enemies":"Spheric Guardian","floor":21.0,"turns":6.0},{"damage":11.0,"enemies":"Snake Plant","floor":22.0,"turns":5.0},{"damage":6.0,"enemies":"Snecko","floor":24.0,"turns":5.0},{"damage":6.0,"enemies":"Colosseum Slavers","floor":28.0,"turns":4.0},{"damage":8.0,"enemies":"Cultist and Chosen","floor":29.0,"turns":8.0},{"damage":17.0,"enemies":"3 Cultists","floor":31.0,"turns":5.0},{"damage":11.0,"enemies":"Champ","floor":33.0,"turns":9.0},{"damage":6.0,"enemies":"3 Shapes","floor":35.0,"turns":4.0},{"damage":6.0,"enemies":"Orb Walker","floor":37.0,"turns":4.0},{"damage":54.0,"enemies":"2 Orb Walkers","floor":38.0,"turns":7.0},{"damage":6.0,"enemies":"Spire Growth","floor":39.0,"turns":3.0},{"damage":6.0,"enemies":"Nemesis","floor":40.0,"turns":5.0},{"damage":4.0,"enemies":"4 Shapes","floor":41.0,"turns":6.0},{"damage":0.0,"enemies":"Mind Bloom Boss Battle","floor":44.0,"turns":4.0},{"damage":6.0,"enemies":"Giant Head","floor":48.0,"turns":5.0},{"damage":6.0,"enemies":"Donu and Deca","floor":50.0,"turns":7.0},{"damage":6.0,"enemies":"Awakened One","floor":51.0,"turns":10.0},{"damage":50.0,"enemies":"Shield and Spear","floor":55.0,"turns":5.0},{"damage":11,"enemies":"The Heart","floor":56,"turns":9}],"seed_played":"813388895344861264","potions_obtained":[{"floor":1.0,"key":"Block Potion"},{"floor":11.0,"key":"GamblersBrew"},{"floor":14.0,"key":"EntropicBrew"},{"floor":21.0,"key":"Fire Potion"},{"floor":22.0,"key":"Weak Potion"},{"floor":24.0,"key":"SkillPotion"},{"floor":31.0,"key":"SneckoOil"},{"floor":37.0,"key":"SpeedPotion"},{"floor":38.0,"key":"AttackPotion"},{"floor":44.0,"key":"BloodPotion"}],"is_trial":false,"path_per_floor":["M","M","?","$","M","R","M","R","T","E","M","?","M","E","R","B",null,"M","?","?","M","M","R","M","R","T","R","?","M","R","M","R","B",null,"M","?","M","?","M","E","M","R","T","?","?","$","R","E","R","B","B",null,"R","$","E","B",null],"character_chosen":"IRONCLAD","items_purchased":["Bottled Lightning","Happy Flower","SpeedPotion","SpeedPotion","Shrug It Off+1","Dual Wield+1"],"campfire_rested":4,"item_purchase_floors":[46,46,46,54,54,54],"current_hp_per_floor":[44,43,43,43,32,32,16,38,38,34,35,53,38,15,15,11,59,32,32,32,15,10,32,32,32,32,32,32,30,30,19,41,36,65,65,65,65,17,17,17,19,41,41,47,37,37,37,37,37,44,44,67,67,67,23,28],"gold":33,"neow_bonus":"THREE_RARE_CARDS","is_prod":false,"is_daily":false,"chose_seed":false,"campfire_upgraded":7,"win_rate":0,"timestamp":1554360254,"path_taken":["M","M","?","$","M","R","?","R","T","E","M","?","M","E","R","BOSS","M","?","?","?","M","R","M","R","T","R","?","M","R","M","R","BOSS","M","?","M","?","M","E","M","R","T","?","?","$","R","E","R","BOSS","BOSS","R","$","E","BOSS"],"build_version":"2019-01-23","purchased_purges":1,"victory":true,"max_hp_per_floor":[75,75,75,75,75,75,75,75,75,75,75,75,75,75,75,75,75,75,75,75,75,75,75,75,75,75,75,75,75,75,75,75,75,75,75,75,75,75,75,75,75,75,75,75,75,75,75,75,75,75,75,75,75,75,75,75],"card_choices":[{"not_picked":["Impervious","Feed"],"picked":"Demon Form","floor":0.0},{"not_picked":["Anger","Perfected Strike"],"picked":"True Grit","floor":1.0},{"not_picked":["Twin Strike","Flex","Iron Wave"],"picked":"SKIP","floor":2.0},{"not_picked":["Iron Wave","Pommel Strike","Warcry"],"picked":"SKIP","floor":5.0},{"not_picked":["Anger","Carnage"],"picked":"Feel No Pain","floor":7.0},{"not_picked":["Heavy Blade","Entrench"],"picked":"Barricade","floor":10.0},{"not_picked":["Flex","Fire Breathing"],"picked":"Armaments","floor":11.0},{"not_picked":["Wild Strike","Iron Wave"],"picked":"Ghostly Armor","floor":13.0},{"not_picked":["Cleave","True Grit","Searing Blow"],"picked":"SKIP","floor":14.0},{"not_picked":["Cleave","True Grit","Searing Blow"],"picked":"SKIP","floor":14.0},{"not_picked":["Feed","Limit Break"],"picked":"Offering","floor":16.0},{"not_picked":["Rupture","Rage"],"picked":"Body Slam","floor":18.0},{"not_picked":["Body Slam","Pommel Strike","Spot Weakness"],"picked":"SKIP","floor":21.0},{"not_picked":["Body Slam","Pommel Strike","Spot Weakness"],"picked":"SKIP","floor":21.0},{"not_picked":["Perfected Strike","Ghostly Armor","Anger"],"picked":"SKIP","floor":22.0},{"not_picked":["Headbutt","Blood for Blood","Havoc"],"picked":"SKIP","floor":24.0},{"not_picked":["Rampage","Headbutt"],"picked":"Impervious","floor":29.0},{"not_picked":["Sword Boomerang","Body Slam","Iron Wave+1"],"picked":"SKIP","floor":31.0},{"not_picked":["Dark Embrace","Brutality"],"picked":"Impervious","floor":33.0},{"not_picked":["Wild Strike+1","Sever Soul+1"],"picked":"Evolve+1","floor":35.0},{"not_picked":["Perfected Strike","Body Slam+1"],"picked":"Armaments+1","floor":37.0},{"not_picked":["Thunderclap","Rampage"],"picked":"Corruption+1","floor":38.0},{"not_picked":["Bloodletting","Iron Wave"],"picked":"Power Through","floor":39.0},{"not_picked":["Wild Strike","Cleave+1"],"picked":"True Grit","floor":40.0},{"not_picked":["Heavy Blade","Twin Strike+1","True Grit"],"picked":"Feel No Pain","floor":41.0},{"not_picked":["Perfected Strike","Pummel","Metallicize+1"],"picked":"Shrug It Off+1","floor":44.0},{"not_picked":["Mayhem","Madness+1","Forethought+1"],"picked":"Panacea+1","floor":45.0},{"not_picked":["Mayhem","Dramatic Entrance","Magnetism"],"picked":"Blind+1","floor":45.0},{"not_picked":["Spot Weakness+1","Havoc+1","Anger","Hemokinesis"],"picked":"SKIP","floor":48.0},{"not_picked":["True Grit+1","Anger","Intimidate+1"],"picked":"Reaper","floor":55.0}],"player_experience":2865030,"relics_obtained":[{"floor":9.0,"key":"Mercury Hourglass"},{"floor":10.0,"key":"Sundial"},{"floor":14.0,"key":"Matryoshka"},{"floor":26.0,"key":"Ancient Tea Set"},{"floor":38.0,"key":"Girya"},{"floor":40.0,"key":"Question Card"},{"floor":43.0,"key":"The Courier"},{"floor":43.0,"key":"Toxic Egg 2"},{"floor":44.0,"key":"Nunchaku"},{"floor":48.0,"key":"Oddly Smooth Stone"},{"floor":55.0,"key":"FossilizedHelix"}],"event_choices":[{"cards_removed":["Strike_R"],"damage_healed":0.0,"max_hp_gain":0.0,"max_hp_loss":0.0,"gold_gain":0.0,"event_name":"Bonfire Elementals","player_choice":"Offered Basic","floor":3.0,"gold_loss":0.0,"damage_taken":0.0},{"damage_healed":18.0,"max_hp_gain":0.0,"max_hp_loss":0.0,"gold_gain":0.0,"event_name":"The Cleric","player_choice":"Healed","floor":12.0,"gold_loss":35.0,"damage_taken":0.0},{"cards_removed":["Strike_R"],"damage_healed":0.0,"max_hp_gain":0.0,"max_hp_loss":0.0,"gold_gain":0.0,"event_name":"Beggar","player_choice":"Gave Gold","floor":19.0,"gold_loss":75.0,"damage_taken":0.0},{"damage_healed":0.0,"max_hp_gain":0.0,"max_hp_loss":0.0,"gold_gain":0.0,"cards_transformed":["Strike_R","Strike_R"],"event_name":"Designer","player_choice":"Transformed Cards","floor":20.0,"gold_loss":75.0,"damage_taken":0.0,"cards_obtained":["Intimidate","Iron Wave"]},{"damage_healed":0.0,"max_hp_gain":0.0,"max_hp_loss":0.0,"gold_gain":0.0,"event_name":"Colosseum","player_choice":"Fight","floor":28.0,"gold_loss":0.0,"damage_taken":0.0},{"damage_healed":0.0,"max_hp_gain":0.0,"max_hp_loss":0.0,"gold_gain":0.0,"event_name":"Colosseum","player_choice":"Fled From Nobs","floor":28.0,"gold_loss":0.0,"damage_taken":0.0},{"cards_removed":["Armaments"],"damage_healed":0.0,"max_hp_gain":0.0,"max_hp_loss":0.0,"gold_gain":0.0,"event_name":"Falling","player_choice":"Removed Skill","floor":36.0,"gold_loss":0.0,"damage_taken":0.0},{"damage_healed":0.0,"max_hp_gain":0.0,"max_hp_loss":0.0,"gold_gain":0.0,"event_name":"Mysterious Sphere","player_choice":"Fight","floor":38.0,"gold_loss":0.0,"damage_taken":0.0},{"damage_healed":0.0,"max_hp_gain":0.0,"max_hp_loss":0.0,"gold_gain":0.0,"event_name":"MindBloom","player_choice":"Fight","floor":44.0,"gold_loss":0.0,"damage_taken":0.0},{"damage_healed":0.0,"max_hp_gain":0.0,"max_hp_loss":0.0,"gold_gain":0.0,"event_name":"SensoryStone","player_choice":"Memory 3","floor":45.0,"gold_loss":0.0,"damage_taken":10.0}],"is_beta":false,"boss_relics":[{"not_picked":["Mark of Pain","Runic Cube"],"picked":"Philosopher\u0027s Stone"},{"not_picked":["White Beast Statue","Lizard Tail"],"picked":"Snecko Eye"}],"items_purged_floors":[46],"is_endless":false,"potions_floor_spawned":[1,11,14,21,22,24,31,37,38,40,44],"ascension_level":20}