{"path_per_floor":["M","M","?","?","M","E","R","M","T","M","$","M","M","E","R","B",null,"M","?","?","$","M","E","R","M","T","M","M","R","M","T","R"],"character_chosen":"THE_SILENT","items_purchased":["Apotheosis","Block Potion","Distraction","Vajra"],"gold_per_floor":[116,136,136,211,223,254,254,266,266,283,47,57,67,98,98,200,230,243,243,243,61,77,106,106,125,125,138,151,151,169,169,169],"floor_reached":33,"campfire_rested":5,"playtime":3505,"current_hp_per_floor":[77,76,81,70,66,35,59,55,55,50,50,50,32,24,48,19,87,83,83,83,83,83,40,66,57,57,36,11,37,37,37,63],"items_purged":[],"gold":169,"play_id":"14fbe4b1-6db6-496f-8cfe-e533b4133b7c","is_prod":false,"is_daily":false,"is_ascension_mode":false,"campfire_upgraded":0,"path_taken":["M","M","?","?","M","E","R","M","T","M","$","M","?","E","R","BOSS","M","?","?","$","M","E","R","M","T","M","M","R","M","?","R","BOSS"],"build_version":"2018-02-01-PROD3","purchased_purges":0,"victory":false,"master_deck":["Defend_G","Defend_G","Defend_G","Defend_G+1","Defend_G+1","Strike_G","Strike_G","Strike_G","Strike_G","Strike_G","Survivor","Neutralize","Caltrops","Slice","Slice","A Thousand Cuts","Dagger Throw","Dagger Throw","Apotheosis","Infinite Blades","Choke","Eviscerate","Venomology","Backstab","Dagger Spray+1","Die Die Die","Distraction","Acrobatics","Malaise","Footwork+1","Dagger Spray+1","Flechettes","Poisoned Stab","Blade Dance+1","Endless Agony"],"max_hp_per_floor":[77,77,82,82,82,82,82,82,82,82,82,82,82,82,82,82,87,87,87,87,87,87,87,87,87,87,87,87,87,87,87,87],"relics":["Ring of the Snake","Tough Bandages","Shovel","Prayer Wheel","Tiny House","Vajra","War Paint","Juzu Bracelet","Ice Cream"],"card_choices":[{"not_picked":["Leg Sweep","All Out Attack"],"picked":"Caltrops"},{"not_picked":["Sucker Punch","Dodge and Roll"],"picked":"Slice"},{"not_picked":["Deflect","Flying Knee"],"picked":"Slice"},{"not_picked":["Prepared","Predator"],"picked":"A Thousand Cuts"},{"not_picked":["Masterful Stab","Heel Hook"],"picked":"Dagger Throw"},{"not_picked":["Skewer","Flying Knee"],"picked":"Dagger Throw"},{"not_picked":["Backstab","Burst"],"picked":"Infinite Blades"},{"not_picked":["Escape Plan","Heel Hook"],"picked":"Choke"},{"not_picked":["Dagger Spray","Calculated Gamble"],"picked":"Eviscerate"},{"not_picked":["Night Terror","Corpse Explosion"],"picked":"Venomology"},{"not_picked":["Dagger Throw","Slice"],"picked":"Backstab"},{"not_picked":["Slice","Calculated Gamble"],"picked":"Dagger Spray"},{"not_picked":["Slice","Deflect"],"picked":"Acrobatics"},{"not_picked":["Calculated Gamble","Flying Knee"],"picked":"Malaise"},{"not_picked":["Dagger Spray","Heel Hook"],"picked":"Footwork"},{"not_picked":["Deadly Poison","Masterful Stab"],"picked":"Dagger Spray"},{"not_picked":["Prepared","Sucker Punch"],"picked":"Flechettes"},{"not_picked":["Acrobatics","Calculated Gamble"],"picked":"Poisoned Stab"},{"not_picked":["Distraction","Deflect"],"picked":"Blade Dance"},{"not_picked":["Adrenaline","Bouncing Flask"],"picked":"Endless Agony"}],"player_experience":101264,"potions_floor_usage":[5,10,12,14,16,16,18,18,22,23,25,27,28,28,28,30,30,33,33],"damage_taken":[{"damage":0,"enemies":"Small Slimes","floor":1,"turns":3},{"damage":1,"enemies":"Cultist","floor":2,"turns":5},{"damage":4,"enemies":"Blue Slaver","floor":5,"turns":4},{"damage":31,"enemies":"Lagavulin","floor":6,"turns":8},{"damage":4,"enemies":"Looter","floor":8,"turns":4},{"damage":5,"enemies":"2 Fungi Beasts","floor":10,"turns":4},{"damage":0,"enemies":"Large Slime","floor":12,"turns":4},{"damage":18,"enemies":"Exordium Thugs","floor":13,"turns":5},{"damage":8,"enemies":"3 Sentries","floor":14,"turns":5},{"damage":29,"enemies":"The Guardian","floor":16,"turns":9},{"damage":13,"enemies":"Shell Parasite","floor":18,"turns":5},{"damage":0,"enemies":"Spheric Guardian","floor":22,"turns":3},{"damage":43,"enemies":"Slavers","floor":23,"turns":5},{"damage":9,"enemies":"Snecko","floor":25,"turns":5},{"damage":21,"enemies":"Snake Plant","floor":27,"turns":6},{"damage":25,"enemies":"Centurion and Healer","floor":28,"turns":6},{"damage":0,"enemies":"Snecko","floor":30,"turns":4},{"damage":87,"enemies":"Automaton","floor":33,"turns":6}],"event_choices":[{"event_name":"Big Fish","player_choice":"Donut","floor":3,"damage_taken":0},{"event_name":"World of Goop","player_choice":"Gather Gold","floor":4,"damage_taken":0},{"event_name":"Drug Dealer","player_choice":"Ignored","floor":19,"damage_taken":0},{"event_name":"The Library","player_choice":"Read","floor":20,"damage_taken":0}],"boss_relics":[{"not_picked":["The Specimen","Runic Pyramid"],"picked":"Tiny House"}],"potions_floor_spawned":[1,6,10,12,13,16,25,27,28,30],"seed_played":"464750802918797322","killed_by":"Automaton","ascension_level":0,"is_trial":false}