{"gold_per_floor":[117,117,135,146,93,93,120,120,172,201,201,228,246,298,298,374,374,393,407,31,47,47,76,91,111,137,166,166,216,85,97,97,174,174,187,197,215,230,230,230,264,284,307,334,350,350,385,154,154,154],"floor_reached":51,"playtime":3797,"items_purged":["Strike_R"],"score":1617,"play_id":"d5c4995a-06cd-480b-98c4-3a1996253800","local_time":"20181209193300","is_ascension_mode":true,"campfire_choices":[{"data":"Armaments","floor":6.0,"key":"SMITH"},{"data":"True Grit","floor":8.0,"key":"SMITH"},{"data":"Uppercut","floor":15.0,"key":"SMITH"},{"floor":28.0,"key":"REST"},{"floor":32.0,"key":"REST"},{"floor":40,"key":"REST"},{"floor":49,"key":"REST"}],"neow_cost":"NONE","seed_source_timestamp":1225223485576894,"circlet_count":0,"master_deck":["AscendersBane","Strike_R","Strike_R","Defend_R","Defend_R+1","Defend_R","Defend_R+1","Bash+1","Inflame","Inflame","True Grit+1","Headbutt+1","Armaments+1","Shrug It Off","Thunderclap","Offering","Uppercut+1","Limit Break","Pommel Strike","Apotheosis+1","Shockwave+1","Feel No Pain","Impervious","Anger+1","Feel No Pain","Shrug It Off","True Grit","Warcry","Feed","Shrug It Off+1","Heavy Blade","Seeing Red+1","Feed","Sword Boomerang","Dropkick","Panacea","True Grit+1"],"special_seed":0,"relics":["Burning Blood","Bag of Marbles","Whetstone","War Paint","Blood Vial","Vajra","Fusion Hammer","PreservedInsect","Dream Catcher","Red Skull","Bag of Preparation","Runic Pyramid","Torii","Oddly Smooth Stone","Pen Nib","Anchor"],"potions_floor_usage":[37,44,50],"damage_taken":[{"damage":16.0,"enemies":"Jaw Worm","floor":1.0,"turns":6.0},{"damage":7.0,"enemies":"Cultist","floor":3.0,"turns":4.0},{"damage":8.0,"enemies":"2 Louse","floor":4.0,"turns":3.0},{"damage":22.0,"enemies":"Gremlin Nob","floor":7.0,"turns":5.0},{"damage":14.0,"enemies":"Lagavulin","floor":10.0,"turns":7.0},{"damage":17.0,"enemies":"Gremlin Nob","floor":12.0,"turns":4.0},{"damage":5.0,"enemies":"Gremlin Gang","floor":13.0,"turns":5.0},{"damage":6.0,"enemies":"Slime Boss","floor":16.0,"turns":5.0},{"damage":12.0,"enemies":"3 Byrds","floor":18.0,"turns":5.0},{"damage":24.0,"enemies":"Spheric Guardian","floor":19.0,"turns":4.0},{"damage":5.0,"enemies":"Snecko","floor":21.0,"turns":3.0},{"damage":24.0,"enemies":"Slavers","floor":23.0,"turns":4.0},{"damage":13.0,"enemies":"Centurion and Healer","floor":24.0,"turns":5.0},{"damage":9.0,"enemies":"Cultist and Chosen","floor":25.0,"turns":5.0},{"damage":12.0,"enemies":"Book of Stabbing","floor":27.0,"turns":4.0},{"damage":9.0,"enemies":"Snake Plant","floor":31.0,"turns":4.0},{"damage":61.0,"enemies":"Automaton","floor":33.0,"turns":9.0},{"damage":18.0,"enemies":"Orb Walker","floor":35.0,"turns":5.0},{"damage":8.0,"enemies":"3 Darklings","floor":36.0,"turns":5.0},{"damage":47,"enemies":"Writhing Mass","floor":37,"turns":5},{"damage":0,"enemies":"4 Shapes","floor":38,"turns":6},{"damage":2,"enemies":"Reptomancer","floor":41,"turns":7},{"damage":23,"enemies":"3 Darklings","floor":42,"turns":6},{"damage":7,"enemies":"Giant Head","floor":44,"turns":7},{"damage":16,"enemies":"Jaw Worm Horde","floor":45,"turns":5},{"damage":6,"enemies":"Nemesis","floor":47,"turns":3},{"damage":49,"enemies":"Time Eater","floor":50,"turns":4}],"seed_played":"-458431018961228952","potions_obtained":[{"floor":1.0,"key":"AttackPotion"},{"floor":3.0,"key":"Block Potion"},{"floor":4.0,"key":"Swift Potion"},{"floor":13.0,"key":"Explosive Potion"},{"floor":18.0,"key":"Swift Potion"},{"floor":21.0,"key":"Energy Potion"},{"floor":24.0,"key":"EntropicBrew"},{"floor":27.0,"key":"Block Potion"},{"floor":36.0,"key":"Poison Potion"},{"floor":38,"key":"FairyPotion"},{"floor":41,"key":"Swift Potion"}],"is_trial":false,"path_per_floor":["M","?","M","M","$","R","E","R","T","E","?","E","M","?","R","B",null,"M","M","$","M","?","E","M","M","T","E","R","?","$","M","R","B",null,"M","M","M","M","?","R","E","M","T","E","M","?","E","$","R","B",null],"character_chosen":"IRONCLAD","items_purchased":["Armaments","Apotheosis","PreservedInsect","Feel No Pain","Shrug It Off","Panacea","PowerPotion"],"campfire_rested":4,"item_purchase_floors":[5,20,20,30,30,48,48],"current_hp_per_floor":[58,58,57,55,55,55,39,39,39,31,31,22,25,25,25,27,63,59,43,43,46,46,30,25,24,24,20,42,35,35,34,56,10,59,53,53,18,29,29,54,60,49,49,54,50,50,52,52,81,44],"gold":154,"neow_bonus":"THREE_CARDS","is_prod":false,"is_daily":false,"chose_seed":false,"campfire_upgraded":3,"win_rate":0,"timestamp":1544355180,"path_taken":["M","?","?","M","$","R","E","R","T","E","?","E","M","?","R","BOSS","M","M","$","M","?","E","M","?","T","E","R","?","$","M","R","BOSS","M","M","M","?","?","R","E","M","T","E","?","?","E","$","R","BOSS"],"build_version":"2018-11-15","purchased_purges":1,"victory":true,"max_hp_per_floor":[75,75,75,75,75,75,75,75,75,75,75,75,75,75,75,75,75,75,75,75,75,75,75,75,75,75,75,75,75,75,75,75,75,75,79,79,83,86,86,86,86,90,90,94,98,98,98,98,98,102],"card_choices":[{"not_picked":["Flame Barrier","Fire Breathing"],"picked":"Inflame","floor":0.0},{"not_picked":["Body Slam","Havoc"],"picked":"Inflame","floor":1.0},{"not_picked":["Flame Barrier","Seeing Red"],"picked":"True Grit","floor":3.0},{"not_picked":["Perfected Strike","Burning Pact"],"picked":"Headbutt","floor":4.0},{"not_picked":["Headbutt","Inflame"],"picked":"Shrug It Off","floor":7.0},{"not_picked":["Anger","Havoc"],"picked":"Thunderclap","floor":10.0},{"not_picked":["Sever Soul","Corruption"],"picked":"Offering","floor":12.0},{"not_picked":["Body Slam","Combust"],"picked":"Uppercut","floor":13.0},{"not_picked":["Fiend Fire","Dark Embrace"],"picked":"Limit Break","floor":16.0},{"not_picked":["Sentinel","Perfected Strike","Havoc"],"picked":"SKIP","floor":18.0},{"not_picked":["Carnage","Armaments"],"picked":"Pommel Strike","floor":19.0},{"not_picked":["Anger","Dropkick"],"picked":"Shockwave+1","floor":21.0},{"not_picked":["Uppercut","Headbutt"],"picked":"Feel No Pain","floor":23.0},{"not_picked":["Warcry","Cleave","Headbutt"],"picked":"SKIP","floor":24.0},{"not_picked":["Immolate","Headbutt","Havoc"],"picked":"SKIP","floor":25.0},{"not_picked":["Clash","Disarm"],"picked":"Impervious","floor":27.0},{"not_picked":["Infernal Blade","Carnage"],"picked":"Anger+1","floor":28.0},{"not_picked":["Corruption","Clash"],"picked":"True Grit","floor":31.0},{"not_picked":["Pommel Strike","Perfected Strike"],"picked":"Warcry","floor":32.0},{"not_picked":["Limit Break","Fiend Fire"],"picked":"Feed","floor":33.0},{"not_picked":["Intimidate","Clash","Cleave"],"picked":"SKIP","floor":35.0},{"not_picked":["Twin Strike+1","Flame Barrier"],"picked":"Shrug It Off+1","floor":36.0},{"not_picked":["Uppercut","Thunderclap"],"picked":"Heavy Blade","floor":37},{"not_picked":["Pommel Strike","Havoc","Twin Strike"],"picked":"SKIP","floor":38},{"not_picked":["Infernal Blade","Carnage"],"picked":"Seeing Red+1","floor":40},{"not_picked":["Sentinel","Headbutt+1"],"picked":"Feed","floor":41},{"not_picked":["Anger","Rage","Carnage"],"picked":"SKIP","floor":42},{"not_picked":["Seeing Red","Juggernaut"],"picked":"Sword Boomerang","floor":44},{"not_picked":["Anger+1","Fire Breathing","Headbutt"],"picked":"SKIP","floor":45},{"not_picked":["Battle Trance+1","Reckless Charge+1"],"picked":"Dropkick","floor":47},{"not_picked":["Cleave","Twin Strike"],"picked":"True Grit+1","floor":49}],"player_experience":619476,"relics_obtained":[{"floor":7.0,"key":"Whetstone"},{"floor":9.0,"key":"War Paint"},{"floor":10.0,"key":"Blood Vial"},{"floor":12.0,"key":"Vajra"},{"floor":23.0,"key":"Dream Catcher"},{"floor":26.0,"key":"Red Skull"},{"floor":27.0,"key":"Bag of Preparation"},{"floor":41,"key":"Torii"},{"floor":43,"key":"Oddly Smooth Stone"},{"floor":44,"key":"Pen Nib"},{"floor":47,"key":"Anchor"}],"event_choices":[{"damage_healed":0.0,"max_hp_gain":0.0,"max_hp_loss":0.0,"gold_gain":0.0,"event_name":"WeMeetAgain","player_choice":"Gave Potion","floor":2.0,"gold_loss":0.0,"damage_taken":0.0,"relics_obtained":["Bag of Marbles"]},{"damage_healed":0.0,"max_hp_gain":0.0,"max_hp_loss":0.0,"gold_gain":0.0,"event_name":"Liars Game","player_choice":"Ignored","floor":11.0,"gold_loss":0.0,"damage_taken":0.0},{"damage_healed":0.0,"max_hp_gain":0.0,"max_hp_loss":0.0,"gold_gain":52.0,"event_name":"Golden Wing","player_choice":"Gained Gold","floor":14.0,"gold_loss":0.0,"damage_taken":0.0},{"cards_removed":["Strike_R"],"damage_healed":0.0,"max_hp_gain":0.0,"max_hp_loss":0.0,"gold_gain":0.0,"event_name":"Purifier","player_choice":"Purged","floor":22.0,"gold_loss":0.0,"damage_taken":0.0},{"damage_healed":0.0,"max_hp_gain":0.0,"max_hp_loss":0.0,"gold_gain":50.0,"event_name":"FaceTrader","player_choice":"Touch","floor":29.0,"gold_loss":0.0,"damage_taken":7.0},{"damage_healed":0,"gold_gain":0,"player_choice":"Forge","damage_taken":0,"max_hp_gain":0,"max_hp_loss":0,"event_name":"Accursed Blacksmith","floor":39,"gold_loss":0,"cards_upgraded":["Apotheosis"]},{"cards_removed":["Strike_R"],"damage_healed":0,"gold_gain":0,"player_choice":"Removed Attack","damage_taken":0,"max_hp_gain":0,"max_hp_loss":0,"event_name":"Falling","floor":46,"gold_loss":0}],"is_beta":true,"boss_relics":[{"not_picked":["Ectoplasm","White Beast Statue"],"picked":"Fusion Hammer"},{"not_picked":["Calling Bell","Sozu"],"picked":"Runic Pyramid"}],"items_purged_floors":[48],"is_endless":false,"potions_floor_spawned":[1,3,4,13,18,21,24,27,36,38,41,42],"ascension_level":17}