{"gold_per_floor":[113,23,33,45,120,146,146,174,174,174,174],"floor_reached":11,"playtime":436,"items_purged":[],"score":182,"play_id":"e43b7ceb-a4b8-448a-bbee-285c2ce77730","local_time":"20190208100751","is_ascension_mode":true,"campfire_choices":[{"floor":7,"key":"REST"}],"neow_cost":"NONE","seed_source_timestamp":230210904941800,"circlet_count":0,"master_deck":["AscendersBane","Strike_B","Strike_B","Strike_B","Strike_B","Defend_B","Defend_B","Defend_B","Defend_B","Zap","Dualcast","Cold Snap","Capacitor","Defragment","Coolheaded","Electrodynamics"],"relics":["Black Star","Anchor","Dead Branch","Blood Vial","Oddly Smooth Stone","Sundial"],"potions_floor_usage":[6,10,11],"damage_taken":[{"damage":2,"enemies":"Cultist","floor":1,"turns":4},{"damage":4,"enemies":"2 Louse","floor":3,"turns":2},{"damage":9,"enemies":"Small Slimes","floor":4,"turns":4},{"damage":34,"enemies":"3 Sentries","floor":6,"turns":9},{"damage":19,"enemies":"Lagavulin","floor":8,"turns":11},{"damage":0,"enemies":"Gremlin Nob","floor":10,"turns":2},{"damage":1,"enemies":"2 Fungi Beasts","floor":11,"turns":3}],"seed_played":"707983477986652344","potions_obtained":[{"floor":1,"key":"FearPotion"},{"floor":8,"key":"SmokeBomb"}],"is_trial":false,"path_per_floor":["M","$","M","M","?","E","R","E","T","E","M"],"character_chosen":"DEFECT","items_purchased":["Fire Potion","Capacitor"],"campfire_rested":1,"item_purchase_floors":[2,2],"current_hp_per_floor":[62,62,58,49,38,4,25,6,6,8,9],"gold":174,"neow_bonus":"BOSS_RELIC","is_prod":false,"is_daily":false,"chose_seed":false,"campfire_upgraded":0,"win_rate":0,"timestamp":1549588071,"path_taken":["M","$","?","M","?","E","R","E","T","E","M"],"build_version":"2019-01-23","purchased_purges":0,"victory":false,"max_hp_per_floor":[71,71,71,71,71,71,71,71,71,71,71],"card_choices":[{"not_picked":["BootSequence","Compile Driver"],"picked":"Cold Snap","floor":1},{"not_picked":["Rebound","Compile Driver","Conserve Battery"],"picked":"SKIP","floor":3},{"not_picked":["Skim","Conserve Battery"],"picked":"Defragment","floor":4},{"not_picked":["Hello World","Skim"],"picked":"Coolheaded","floor":6},{"not_picked":["Steam","Barrage"],"picked":"Electrodynamics","floor":8}],"player_experience":1448555,"relics_obtained":[{"floor":6,"key":"Anchor"},{"floor":6,"key":"Dead Branch"},{"floor":8,"key":"Blood Vial"},{"floor":8,"key":"Oddly Smooth Stone"},{"floor":9,"key":"Sundial"}],"event_choices":[{"damage_healed":0,"gold_gain":75,"player_choice":"Gather Gold","damage_taken":11,"max_hp_gain":0,"max_hp_loss":0,"event_name":"World of Goop","floor":5,"gold_loss":0}],"is_beta":false,"boss_relics":[],"items_purged_floors":[],"is_endless":false,"potions_floor_spawned":[1,3,8],"killed_by":"2 Fungi Beasts","ascension_level":20}