{"gold_per_floor":[111,40,110,124,142,176,188,188,234,251,261,293,79,90,90,193,193,206,206,220,237,152,152,179,179,179,199,199,5,20,39,39,141,141,151,151,163,174,184,184,184,209,209,11,46,46,46,66,66,66,66,66,18,53,53],"floor_reached":55,"playtime":8393,"items_purged":[],"score":811,"play_id":"e467546c-9e62-4cc6-878b-4f51c0b3cb00","local_time":"20190112161454","is_ascension_mode":false,"campfire_choices":[{"floor":8.0,"key":"REST"},{"floor":15.0,"key":"REST"},{"floor":23.0,"key":"REST"},{"floor":25.0,"key":"REST"},{"floor":32.0,"key":"REST"},{"floor":40,"key":"REST"},{"floor":47,"key":"RECALL"},{"floor":49,"key":"REST"},{"data":"Buffer","floor":52,"key":"SMITH"}],"neow_cost":"NONE","seed_source_timestamp":0,"circlet_count":0,"master_deck":["Strike_B","Strike_B","Strike_B","Strike_B","Defend_B","Defend_B","Defend_B","Defend_B","Zap","Dualcast","Blind","Loop","Static Discharge","Ball Lightning","Static Discharge","Doom and Gloom","FTL","Electrodynamics","Storm","Jack Of All Trades","Redo","Electrodynamics","Defragment","Redo","Buffer+1","Redo","Hologram","Ball Lightning","Barrage","Storm+1","Self Repair","Storm","Reboot","Conserve Battery+1","Storm+1","Force Field+1","Static Discharge+1","Defragment","Chill","Redo+1","Chill","Hello World+1"],"special_seed":0,"relics":["Cracked Core","Oddly Smooth Stone","Ancient Tea Set","Shuriken","Orrery","Singing Bowl","Kunai","Cables","Lizard Tail","DataDisk","Question Card","Smiling Mask","Strawberry","Bag of Preparation"],"potions_floor_usage":[45,50,54,54,55,55],"damage_taken":[{"damage":0.0,"enemies":"Cultist","floor":1.0,"turns":3.0},{"damage":0.0,"enemies":"Jaw Worm","floor":4.0,"turns":3.0},{"damage":0.0,"enemies":"2 Louse","floor":5.0,"turns":2.0},{"damage":16.0,"enemies":"3 Sentries","floor":6.0,"turns":5.0},{"damage":10.0,"enemies":"Large Slime","floor":7.0,"turns":4.0},{"damage":1.0,"enemies":"2 Fungi Beasts","floor":10.0,"turns":3.0},{"damage":13.0,"enemies":"Red Slaver","floor":11.0,"turns":3.0},{"damage":10.0,"enemies":"Gremlin Nob","floor":12.0,"turns":3.0},{"damage":0.0,"enemies":"Lots of Slimes","floor":14.0,"turns":4.0},{"damage":24.0,"enemies":"Hexaghost","floor":16.0,"turns":5.0},{"damage":10.0,"enemies":"3 Byrds","floor":18.0,"turns":2.0},{"damage":31.0,"enemies":"2 Thieves","floor":20.0,"turns":4.0},{"damage":4.0,"enemies":"Chosen and Byrds","floor":21.0,"turns":4.0},{"damage":57.0,"enemies":"Slavers","floor":24.0,"turns":4.0},{"damage":11.0,"enemies":"Snake Plant","floor":27.0,"turns":2.0},{"damage":6.0,"enemies":"Sentry and Sphere","floor":30.0,"turns":3.0},{"damage":0.0,"enemies":"3 Cultists","floor":31.0,"turns":2.0},{"damage":10.0,"enemies":"Champ","floor":33.0,"turns":6.0},{"damage":10.0,"enemies":"3 Shapes","floor":35.0,"turns":4.0},{"damage":29.0,"enemies":"3 Darklings","floor":37.0,"turns":3.0},{"damage":28.0,"enemies":"Maw","floor":38.0,"turns":6.0},{"damage":40,"enemies":"Writhing Mass","floor":39,"turns":4},{"damage":30,"enemies":"Reptomancer","floor":42,"turns":5},{"damage":12,"enemies":"Nemesis","floor":45,"turns":5},{"damage":22,"enemies":"Sphere and 2 Shapes","floor":48,"turns":4},{"damage":48,"enemies":"Donu and Deca","floor":50,"turns":5},{"damage":58,"enemies":"Shield and Spear","floor":54,"turns":4},{"damage":67,"enemies":"The Heart","floor":55,"turns":3}],"seed_played":"-5026010077466736400","potions_obtained":[{"floor":4.0,"key":"SpeedPotion"},{"floor":11.0,"key":"FocusPotion"},{"floor":12.0,"key":"LiquidBronze"},{"floor":14.0,"key":"Weak Potion"},{"floor":16.0,"key":"LiquidBronze"},{"floor":19.0,"key":"EntropicBrew"},{"floor":19.0,"key":"FairyPotion"},{"floor":24.0,"key":"Block Potion"},{"floor":33.0,"key":"SpeedPotion"},{"floor":38.0,"key":"SteroidPotion"},{"floor":45,"key":"Swift Potion"},{"floor":48,"key":"Energy Potion"},{"floor":54,"key":"GamblersBrew"}],"is_trial":false,"path_per_floor":["M","$","T","M","M","E","M","R","T","M","M","E","$","M","R","B",null,"M","?","M","M","?","R","E","R","T","M","?","$","M","M","R","B",null,"M","?","M","M","M","R","?","E","T","$","E","T","R","M","R","B",null,"R","$","E","B"],"character_chosen":"DEFECT","items_purchased":["Static Discharge","Storm","Jack Of All Trades","SkillPotion","PowerPotion","Storm","EssenceOfSteel","PowerPotion","Defragment","Chill","Energy Potion"],"campfire_rested":7,"item_purchase_floors":[2,13,13,13,29,29,29,44,44,44,53],"current_hp_per_floor":[75,75,75,75,75,59,49,71,71,70,57,47,47,47,69,45,75,65,65,34,30,30,52,7,29,29,18,18,18,21,23,46,36,79,69,69,47,26,31,55,91,70,70,70,58,65,65,43,73,32,100,100,100,49,0],"gold":53,"neow_bonus":"RANDOM_COLORLESS","is_prod":false,"is_daily":false,"chose_seed":false,"campfire_upgraded":1,"win_rate":0,"timestamp":1547302494,"path_taken":["M","?","?","?","M","E","M","R","T","M","M","E","?","M","R","BOSS","M","?","?","M","?","R","E","R","T","M","?","$","M","M","R","BOSS","M","?","M","?","?","R","?","E","T","?","E","?","R","M","R","BOSS","R","$","E","BOSS"],"build_version":"2019-01-10","purchased_purges":0,"victory":false,"max_hp_per_floor":[75,75,75,75,75,75,75,75,75,75,75,75,75,75,75,75,75,75,75,75,75,75,75,75,75,75,75,75,75,77,79,79,79,79,79,79,79,79,81,81,91,93,93,93,93,100,100,100,100,100,100,100,100,100,100],"card_choices":[{"not_picked":["Cold Snap","Recycle"],"picked":"Loop","floor":1.0},{"not_picked":["Chaos","Reprogram"],"picked":"Ball Lightning","floor":4.0},{"not_picked":["Conserve Battery","Turbo"],"picked":"Static Discharge","floor":5.0},{"not_picked":["Glacier","Turbo"],"picked":"Core Surge","floor":6.0},{"not_picked":["Rebound","Turbo"],"picked":"Doom and Gloom","floor":7.0},{"not_picked":["Rip and Tear","Scrape","Stack"],"picked":"SKIP","floor":10.0},{"not_picked":["Conserve Battery","Coolheaded"],"picked":"FTL","floor":11.0},{"not_picked":["Steam","Rebound"],"picked":"Electrodynamics","floor":12.0},{"not_picked":["Leap","Blizzard"],"picked":"Redo","floor":14.0},{"not_picked":["Meteor Strike","Multi-Cast"],"picked":"Electrodynamics","floor":16.0},{"not_picked":["Hologram","Leap"],"picked":"Defragment","floor":17.0},{"not_picked":["Gash","Streamline"],"picked":"Redo","floor":17.0},{"not_picked":["Compile Driver","Defragment"],"picked":"Buffer","floor":17.0},{"not_picked":["Darkness","Streamline"],"picked":"Redo","floor":17.0},{"not_picked":["Undo+1","Coolheaded"],"picked":"Hologram","floor":18.0},{"not_picked":["Hologram","Turbo+1"],"picked":"Ball Lightning","floor":20.0},{"not_picked":["Sunder+1","Sweeping Beam"],"picked":"Barrage","floor":21.0},{"not_picked":["Darkness","Electrodynamics"],"picked":"Storm+1","floor":24.0},{"not_picked":["Ball Lightning","Sweeping Beam"],"picked":"Self Repair","floor":27.0},{"not_picked":["Compile Driver","Hologram","Cold Snap+1"],"picked":"Singing Bowl","floor":30.0},{"not_picked":["Barrage","Glacier","Leap+1"],"picked":"Singing Bowl","floor":31.0},{"not_picked":["Core Surge","Machine Learning"],"picked":"Reboot","floor":33.0},{"not_picked":["Auto Shields","Melter+1"],"picked":"Conserve Battery+1","floor":35.0},{"not_picked":["Sweeping Beam+1","BootSequence+1"],"picked":"Force Field+1","floor":37.0},{"not_picked":["Ball Lightning+1","Gash"],"picked":"Static Discharge+1","floor":38.0},{"not_picked":["Rip and Tear","Doom and Gloom+1","Turbo+1"],"picked":"Singing Bowl","floor":39},{"not_picked":["Chaos","Amplify","Sunder"],"picked":"Singing Bowl","floor":42},{"not_picked":["Tempest+1","Doom and Gloom+1","Chaos+1"],"picked":"Redo+1","floor":45},{"not_picked":["Aggregate+1","Streamline+1","Rebound+1"],"picked":"Chill","floor":48},{"not_picked":["Redo","Reinforced Body","Coolheaded+1"],"picked":"Hello World+1","floor":54}],"player_experience":893842,"relics_obtained":[{"floor":6.0,"key":"Oddly Smooth Stone"},{"floor":9.0,"key":"Ancient Tea Set"},{"floor":12.0,"key":"Shuriken"},{"floor":24.0,"key":"Kunai"},{"floor":26.0,"key":"Cables"},{"floor":42,"key":"DataDisk"},{"floor":43,"key":"Question Card"},{"floor":45,"key":"Smiling Mask"},{"floor":46,"key":"Strawberry"},{"floor":54,"key":"Bag of Preparation"}],"event_choices":[{"damage_healed":0.0,"max_hp_gain":0.0,"max_hp_loss":0.0,"gold_gain":0.0,"event_name":"Lab","player_choice":"Got Potions","floor":19.0,"gold_loss":0.0,"damage_taken":0.0},{"damage_healed":0.0,"max_hp_gain":0.0,"max_hp_loss":0.0,"gold_gain":0.0,"event_name":"Addict","player_choice":"Obtained Relic","floor":22.0,"gold_loss":85.0,"damage_taken":0.0,"relics_obtained":["Singing Bowl"]},{"damage_healed":0.0,"max_hp_gain":0.0,"max_hp_loss":0.0,"gold_gain":0.0,"event_name":"Beggar","player_choice":"Ignored","floor":28.0,"gold_loss":0.0,"damage_taken":0.0},{"damage_healed":0.0,"max_hp_gain":0.0,"max_hp_loss":0.0,"gold_gain":0.0,"event_name":"Duplicator","player_choice":"Copied","floor":36.0,"gold_loss":0.0,"damage_taken":0.0,"cards_obtained":["Storm"]},{"cards_removed":["Core Surge"],"damage_healed":26,"gold_gain":0,"player_choice":"Offered Rare","damage_taken":0,"max_hp_gain":10,"max_hp_loss":0,"event_name":"Bonfire Elementals","floor":41,"gold_loss":0}],"is_beta":false,"boss_relics":[{"not_picked":["Astrolabe","Cursed Key"],"picked":"Orrery"},{"not_picked":["White Beast Statue","Tiny House"],"picked":"Lizard Tail"}],"items_purged_floors":[],"is_endless":false,"potions_floor_spawned":[4,11,12,14,16,20,24,33,38,45,48,54],"killed_by":"The Heart","ascension_level":0}