{"gold_per_floor":[116,131,16,16,26,52,52,87,111,146,221,221,285,285,285,379,379,392,392,106,106,21,65,65,96,96,96,116,116,152,152,152,152],"floor_reached":33,"playtime":2892,"items_purged":[],"score":612,"play_id":"e8f98acd-84c0-4458-8dfe-207b167c96ff","local_time":"20190307204859","is_ascension_mode":true,"campfire_choices":[{"data":"Storm","floor":7.0,"key":"SMITH"},{"floor":12.0,"key":"REST"},{"floor":15.0,"key":"REST"},{"floor":24,"key":"REST"},{"floor":29,"key":"REST"},{"floor":32,"key":"REST"}],"neow_cost":"NONE","seed_source_timestamp":183774722336695,"circlet_count":0,"master_deck":["AscendersBane","Strike_B+1","Strike_B","Strike_B","Strike_B+1","Defend_B","Defend_B","Defend_B","Defend_B","Zap","Dualcast","Cold Snap","Ball Lightning","Self Repair","Sweeping Beam","White Noise","Storm+1","Buffer","Streamline","Heatsinks","Injury","Creative AI","Self Repair","Writhe","Machine Learning","Storm+1","Self Repair","Hello World+1","Cold Snap","Chaos"],"special_seed":0,"relics":["Cracked Core","NeowsBlessing","Juzu Bracelet","Boot","Art of War","Letter Opener","Lantern","Golden Idol","Eternal Feather","Orichalcum","Lee\u0027s Waffle","Whetstone","PreservedInsect","Bottled Flame","Omamori","Meat on the Bone"],"potions_floor_usage":[23],"damage_taken":[{"damage":0.0,"enemies":"2 Louse","floor":1.0,"turns":1.0},{"damage":0.0,"enemies":"Jaw Worm","floor":2.0,"turns":1.0},{"damage":0.0,"enemies":"Small Slimes","floor":5.0,"turns":1.0},{"damage":7.0,"enemies":"Gremlin Nob","floor":6.0,"turns":4.0},{"damage":10.0,"enemies":"3 Sentries","floor":8.0,"turns":2.0},{"damage":0.0,"enemies":"Lagavulin","floor":10.0,"turns":4.0},{"damage":18.0,"enemies":"Lagavulin Event","floor":13.0,"turns":4.0},{"damage":47,"enemies":"Hexaghost","floor":16,"turns":9},{"damage":50,"enemies":"Shell Parasite","floor":18,"turns":9},{"damage":52,"enemies":"Gremlin Leader","floor":23,"turns":4},{"damage":73,"enemies":"Slavers","floor":25,"turns":5},{"damage":12,"enemies":"3 Byrds","floor":28,"turns":3},{"damage":35,"enemies":"Book of Stabbing","floor":30,"turns":4},{"damage":72,"enemies":"Champ","floor":33,"turns":10}],"seed_played":"2020622381445151373","potions_obtained":[{"floor":1.0,"key":"SkillPotion"},{"floor":10.0,"key":"Poison Potion"},{"floor":18,"key":"FocusPotion"},{"floor":30,"key":"Swift Potion"}],"is_trial":false,"path_per_floor":["M","M","$","?","M","E","R","E","T","E","?","R","?","?","R","B",null,"M","?","$","?","$","E","R","E","T","?","M","R","E","T","R","B"],"character_chosen":"DEFECT","items_purchased":["Self Repair","Sweeping Beam","Lee\u0027s Waffle","Machine Learning","Self Repair"],"campfire_rested":5,"item_purchase_floors":[3,3,20,20,22],"current_hp_per_floor":[64,64,64,64,64,64,64,61,61,68,57,71,60,60,71,31,61,18,18,78,78,78,40,78,19,19,19,7,45,24,24,65,0],"gold":152,"neow_bonus":"THREE_ENEMY_KILL","is_prod":false,"is_daily":false,"chose_seed":false,"campfire_upgraded":1,"win_rate":0,"timestamp":1551984539,"path_taken":["M","M","$","?","M","E","R","E","T","E","?","R","?","?","R","BOSS","M","?","$","?","$","E","R","E","T","?","M","R","E","?","R","BOSS"],"build_version":"2019-01-23","purchased_purges":0,"victory":false,"max_hp_per_floor":[71,71,71,71,71,71,71,71,71,71,71,71,71,71,71,71,71,71,71,78,78,78,78,78,78,78,78,78,78,78,78,78,78],"card_choices":[{"not_picked":["Auto Shields","Turbo"],"picked":"Cold Snap","floor":1.0},{"not_picked":["Hologram","Sunder"],"picked":"Ball Lightning","floor":2.0},{"not_picked":["Conserve Battery","Coolheaded"],"picked":"White Noise","floor":5.0},{"not_picked":["Tempest","Cold Snap"],"picked":"Storm","floor":6.0},{"not_picked":["Compile Driver","Self Repair"],"picked":"Buffer","floor":8.0},{"not_picked":["Reinforced Body","Coolheaded"],"picked":"Streamline","floor":10.0},{"not_picked":["Rebound","Sweeping Beam"],"picked":"Heatsinks","floor":13.0},{"not_picked":["Biased Cognition","Hyperbeam"],"picked":"Creative AI","floor":16},{"not_picked":["Lockon","Go for the Eyes"],"picked":"Self Repair","floor":18},{"not_picked":["Sweeping Beam","Beam Cell","Hologram"],"picked":"SKIP","floor":23},{"not_picked":["Reboot","Gash"],"picked":"Hello World+1","floor":25},{"not_picked":["Beam Cell","Sweeping Beam"],"picked":"Cold Snap","floor":28},{"not_picked":["Hologram","Steam+1"],"picked":"Chaos","floor":30}],"player_experience":1051177,"relics_obtained":[{"floor":6.0,"key":"Juzu Bracelet"},{"floor":8.0,"key":"Boot"},{"floor":9.0,"key":"Art of War"},{"floor":10.0,"key":"Letter Opener"},{"floor":13.0,"key":"Lantern"},{"floor":23,"key":"Whetstone"},{"floor":25,"key":"PreservedInsect"},{"floor":26,"key":"Bottled Flame"},{"floor":30,"key":"Omamori"},{"floor":31,"key":"Meat on the Bone"}],"event_choices":[{"damage_healed":0.0,"max_hp_gain":0.0,"max_hp_loss":0.0,"gold_gain":0.0,"event_name":"Golden Wing","player_choice":"Ignored","floor":4.0,"gold_loss":0.0,"damage_taken":0.0},{"damage_healed":0.0,"max_hp_gain":0.0,"max_hp_loss":0.0,"gold_gain":75.0,"event_name":"World of Goop","player_choice":"Gather Gold","floor":11.0,"gold_loss":0.0,"damage_taken":11.0},{"damage_healed":0.0,"max_hp_gain":0.0,"max_hp_loss":0.0,"gold_gain":0.0,"event_name":"Dead Adventurer","player_choice":"Searched \u00272\u0027 times","floor":13.0,"gold_loss":0.0,"damage_taken":0.0},{"damage_healed":0.0,"max_hp_gain":0.0,"max_hp_loss":0.0,"gold_gain":0.0,"event_name":"Golden Idol","player_choice":"Take Wound","floor":14.0,"gold_loss":0.0,"damage_taken":0.0,"relics_obtained":["Golden Idol"],"cards_obtained":["Injury"]},{"damage_healed":0,"gold_gain":0,"player_choice":"Opened","damage_taken":0,"relics_obtained":["Orichalcum"],"max_hp_gain":0,"max_hp_loss":0,"event_name":"The Mausoleum","floor":19,"gold_loss":0,"cards_obtained":["Writhe"]},{"damage_healed":0,"gold_gain":0,"player_choice":"Copied","damage_taken":0,"max_hp_gain":0,"max_hp_loss":0,"event_name":"Duplicator","floor":21,"gold_loss":0,"cards_obtained":["Storm"]},{"damage_healed":0,"gold_gain":0,"player_choice":"Ignored","damage_taken":0,"max_hp_gain":0,"max_hp_loss":0,"event_name":"Ghosts","floor":27,"gold_loss":0}],"is_beta":false,"boss_relics":[{"not_picked":["White Beast Statue","Runic Pyramid"],"picked":"Eternal Feather"}],"items_purged_floors":[],"is_endless":false,"potions_floor_spawned":[1,10,18,30],"killed_by":"Champ","ascension_level":16}