{"gold_per_floor":[11,28,28,41,41,41,106,118,118,148,191,214,226,272,284,370,382,413,138,152,152,9,40,40,40],"floor_reached":25,"playtime":912,"items_purged":["Defend_B","Defend_B"],"score":632,"play_id":"37e2f0e8-6e1b-4efe-b49f-fb97e26ef58f","local_time":"20190220165334","is_ascension_mode":true,"campfire_choices":[{"data":"Ball Lightning","floor":6,"key":"SMITH"},{"floor":13,"key":"REST"},{"data":"Consume","floor":15,"key":"SMITH"},{"data":"Seek","floor":24,"key":"SMITH"}],"neow_cost":"NO_GOLD","seed_source_timestamp":17694876561700,"circlet_count":0,"master_deck":["AscendersBane","Strike_B","Strike_B+1","Strike_B","Strike_B","Zap+1","Dualcast","Ball Lightning+1","Glacier","Seek+1","Rebound","Rip and Tear","Consume+1","Creative AI","Cold Snap","Blizzard","Self Repair+1"],"relics":["Cracked Core","FossilizedHelix","Tiny Chest","MawBank","Kunai","Juzu Bracelet","Coffee Dripper","Runic Capacitor","Darkstone Periapt"],"potions_floor_usage":[7,11,14,23,25],"damage_taken":[{"damage":0,"enemies":"Cultist","floor":1,"turns":3},{"damage":0,"enemies":"Jaw Worm","floor":2,"turns":2},{"damage":0,"enemies":"2 Louse","floor":4,"turns":3},{"damage":25,"enemies":"3 Sentries","floor":7,"turns":6},{"damage":0,"enemies":"Blue Slaver","floor":8,"turns":3},{"damage":0,"enemies":"3 Louse","floor":10,"turns":3},{"damage":0,"enemies":"Gremlin Nob","floor":11,"turns":4},{"damage":0,"enemies":"Looter","floor":12,"turns":2},{"damage":14,"enemies":"3 Sentries","floor":14,"turns":9},{"damage":0,"enemies":"Slime Boss","floor":16,"turns":6},{"damage":8,"enemies":"Shell Parasite","floor":18,"turns":4},{"damage":0,"enemies":"Chosen","floor":20,"turns":4},{"damage":28,"enemies":"Gremlin Leader","floor":23,"turns":8},{"damage":21,"enemies":"Slavers","floor":25,"turns":3}],"seed_played":"6002233823846209167","potions_obtained":[{"floor":4,"key":"PowerPotion"},{"floor":7,"key":"Weak Potion"},{"floor":8,"key":"Dexterity Potion"},{"floor":11,"key":"SkillPotion"},{"floor":16,"key":"Fire Potion"}],"is_trial":false,"path_per_floor":["M","M","?","M","?","R","E","M","T","M","E","M","R","E","R","B",null,"M","$","M","?","$","E","R","E"],"character_chosen":"DEFECT","items_purchased":["Runic Capacitor","Blizzard"],"campfire_rested":1,"item_purchase_floors":[19,22],"current_hp_per_floor":[64,64,64,64,43,43,18,18,18,18,18,18,39,25,25,25,60,52,52,52,52,52,24,24,3],"gold":40,"neow_bonus":"ONE_RARE_RELIC","is_prod":false,"is_daily":false,"chose_seed":false,"campfire_upgraded":3,"win_rate":0,"timestamp":1550649214,"path_taken":["M","M","?","?","?","R","E","M","T","M","E","M","R","E","R","BOSS","M","$","M","?","$","E","R","E"],"build_version":"2019-01-23","purchased_purges":2,"victory":false,"max_hp_per_floor":[71,71,71,71,71,71,71,71,71,71,71,71,71,71,71,71,71,71,71,71,71,71,71,71,71],"card_choices":[{"not_picked":["Rebound","Hologram","Conserve Battery"],"picked":"SKIP","floor":1},{"not_picked":["Storm","Skim","Lockon"],"picked":"SKIP","floor":2},{"not_picked":["Storm","Skim","Lockon"],"picked":"SKIP","floor":2},{"not_picked":["Barrage","Lockon"],"picked":"Ball Lightning","floor":4},{"not_picked":["Melter","Go for the Eyes"],"picked":"Glacier","floor":7},{"not_picked":["Aggregate","Compile Driver","Stack"],"picked":"SKIP","floor":8},{"not_picked":["Steam Power","Stack"],"picked":"Seek","floor":10},{"not_picked":["Amplify","Gash"],"picked":"Rebound","floor":11},{"not_picked":["Reprogram","Heatsinks"],"picked":"Rip and Tear","floor":12},{"not_picked":["Coolheaded","Buffer"],"picked":"Consume","floor":14},{"not_picked":["Thunder Strike","Echo Form"],"picked":"Creative AI","floor":16},{"not_picked":["Rebound","Beam Cell","Tempest"],"picked":"SKIP","floor":18},{"not_picked":["Darkness","Consume"],"picked":"Cold Snap","floor":20},{"not_picked":["Compile Driver+1","Multi-Cast"],"picked":"Self Repair+1","floor":23}],"player_experience":1675248,"relics_obtained":[{"floor":7,"key":"Tiny Chest"},{"floor":9,"key":"MawBank"},{"floor":11,"key":"Kunai"},{"floor":14,"key":"Juzu Bracelet"},{"floor":23,"key":"Darkstone Periapt"}],"event_choices":[{"cards_removed":["Defend_B"],"damage_healed":0,"gold_gain":0,"player_choice":"Purged","damage_taken":0,"max_hp_gain":0,"max_hp_loss":0,"event_name":"Purifier","floor":3,"gold_loss":0},{"damage_healed":0,"gold_gain":0,"player_choice":"Entered Light","damage_taken":21,"max_hp_gain":0,"max_hp_loss":0,"event_name":"Shining Light","floor":5,"gold_loss":0,"cards_upgraded":["Zap","Strike_B"]},{"cards_removed":["Defend_B"],"damage_healed":0,"gold_gain":0,"player_choice":"Elegance","damage_taken":0,"max_hp_gain":0,"max_hp_loss":0,"event_name":"Back to Basics","floor":21,"gold_loss":0}],"is_beta":false,"boss_relics":[{"not_picked":["Runic Pyramid","Busted Crown"],"picked":"Coffee Dripper"}],"items_purged_floors":[19,22],"is_endless":false,"potions_floor_spawned":[4,7,8,11,16],"killed_by":"Slavers","ascension_level":20}