{"gold_per_floor":[119,119,135,211,231,231,231,249,249,263,263,296,10,23,23,23],"floor_reached":16,"playtime":434,"items_purged":["Pain"],"score":204,"play_id":"0eb16cde-6dad-4cb6-9787-4cd00b525f8e","local_time":"20190414193507","is_ascension_mode":true,"campfire_choices":[{"data":"Carnage","floor":6,"key":"SMITH"},{"floor":11,"key":"REST"},{"data":"Bash","floor":15,"key":"SMITH"}],"neow_cost":"CURSE","seed_source_timestamp":201561564433100,"circlet_count":0,"master_deck":["AscendersBane","Strike_R","Strike_R","Strike_R","Strike_R+1","Strike_R","Defend_R+1","Defend_R","Defend_R","Defend_R","Bash+1","Shame","Offering","Carnage+1","Seeing Red","Feel No Pain+1","Shrug It Off"],"relics":["Burning Blood","Tiny Chest","WarpedTongs","Frozen Egg 2","Letter Opener"],"potions_floor_usage":[10,14,14],"damage_taken":[{"damage":8,"enemies":"Jaw Worm","floor":1,"turns":3},{"damage":6,"enemies":"Cultist","floor":3,"turns":2},{"damage":10,"enemies":"Small Slimes","floor":5,"turns":2},{"damage":7,"enemies":"Exordium Thugs","floor":8,"turns":4},{"damage":14,"enemies":"Looter","floor":10,"turns":3},{"damage":45,"enemies":"3 Sentries","floor":12,"turns":9},{"damage":6,"enemies":"Large Slime","floor":14,"turns":5},{"damage":22,"enemies":"The Guardian","floor":16,"turns":10}],"seed_played":"8175381848568095379","potions_obtained":[{"floor":1,"key":"Poison Potion"},{"floor":3,"key":"Weak Potion"},{"floor":12,"key":"SkillPotion"},{"floor":14,"key":"SpeedPotion"}],"is_trial":false,"path_per_floor":["M","?","M","T","M","R","?","M","T","M","R","E","$","M","R","B"],"character_chosen":"IRONCLAD","items_purchased":["Feel No Pain+1","Shrug It Off","Regen Potion"],"campfire_rested":1,"item_purchase_floors":[13,13,13],"current_hp_per_floor":[66,43,43,43,39,39,39,38,38,30,52,13,13,27,27,5],"gold":23,"neow_bonus":"THREE_RARE_CARDS","is_prod":false,"is_daily":false,"chose_seed":false,"campfire_upgraded":2,"win_rate":0,"timestamp":1555238107,"path_taken":["M","?","M","?","?","R","?","M","T","?","R","E","$","M","R","BOSS"],"build_version":"2019-01-23","purchased_purges":1,"victory":false,"max_hp_per_floor":[75,75,75,75,75,75,75,75,75,75,75,75,75,75,75,75],"card_choices":[{"not_picked":["Reaper","Berserk"],"picked":"Offering","floor":0},{"not_picked":["Perfected Strike","Burning Pact","Body Slam"],"picked":"SKIP","floor":1},{"not_picked":["Reckless Charge","Feel No Pain"],"picked":"Carnage","floor":3},{"not_picked":["Combust","Iron Wave","Rampage"],"picked":"SKIP","floor":5},{"not_picked":["Armaments","Body Slam","Spot Weakness"],"picked":"SKIP","floor":8},{"not_picked":["Armaments","Dropkick","Combust+1"],"picked":"SKIP","floor":10},{"not_picked":["Sword Boomerang","Dual Wield"],"picked":"Seeing Red","floor":12},{"not_picked":["Body Slam","Anger","Rage"],"picked":"SKIP","floor":14}],"player_experience":3133079,"relics_obtained":[{"floor":4,"key":"Tiny Chest"},{"floor":9,"key":"Frozen Egg 2"},{"floor":12,"key":"Letter Opener"}],"event_choices":[{"damage_healed":0,"gold_gain":0,"player_choice":"Entered Light","damage_taken":23,"max_hp_gain":0,"max_hp_loss":0,"event_name":"Shining Light","floor":2,"gold_loss":0,"cards_upgraded":["Strike_R","Defend_R"]},{"damage_healed":0,"gold_gain":0,"player_choice":"Rummage","damage_taken":0,"relics_obtained":["WarpedTongs"],"max_hp_gain":0,"max_hp_loss":0,"event_name":"Accursed Blacksmith","floor":7,"gold_loss":0,"cards_obtained":["Pain"]}],"is_beta":false,"boss_relics":[],"items_purged_floors":[13],"is_endless":false,"potions_floor_spawned":[1,3,12,14],"killed_by":"The Guardian","ascension_level":20}