{"gold_per_floor":[114,164,164,20,20,20,54,72,98,98,117,128,163,24,24,100,100,120,45,65,115,115],"floor_reached":22,"playtime":1664,"items_purged":[],"score":346,"play_id":"893236c6-935d-490e-a54c-11c887f52fca","local_time":"20190307095903","is_ascension_mode":true,"campfire_choices":[{"floor":6,"key":"REST"},{"floor":10,"key":"REST"},{"data":"Zap","floor":15,"key":"SMITH"}],"neow_cost":"NONE","seed_source_timestamp":146059376191525,"circlet_count":0,"master_deck":["AscendersBane","Strike_B","Strike_B","Strike_B","Strike_B","Defend_B","Defend_B","Defend_B","Defend_B","Zap+1","Dualcast","Undo","Loop","Fusion","Hello World","Streamline","Glacier","Streamline","Heatsinks","Core Surge","Chill","Static Discharge","Barrage"],"special_seed":0,"relics":["Cracked Core","Torii","Orichalcum","Bottled Lightning","Eternal Feather"],"potions_floor_usage":[7,12,13,18],"damage_taken":[{"damage":2.0,"enemies":"Jaw Worm","floor":1.0,"turns":4.0},{"damage":20,"enemies":"Lagavulin","floor":7,"turns":7},{"damage":0,"enemies":"Cultist","floor":8,"turns":3},{"damage":0,"enemies":"Small Slimes","floor":11,"turns":3},{"damage":1,"enemies":"Exordium Wildlife","floor":12,"turns":4},{"damage":1,"enemies":"3 Sentries","floor":13,"turns":8},{"damage":30,"enemies":"Slime Boss","floor":16,"turns":12},{"damage":0,"enemies":"Shell Parasite","floor":18,"turns":11},{"damage":34,"enemies":"3 Byrds","floor":20,"turns":6},{"damage":29,"enemies":"Sentry and Sphere","floor":22,"turns":5}],"seed_played":"4816910133183351716","potions_obtained":[{"floor":0.0,"key":"FocusPotion"},{"floor":0.0,"key":"SpeedPotion"},{"floor":1.0,"key":"Dexterity Potion"},{"floor":7,"key":"SkillPotion"},{"floor":13,"key":"Ancient Potion"},{"floor":18,"key":"FocusPotion"}],"is_trial":false,"path_per_floor":["M","?","$","$","?","R","E","M","T","R","M","M","E","$","R","B",null,"M","$","M","?","M"],"character_chosen":"DEFECT","items_purchased":["Loop","PowerPotion","Heatsinks","SkillPotion","Static Discharge"],"campfire_rested":2,"item_purchase_floors":[4,4,14,14,19],"current_hp_per_floor":[62,55,55,55,55,71,51,51,51,71,71,70,69,69,69,39,63,63,63,29,29,0],"gold":115,"neow_bonus":"THREE_SMALL_POTIONS","is_prod":false,"is_daily":false,"chose_seed":false,"campfire_upgraded":1,"win_rate":0,"timestamp":1551945543,"path_taken":["M","?","?","$","?","R","E","?","T","R","M","?","E","$","R","BOSS","M","$","M","?","?"],"build_version":"2019-01-23","purchased_purges":0,"victory":false,"max_hp_per_floor":[71,71,71,71,71,71,71,71,71,71,71,71,71,71,71,71,71,71,71,71,71,71],"card_choices":[{"not_picked":["Gash","Go for the Eyes"],"picked":"Undo","floor":1.0},{"not_picked":["Sweeping Beam","Go for the Eyes"],"picked":"Fusion","floor":7},{"not_picked":["Go for the Eyes","Recycle"],"picked":"Hello World","floor":8},{"not_picked":["Turbo","Aggregate"],"picked":"Streamline","floor":11},{"not_picked":["Hologram","Genetic Algorithm"],"picked":"Glacier","floor":12},{"not_picked":["Stack","Turbo"],"picked":"Streamline","floor":13},{"not_picked":["All For One","Multi-Cast"],"picked":"Core Surge","floor":16},{"not_picked":["Go for the Eyes","Stack"],"picked":"Chill","floor":18},{"not_picked":["Sweeping Beam","Lockon"],"picked":"Barrage","floor":20}],"player_experience":1049513,"relics_obtained":[{"floor":7,"key":"Torii"},{"floor":9,"key":"Orichalcum"},{"floor":13,"key":"Bottled Lightning"}],"event_choices":[{"damage_healed":0,"gold_gain":50,"player_choice":"Touch","damage_taken":7,"max_hp_gain":0,"max_hp_loss":0,"event_name":"FaceTrader","floor":2,"gold_loss":0},{"damage_healed":0,"gold_gain":0,"player_choice":"Leave","damage_taken":0,"max_hp_gain":0,"max_hp_loss":0,"event_name":"The Cleric","floor":5,"gold_loss":0},{"damage_healed":0,"gold_gain":50,"player_choice":"Pray","damage_taken":0,"max_hp_gain":0,"max_hp_loss":0,"event_name":"Golden Shrine","floor":21,"gold_loss":0}],"is_beta":false,"boss_relics":[{"not_picked":["Cursed Key","Astrolabe"],"picked":"Eternal Feather"}],"items_purged_floors":[],"is_endless":false,"potions_floor_spawned":[1,7,13,18],"killed_by":"Sentry and Sphere","ascension_level":16}