{"gold_per_floor":[16,16,91,102,117,117,151,76,76,96,121,121,150,150,150,150],"floor_reached":16,"playtime":638,"items_purged":["Strike_R"],"score":216,"play_id":"837f7527-3551-442e-93e1-940f75fa122e","local_time":"20190421201114","is_ascension_mode":true,"campfire_choices":[{"data":"Discovery","floor":6,"key":"SMITH"},{"floor":12,"key":"REST"},{"data":"Shrug It Off","floor":15,"key":"SMITH"}],"neow_cost":"NO_GOLD","seed_source_timestamp":490259761459000,"circlet_count":0,"master_deck":["AscendersBane","Strike_R","Strike_R","Strike_R","Strike_R","Defend_R","Defend_R","Defend_R","Defend_R","Bash","Discovery+1","Deep Breath","Shrug It Off+1","Carnage","Barricade+1"],"relics":["Burning Blood","Dodecahedron","Bottled Lightning","Odd Mushroom","Magic Flower"],"potions_floor_usage":[11,11,16],"damage_taken":[{"damage":4,"enemies":"2 Louse","floor":1,"turns":2},{"damage":2,"enemies":"Jaw Worm","floor":4,"turns":2},{"damage":12,"enemies":"Cultist","floor":5,"turns":4},{"damage":34,"enemies":"Lagavulin","floor":7,"turns":8},{"damage":0,"enemies":"3 Louse","floor":10,"turns":1},{"damage":27,"enemies":"The Mushroom Lair","floor":11,"turns":6},{"damage":27,"enemies":"3 Sentries","floor":13,"turns":8},{"damage":30,"enemies":"Hexaghost","floor":16,"turns":25}],"seed_played":"2088131097150711572","potions_obtained":[{"floor":5,"key":"SkillPotion"},{"floor":10,"key":"BloodPotion"},{"floor":13,"key":"Dexterity Potion"}],"is_trial":false,"path_per_floor":["M","?","?","M","M","R","E","$","T","M","?","R","E","?","R","B"],"character_chosen":"IRONCLAD","items_purchased":[],"campfire_rested":1,"item_purchase_floors":[],"current_hp_per_floor":[70,75,64,68,62,62,34,34,34,40,27,51,30,30,30,0],"gold":150,"neow_bonus":"RANDOM_COLORLESS_2","is_prod":false,"is_daily":false,"chose_seed":false,"campfire_upgraded":2,"win_rate":0,"timestamp":1555845074,"path_taken":["M","?","?","M","M","R","E","?","T","?","?","R","E","?","R","BOSS"],"build_version":"2019-01-23","purchased_purges":1,"victory":false,"max_hp_per_floor":[75,80,80,80,80,80,80,80,80,80,80,80,80,80,80,80],"card_choices":[{"not_picked":["Cleave","Anger","Pommel Strike"],"picked":"SKIP","floor":1},{"not_picked":["Intimidate","Flex","Wild Strike"],"picked":"SKIP","floor":4},{"not_picked":["Warcry","Dual Wield"],"picked":"Shrug It Off","floor":5},{"not_picked":["Power Through","Flex"],"picked":"Carnage","floor":7},{"not_picked":["Perfected Strike","Heavy Blade","Twin Strike"],"picked":"SKIP","floor":10},{"not_picked":["Sever Soul","Corruption"],"picked":"Barricade","floor":11},{"not_picked":["Flex","Perfected Strike","Anger"],"picked":"SKIP","floor":13}],"player_experience":3284974,"relics_obtained":[{"floor":7,"key":"Dodecahedron"},{"floor":9,"key":"Bottled Lightning"},{"floor":11,"key":"Odd Mushroom"},{"floor":13,"key":"Magic Flower"}],"event_choices":[{"damage_healed":0,"gold_gain":0,"player_choice":"Donut","damage_taken":0,"max_hp_gain":5,"max_hp_loss":0,"event_name":"Big Fish","floor":2,"gold_loss":0},{"damage_healed":0,"gold_gain":75,"player_choice":"Gather Gold","damage_taken":11,"max_hp_gain":0,"max_hp_loss":0,"event_name":"World of Goop","floor":3,"gold_loss":0},{"damage_healed":0,"gold_gain":0,"player_choice":"Fought Mushrooms","damage_taken":0,"max_hp_gain":0,"max_hp_loss":0,"event_name":"Mushrooms","floor":11,"gold_loss":0},{"damage_healed":0,"gold_gain":0,"player_choice":"Grow","damage_taken":0,"max_hp_gain":0,"max_hp_loss":0,"event_name":"Living Wall","floor":14,"gold_loss":0,"cards_upgraded":["Barricade"]}],"is_beta":false,"boss_relics":[],"items_purged_floors":[8],"is_endless":false,"potions_floor_spawned":[5,10,13],"killed_by":"Hexaghost","ascension_level":20}