{"gold_per_floor":[118,130,147,157,168,202,202,217,217,28,28,28,28,44,44,140,140,157,256,270,284,295,295,309,309,333,350,363,363],"floor_reached":29,"playtime":2093,"items_purged":[],"score":283,"play_id":"00110896-b740-4faa-a61d-f70e981b49bc","local_time":"20180827200150","is_ascension_mode":false,"campfire_choices":[{"floor":11,"key":"REST"},{"data":"Metamorphosis","floor":13,"key":"SMITH"},{"data":"Dual Wield","floor":15,"key":"SMITH"},{"floor":23,"key":"REST"},{"floor":25,"key":"REST"}],"neow_cost":"NONE","seed_source_timestamp":1041807469937804,"circlet_count":0,"master_deck":["Strike_R","Strike_R","Strike_R","Strike_R","Strike_R","Defend_R","Defend_R","Defend_R","Bash+1","Exhume","Anger+1","Dual Wield+1","Metamorphosis+1","Rage+1","Dual Wield","Clash"],"relics":["Burning Blood","Whetstone","Shuriken","Happy Flower","Omamori"],"potions_floor_usage":[6,6,14,21,21,22,24],"damage_taken":[{"damage":6,"enemies":"Cultist","floor":1,"turns":4},{"damage":1,"enemies":"2 Louse","floor":2,"turns":3},{"damage":6,"enemies":"Jaw Worm","floor":3,"turns":3},{"damage":9,"enemies":"3 Louse","floor":4,"turns":4},{"damage":6,"enemies":"Blue Slaver","floor":5,"turns":4},{"damage":28,"enemies":"Lagavulin","floor":6,"turns":8},{"damage":10,"enemies":"Looter","floor":8,"turns":3},{"damage":7,"enemies":"Gremlin Gang","floor":14,"turns":5},{"damage":0,"enemies":"Slime Boss","floor":16,"turns":5},{"damage":10,"enemies":"Chosen","floor":18,"turns":4},{"damage":22,"enemies":"Shell Parasite","floor":20,"turns":4},{"damage":45,"enemies":"3 Cultists","floor":21,"turns":6},{"damage":18,"enemies":"Shelled Parasite and Fungi","floor":22,"turns":3},{"damage":27,"enemies":"Snake Plant","floor":24,"turns":4},{"damage":5,"enemies":"3 Cultists","floor":27,"turns":4},{"damage":42,"enemies":"Chosen and Byrds","floor":28,"turns":6},{"damage":17,"enemies":"Snake Plant","floor":29,"turns":2}],"seed_played":"720795673309560946","potions_obtained":[{"floor":4,"key":"Block Potion"},{"floor":5,"key":"Regen Potion"},{"floor":8,"key":"Poison Potion"},{"floor":16,"key":"Poison Potion"},{"floor":18,"key":"Regen Potion"},{"floor":20,"key":"PowerPotion"},{"floor":22,"key":"SteroidPotion"}],"is_trial":false,"path_per_floor":["M","M","M","M","M","E","?","M","T","$","R","$","R","M","R","B",null,"M","?","M","M","M","R","M","R","T","M","M"],"character_chosen":"IRONCLAD","items_purchased":["Metamorphosis"],"campfire_rested":3,"item_purchase_floors":[10],"current_hp_per_floor":[80,80,80,77,77,67,55,51,51,51,75,75,75,74,74,80,80,76,76,60,35,23,47,26,50,50,51,15,0],"gold":363,"neow_bonus":"TRANSFORM_CARD","is_prod":false,"is_daily":false,"chose_seed":false,"campfire_upgraded":2,"win_rate":0,"timestamp":1535389310,"path_taken":["M","M","?","?","?","E","?","M","T","$","R","?","R","M","R","BOSS","M","?","M","?","M","R","M","R","T","M","M","M"],"build_version":"2018-08-23v2","purchased_purges":0,"victory":false,"max_hp_per_floor":[80,80,80,80,80,80,80,80,80,80,80,80,80,80,80,80,80,80,80,80,80,80,80,80,80,80,80,80,80],"card_choices":[{"not_picked":["Havoc","Twin Strike","Iron Wave"],"picked":"SKIP","floor":1},{"not_picked":["Pummel","Twin Strike","Sentinel"],"picked":"SKIP","floor":2},{"not_picked":["Clothesline","Combust"],"picked":"Anger","floor":3},{"not_picked":["Flex","Perfected Strike","Armaments"],"picked":"SKIP","floor":4},{"not_picked":["Blood for Blood","Exhume","Spot Weakness"],"picked":"SKIP","floor":5},{"not_picked":["Feel No Pain","Infernal Blade"],"picked":"Dual Wield","floor":6},{"not_picked":["Twin Strike","Cleave","Headbutt"],"picked":"SKIP","floor":8},{"not_picked":["Warcry","Armaments","Clothesline"],"picked":"SKIP","floor":14},{"not_picked":["Sword Boomerang","Second Wind","Havoc"],"picked":"SKIP","floor":18},{"not_picked":["Clothesline","Pommel Strike+1"],"picked":"Rage+1","floor":20},{"not_picked":["Infernal Blade","Heavy Blade","Sword Boomerang"],"picked":"SKIP","floor":21},{"not_picked":["Sword Boomerang","True Grit"],"picked":"Dual Wield","floor":22},{"not_picked":["Thunderclap+1","Havoc+1","Hemokinesis+1"],"picked":"SKIP","floor":24},{"not_picked":["Flex","Havoc","Perfected Strike"],"picked":"SKIP","floor":27},{"not_picked":["Body Slam","Flame Barrier"],"picked":"Clash","floor":28}],"player_experience":661051,"relics_obtained":[{"floor":6,"key":"Whetstone"},{"floor":9,"key":"Happy Flower"},{"floor":26,"key":"Omamori"}],"event_choices":[{"event_name":"Scrap Ooze","player_choice":"success","floor":7,"damage_taken":12},{"event_name":"Nest","player_choice":"Stole From Cult","floor":19,"damage_taken":0}],"is_beta":false,"boss_relics":[{"not_picked":["Coffee Dripper","Runic Dome","Pandora\u0027s Box"]}],"items_purged_floors":[],"is_endless":false,"potions_floor_spawned":[4,5,8,16,18,20,22],"killed_by":"Snake Plant","ascension_level":0}