{"gold_per_floor":[112,112,131,131,143,170,170,2,2,21,42,69,119,150,150,229,229,246,258,268,0,13,13,45,59,59,77,77,77,108,468,468,544,544,559,62,78,88,101,101],"floor_reached":40,"playtime":1356,"items_purged":["Strike_R","Rampage"],"score":1046,"play_id":"145088c9-3131-498d-8ffb-158cb522431b","local_time":"20190327123313","is_ascension_mode":true,"campfire_choices":[{"data":"Carnage","floor":7.0,"key":"SMITH"},{"data":"Armaments","floor":15,"key":"SMITH"},{"floor":23,"key":"RECALL"},{"floor":28,"key":"REST"},{"floor":32,"key":"REST"}],"neow_cost":"NONE","seed_source_timestamp":35271866082500,"circlet_count":0,"master_deck":["AscendersBane","Bash","Armaments+1","Spot Weakness","Carnage+1","True Grit","Immolate","Body Slam+1","Disarm","Carnage+1","Fire Breathing","Perfected Strike","Second Wind","Reaper","Pummel","Burning Pact","Pummel","Immolate","Disarm","Metallicize","True Grit","Offering","Feel No Pain","Feed","Ghostly Armor+1"],"special_seed":0,"relics":["Burning Blood","NeowsBlessing","Ornamental Fan","Pen Nib","Lantern","Odd Mushroom","Bag of Marbles","Paper Frog","Fusion Hammer","Membership Card","Potion Belt","Pear","Mercury Hourglass","Pandora\u0027s Box","Self Forming Clay"],"potions_floor_usage":[16,19,33,35,39],"damage_taken":[{"damage":0.0,"enemies":"Cultist","floor":1.0,"turns":1.0},{"damage":0.0,"enemies":"Small Slimes","floor":3.0,"turns":2.0},{"damage":0.0,"enemies":"Jaw Worm","floor":5.0,"turns":1.0},{"damage":28.0,"enemies":"Gremlin Nob","floor":6.0,"turns":4.0},{"damage":5,"enemies":"Large Slime","floor":10,"turns":4},{"damage":9,"enemies":"The Mushroom Lair","floor":11,"turns":4},{"damage":23,"enemies":"Lagavulin","floor":12,"turns":7},{"damage":29,"enemies":"3 Sentries","floor":14,"turns":9},{"damage":0,"enemies":"Slime Boss","floor":16,"turns":8},{"damage":0,"enemies":"2 Thieves","floor":18,"turns":1},{"damage":33,"enemies":"3 Byrds","floor":19,"turns":6},{"damage":0,"enemies":"Snake Plant","floor":20,"turns":1},{"damage":7,"enemies":"Centurion and Healer","floor":22,"turns":5},{"damage":22,"enemies":"Slavers","floor":24,"turns":3},{"damage":6,"enemies":"Snecko","floor":25,"turns":3},{"damage":0,"enemies":"Cultist and Chosen","floor":27,"turns":3},{"damage":18,"enemies":"Book of Stabbing","floor":30,"turns":3},{"damage":100,"enemies":"Automaton","floor":33,"turns":8},{"damage":13,"enemies":"3 Darklings","floor":35,"turns":3},{"damage":6,"enemies":"3 Shapes","floor":37,"turns":4},{"damage":41,"enemies":"Sphere and 2 Shapes","floor":38,"turns":5},{"damage":35,"enemies":"Writhing Mass","floor":39,"turns":6},{"damage":7,"enemies":"Nemesis","floor":40,"turns":2}],"seed_played":"-7063226019765205653","potions_obtained":[{"floor":1.0,"key":"Strength Potion"},{"floor":11,"key":"EssenceOfSteel"},{"floor":12,"key":"FairyPotion"},{"floor":14,"key":"PowerPotion"},{"floor":18,"key":"Poison Potion"},{"floor":24,"key":"SteroidPotion"},{"floor":30,"key":"Fire Potion"},{"floor":37,"key":"Ancient Potion"}],"is_trial":false,"path_per_floor":["M","?","M","?","M","E","R","$","T","M","?","E","?","E","R","B",null,"M","M","M","$","M","R","E","M","T","M","R","?","E","?","R","B",null,"M","$","M","M","M","E"],"character_chosen":"IRONCLAD","items_purchased":["Lantern","Membership Card","Self Forming Clay","Offering","Feel No Pain","Feed","GamblersBrew","Strength Potion","Swift Potion"],"campfire_rested":2,"item_purchase_floors":[8,21,36,36,36,36,36,36,36],"current_hp_per_floor":[74,63,69,69,75,53,53,53,53,54,51,34,34,11,11,17,61,67,40,46,46,45,45,29,29,39,45,70,70,58,18,43,14,67,76,76,79,48,26,19],"gold":101,"neow_bonus":"THREE_ENEMY_KILL","is_prod":false,"is_daily":false,"chose_seed":false,"campfire_upgraded":2,"win_rate":0,"timestamp":1553657593,"path_taken":["M","?","M","?","M","E","R","?","T","M","?","E","?","E","R","BOSS","M","M","M","$","?","R","E","M","T","M","R","?","E","?","R","BOSS","M","$","?","?","M","E"],"build_version":"2019-01-23","purchased_purges":2,"victory":false,"max_hp_per_floor":[75,75,75,75,75,75,75,75,75,75,75,75,75,75,75,75,75,75,75,75,75,75,75,75,75,85,85,85,85,85,85,85,85,85,85,85,88,92,92,92],"card_choices":[{"not_picked":["Dual Wield","Perfected Strike"],"picked":"Armaments","floor":1.0},{"not_picked":["Fire Breathing","Reckless Charge"],"picked":"Spot Weakness","floor":3.0},{"not_picked":["Hemokinesis","Headbutt","Searing Blow"],"picked":"SKIP","floor":5.0},{"not_picked":["Inflame","Uppercut"],"picked":"Carnage","floor":6.0},{"not_picked":["Thunderclap","Body Slam"],"picked":"True Grit","floor":10},{"not_picked":["Cleave","Bloodletting","Headbutt"],"picked":"SKIP","floor":12},{"not_picked":["Twin Strike","Bloodletting","Infernal Blade"],"picked":"SKIP","floor":14},{"not_picked":["Berserk","Limit Break"],"picked":"Immolate","floor":16},{"not_picked":["Armaments","Dropkick"],"picked":"Body Slam+1","floor":18},{"not_picked":["Armaments","Warcry","Fire Breathing"],"picked":"SKIP","floor":19},{"not_picked":["Seeing Red","Perfected Strike"],"picked":"Disarm","floor":20},{"not_picked":["Blood for Blood","Burning Pact"],"picked":"Carnage+1","floor":22},{"not_picked":["Dark Embrace","Armaments"],"picked":"Rampage","floor":24},{"not_picked":["Flex","Anger","Body Slam"],"picked":"SKIP","floor":25},{"not_picked":["Seeing Red","Sword Boomerang","Clash+1"],"picked":"SKIP","floor":27},{"not_picked":["Iron Wave","Carnage+1"],"picked":"Second Wind","floor":30},{"not_picked":["Limit Break","Juggernaut"],"picked":"Reaper","floor":33},{"not_picked":["Cleave+1","Heavy Blade"],"picked":"True Grit","floor":35},{"not_picked":["Dropkick","Flex","Fiend Fire"],"picked":"SKIP","floor":37},{"not_picked":["Wild Strike+1","Clash+1"],"picked":"Ghostly Armor+1","floor":38},{"not_picked":["Fire Breathing","Warcry","Thunderclap"],"picked":"SKIP","floor":39}],"player_experience":2623697,"relics_obtained":[{"floor":6.0,"key":"Pen Nib"},{"floor":11,"key":"Odd Mushroom"},{"floor":12,"key":"Bag of Marbles"},{"floor":14,"key":"Paper Frog"},{"floor":24,"key":"Potion Belt"},{"floor":26,"key":"Pear"},{"floor":30,"key":"Mercury Hourglass"}],"event_choices":[{"damage_healed":0.0,"max_hp_gain":0.0,"max_hp_loss":0.0,"gold_gain":0.0,"event_name":"Scrap Ooze","player_choice":"Success","floor":2.0,"gold_loss":0.0,"damage_taken":11.0,"relics_obtained":["Ornamental Fan"]},{"damage_healed":0.0,"max_hp_gain":0.0,"max_hp_loss":0.0,"gold_gain":0.0,"event_name":"Liars Game","player_choice":"Ignored","floor":4.0,"gold_loss":0.0,"damage_taken":0.0},{"damage_healed":0,"gold_gain":0,"player_choice":"Fought Mushrooms","damage_taken":0,"max_hp_gain":0,"max_hp_loss":0,"event_name":"Mushrooms","floor":11,"gold_loss":0},{"damage_healed":0,"gold_gain":50,"player_choice":"Pray","damage_taken":0,"max_hp_gain":0,"max_hp_loss":0,"event_name":"Golden Shrine","floor":13,"gold_loss":0},{"damage_healed":0,"gold_gain":0,"cards_transformed":["Strike_R","Strike_R"],"player_choice":"Became Test Subject","damage_taken":0,"max_hp_gain":0,"max_hp_loss":0,"event_name":"Drug Dealer","floor":29,"gold_loss":0,"cards_obtained":["Fire Breathing","Perfected Strike"]},{"damage_healed":0,"gold_gain":360,"player_choice":"GOLD GOLD GOLD GOLD ","damage_taken":40,"max_hp_gain":0,"max_hp_loss":0,"event_name":"Knowing Skull","floor":31,"potions_obtained":[],"gold_loss":0,"cards_obtained":[]}],"is_beta":false,"boss_relics":[{"not_picked":["White Beast Statue","Lizard Tail"],"picked":"Fusion Hammer"},{"not_picked":["Black Blood","Tiny House"],"picked":"Pandora\u0027s Box"}],"items_purged_floors":[21,36],"is_endless":false,"potions_floor_spawned":[1,11,12,14,18,24,30,37],"killed_by":"Nemesis","ascension_level":20}