{"gold_per_floor":[219,144,144,46,121,121,139,156,156,156,170,22,33,33,33,138,138,158,173,10,23,23,55,71,91,91,91,91,52,52,72,72,72],"floor_reached":33,"playtime":1506,"items_purged":["Strike_R","Defend_R"],"score":257,"play_id":"5eedf482-1370-4aee-b6c8-06d33ae1e912","local_time":"20180814132727","is_ascension_mode":false,"campfire_choices":[{"data":"Flash of Steel","floor":6.0,"key":"SMITH"},{"data":"Bash","floor":10.0,"key":"SMITH"},{"data":"Strike_R","floor":15.0,"key":"SMITH"},{"floor":30,"key":"REST"},{"floor":32,"key":"REST"}],"neow_cost":"NONE","seed_source_timestamp":0,"circlet_count":0,"master_deck":["Strike_R","Strike_R","Strike_R+1","Defend_R","Defend_R","Bash+1","Flash of Steel+1","Clash","Double Tap+1","Rage","Fire Breathing"],"special_seed":0,"relics":["Burning Blood","Shuriken","Empty Cage","Gremlin Horn","Bottled Flame"],"potions_floor_usage":[24,33],"damage_taken":[{"damage":1.0,"enemies":"Cultist","floor":1.0,"turns":3.0},{"damage":0.0,"enemies":"Small Slimes","floor":7.0,"turns":3.0},{"damage":0.0,"enemies":"2 Louse","floor":8.0,"turns":3.0},{"damage":12.0,"enemies":"Exordium Thugs","floor":11.0,"turns":5.0},{"damage":2.0,"enemies":"Blue Slaver","floor":13.0,"turns":2.0},{"damage":71.0,"enemies":"The Guardian","floor":16.0,"turns":9.0},{"damage":15.0,"enemies":"Spheric Guardian","floor":18.0,"turns":3.0},{"damage":10.0,"enemies":"Chosen","floor":19.0,"turns":3.0},{"damage":33.0,"enemies":"Centurion and Healer","floor":21.0,"turns":5.0},{"damage":35.0,"enemies":"Slavers","floor":23.0,"turns":5.0},{"damage":5,"enemies":"Cultist and Chosen","floor":24,"turns":4},{"damage":4,"enemies":"3 Cultists","floor":25,"turns":5},{"damage":5,"enemies":"Chosen and Byrds","floor":31,"turns":3},{"damage":77,"enemies":"Automaton","floor":33,"turns":8}],"seed_played":"-7507163761706122832","potions_obtained":[{"floor":1.0,"key":"SpeedPotion"},{"floor":13.0,"key":"GamblersBrew"},{"floor":16.0,"key":"LiquidBronze"},{"floor":19.0,"key":"Fire Potion"},{"floor":23.0,"key":"GamblersBrew"},{"floor":31,"key":"GamblersBrew"}],"is_trial":false,"path_per_floor":["M","$","?","$","?","R","M","M","T","R","M","$","M","?","R","B",null,"M","M","$","M","$","E","M","M","T","?","?","$","R","M","R"],"character_chosen":"IRONCLAD","items_purchased":["Flash of Steel","SteroidPotion","Double Tap","Fire Breathing"],"campfire_rested":2,"item_purchase_floors":[4,12,20,29],"current_hp_per_floor":[80,80,80,80,69,69,75,80,80,80,74,74,78,83,83,18,85,76,72,72,45,45,16,17,19,19,19,19,19,44,45,70,0],"gold":72,"neow_bonus":"HUNDRED_GOLD","is_prod":false,"is_daily":false,"chose_seed":false,"campfire_upgraded":3,"win_rate":0,"timestamp":1534242447,"path_taken":["M","$","?","?","?","R","?","M","T","R","M","$","M","?","R","BOSS","M","M","$","M","$","E","M","?","T","?","?","$","R","?","R","BOSS"],"build_version":"2018-08-09","purchased_purges":2,"victory":false,"max_hp_per_floor":[80,80,80,80,80,80,80,80,80,80,80,80,80,85,85,85,85,85,85,85,85,85,85,85,85,85,85,85,85,85,85,85,85],"card_choices":[{"not_picked":["Second Wind","Warcry","Sword Boomerang"],"picked":"SKIP","floor":1.0},{"not_picked":["Body Slam","Evolve","Infernal Blade"],"picked":"SKIP","floor":7.0},{"not_picked":["Combust","Pommel Strike","Wild Strike"],"picked":"SKIP","floor":8.0},{"not_picked":["True Grit","Flex","Sentinel"],"picked":"SKIP","floor":11.0},{"not_picked":["Feel No Pain","Iron Wave","Corruption"],"picked":"SKIP","floor":13.0},{"not_picked":["Wild Strike","Twin Strike+1","Iron Wave"],"picked":"SKIP","floor":18.0},{"not_picked":["Uppercut","Blood for Blood"],"picked":"Clash","floor":19.0},{"not_picked":["Carnage+1","Warcry","Sever Soul"],"picked":"SKIP","floor":21.0},{"not_picked":["Warcry","Perfected Strike"],"picked":"Rage","floor":23.0},{"not_picked":["Ghostly Armor+1","Heavy Blade","Impervious"],"picked":"SKIP","floor":24},{"not_picked":["Headbutt+1","Rupture","Inflame+1"],"picked":"SKIP","floor":25},{"not_picked":["Fire Breathing","Warcry+1","Feel No Pain"],"picked":"SKIP","floor":31}],"player_experience":637934,"relics_obtained":[{"floor":9.0,"key":"Shuriken"},{"floor":23.0,"key":"Gremlin Horn"},{"floor":26,"key":"Bottled Flame"}],"event_choices":[{"event_name":"Shining Light","player_choice":"Ignored","floor":3.0,"damage_taken":0.0},{"event_name":"World of Goop","player_choice":"Gather Gold","floor":5.0,"damage_taken":0.0},{"event_name":"Big Fish","player_choice":"Donut","floor":14.0,"damage_taken":0.0},{"event_name":"Vampires","player_choice":"Ignored","floor":27,"damage_taken":0},{"event_name":"Accursed Blacksmith","player_choice":"Forge","floor":28,"damage_taken":0}],"is_beta":false,"boss_relics":[{"not_picked":["Orrery","Runic Dome"],"picked":"Empty Cage"}],"items_purged_floors":[2,12],"is_endless":false,"potions_floor_spawned":[1,13,16,19,23,31],"killed_by":"Automaton","ascension_level":0}