{"gold_per_floor":[110,120,131,148,160,186,151,177,177,203,203,203,128,147,147,248,248,233,153,172,172,192,192,227,227,227,227],"floor_reached":27,"playtime":1573,"items_purged":[],"score":266,"play_id":"20ca162e-93ab-4d77-b3b2-bec70bace38a","local_time":"20181125211038","is_ascension_mode":true,"campfire_choices":[{"data":"Limit Break","floor":12,"key":"SMITH"},{"data":"Flex","floor":15,"key":"SMITH"},{"floor":23,"key":"REST"}],"neow_cost":"NONE","seed_source_timestamp":116420148463983,"circlet_count":0,"master_deck":["Strike_R","Strike_R","Strike_R","Strike_R","Strike_R","Defend_R","Defend_R","Defend_R","Defend_R","Bash","Headbutt","Pommel Strike","Dark Embrace","True Grit","Flex+1","Limit Break+1","Pommel Strike","Exhume","Parasite","Corruption","Second Wind","Demon Form","Sentinel+1","Double Tap","Warcry","Flex+1","Combust"],"relics":["Burning Blood","Strawberry","Vajra","Bottled Tornado","Torii","Black Star","Enchiridion","Mummified Hand","Bottled Lightning","Lantern"],"potions_floor_usage":[6,8,8,10,18,24,24],"damage_taken":[{"damage":0,"enemies":"Small Slimes","floor":1,"turns":3},{"damage":6,"enemies":"Jaw Worm","floor":2,"turns":4},{"damage":6,"enemies":"Cultist","floor":3,"turns":3},{"damage":5,"enemies":"Looter","floor":4,"turns":3},{"damage":5,"enemies":"Exordium Wildlife","floor":5,"turns":5},{"damage":29,"enemies":"3 Sentries","floor":6,"turns":7},{"damage":24,"enemies":"Lagavulin","floor":8,"turns":4},{"damage":16,"enemies":"Gremlin Nob","floor":10,"turns":3},{"damage":12,"enemies":"Blue Slaver","floor":14,"turns":2},{"damage":52,"enemies":"Slime Boss","floor":16,"turns":13},{"damage":18,"enemies":"2 Thieves","floor":18,"turns":4},{"damage":17,"enemies":"Shell Parasite","floor":20,"turns":8},{"damage":39,"enemies":"Shelled Parasite and Fungi","floor":22,"turns":7},{"damage":24,"enemies":"Slavers","floor":24,"turns":6},{"damage":28,"enemies":"Book of Stabbing","floor":27,"turns":2}],"seed_played":"-2461256933807770970","potions_obtained":[{"floor":0,"key":"Poison Potion"},{"floor":0,"key":"Poison Potion"},{"floor":0,"key":"SpeedPotion"},{"floor":2,"key":"Strength Potion"},{"floor":6,"key":"FearPotion"},{"floor":8,"key":"SmokeBomb"},{"floor":14,"key":"LiquidBronze"},{"floor":16,"key":"Block Potion"},{"floor":22,"key":"SkillPotion"}],"is_trial":false,"path_per_floor":["M","M","M","M","M","E","?","E","T","E","?","R","$","M","R","B",null,"M","$","M","?","M","R","E","?","T","E"],"character_chosen":"IRONCLAD","items_purchased":["Corruption","Double Tap"],"campfire_rested":1,"item_purchase_floors":[13,19],"current_hp_per_floor":[80,80,80,80,80,64,85,67,67,57,78,78,78,72,72,26,87,75,75,64,48,15,41,23,23,23,0],"gold":227,"neow_bonus":"THREE_SMALL_POTIONS","is_prod":false,"is_daily":false,"chose_seed":false,"campfire_upgraded":2,"win_rate":0,"timestamp":1543173038,"path_taken":["M","M","M","M","M","E","?","E","T","E","?","R","?","M","R","BOSS","M","$","M","?","M","R","E","?","T","E"],"build_version":"2018-11-15","purchased_purges":0,"victory":false,"max_hp_per_floor":[80,80,80,80,80,87,87,87,87,87,87,87,87,87,87,87,87,87,87,87,87,87,87,87,87,87,87],"card_choices":[{"not_picked":["Metallicize","Combust"],"picked":"Headbutt","floor":1},{"not_picked":["Thunderclap","Combust"],"picked":"Pommel Strike","floor":2},{"not_picked":["Pommel Strike","Blood for Blood"],"picked":"Dark Embrace","floor":3},{"not_picked":["Ghostly Armor","Pommel Strike"],"picked":"True Grit","floor":4},{"not_picked":["True Grit","Burning Pact"],"picked":"Flex","floor":5},{"not_picked":["Pommel Strike","Cleave"],"picked":"Limit Break","floor":6},{"not_picked":["Burning Pact","Heavy Blade"],"picked":"Pommel Strike","floor":8},{"not_picked":["Thunderclap","Berserk"],"picked":"Exhume","floor":10},{"not_picked":["Flex","Sword Boomerang"],"picked":"Second Wind","floor":14},{"not_picked":["Dark Embrace","Barricade"],"picked":"Demon Form","floor":16},{"not_picked":["Entrench","Wild Strike"],"picked":"Sentinel+1","floor":18},{"not_picked":["Wild Strike","Entrench"],"picked":"Warcry","floor":20},{"not_picked":["True Grit+1","Anger"],"picked":"Flex+1","floor":22},{"not_picked":["Combust","Dropkick","Blood for Blood"],"picked":"SKIP","floor":24},{"not_picked":["Dropkick","Blood for Blood"],"picked":"Combust","floor":24}],"player_experience":793738,"relics_obtained":[{"floor":6,"key":"Strawberry"},{"floor":8,"key":"Vajra"},{"floor":9,"key":"Bottled Tornado"},{"floor":10,"key":"Torii"},{"floor":21,"key":"Enchiridion"},{"floor":24,"key":"Mummified Hand"},{"floor":24,"key":"Bottled Lightning"},{"floor":26,"key":"Lantern"}],"event_choices":[{"damage_healed":21,"gold_gain":0,"player_choice":"Healed","damage_taken":0,"max_hp_gain":0,"max_hp_loss":0,"event_name":"The Cleric","floor":7,"gold_loss":35},{"damage_healed":21,"gold_gain":0,"player_choice":"Healed and dodged fight","damage_taken":0,"max_hp_gain":0,"max_hp_loss":0,"event_name":"Mushrooms","floor":11,"gold_loss":0,"cards_obtained":["Parasite"]},{"damage_healed":0,"gold_gain":0,"player_choice":"Obtained Book","damage_taken":16,"max_hp_gain":0,"max_hp_loss":0,"event_name":"Cursed Tome","floor":21,"gold_loss":0},{"damage_healed":0,"gold_gain":0,"player_choice":"Ignored","damage_taken":0,"max_hp_gain":0,"max_hp_loss":0,"event_name":"Ghosts","floor":25,"gold_loss":0}],"is_beta":false,"boss_relics":[{"not_picked":["Eternal Feather","Empty Cage"],"picked":"Black Star"}],"items_purged_floors":[],"is_endless":false,"potions_floor_spawned":[2,6,8,14,16,22],"killed_by":"Book of Stabbing","ascension_level":1}