{"gold_per_floor":[109,120,136,83,83,83,83,126,126,126,126,146,167,206,206,299,299,312,326,326,344,364,364,407,407,407,432,432,198,24,38,38,38],"floor_reached":33,"playtime":1073,"items_purged":[],"score":553,"play_id":"93b24464-2d41-4d1b-93d5-ec0752aa0acd","local_time":"20190425184315","is_ascension_mode":true,"campfire_choices":[{"data":"Bash","floor":7,"key":"SMITH"},{"floor":10,"key":"REST"},{"data":"Rampage","floor":15,"key":"SMITH"},{"data":"Feel No Pain","floor":23,"key":"SMITH"},{"floor":28,"key":"REST"},{"data":"Limit Break","floor":32,"key":"SMITH"}],"neow_cost":"CURSE","seed_source_timestamp":283435364234700,"circlet_count":0,"master_deck":["AscendersBane","Strike_R","Strike_R","Strike_R","Strike_R","Defend_R","Defend_R","Defend_R","Defend_R","Bash+1","Rampage+1","Battle Trance","Evolve","Immolate+1","Shrug It Off","Double Tap","Feel No Pain+1","Entrench+1","Reaper+1","Flame Barrier","Inflame","Limit Break+1","Clothesline+1"],"relics":["Burning Blood","Ice Cream","Golden Idol","Molten Egg 2","Art of War","Magic Flower","Champion Belt","Snecko Eye","Spirit Poop","Bird Faced Urn","The Courier","Membership Card"],"potions_floor_usage":[8,14,16,19,24,24,24,24,33],"damage_taken":[{"damage":11,"enemies":"Cultist","floor":1,"turns":4},{"damage":14,"enemies":"Jaw Worm","floor":2,"turns":3},{"damage":8,"enemies":"2 Louse","floor":3,"turns":3},{"damage":32,"enemies":"Gremlin Nob","floor":8,"turns":4},{"damage":2,"enemies":"Looter","floor":12,"turns":4},{"damage":24,"enemies":"Red Slaver","floor":13,"turns":4},{"damage":5,"enemies":"3 Sentries","floor":14,"turns":3},{"damage":30,"enemies":"The Guardian","floor":16,"turns":13},{"damage":0,"enemies":"Spheric Guardian","floor":18,"turns":3},{"damage":39,"enemies":"2 Thieves","floor":19,"turns":3},{"damage":16,"enemies":"Snecko","floor":21,"turns":4},{"damage":22,"enemies":"Cultist and Chosen","floor":22,"turns":5},{"damage":48,"enemies":"Gremlin Leader","floor":24,"turns":5},{"damage":19,"enemies":"Centurion and Healer","floor":27,"turns":7},{"damage":20,"enemies":"Chosen and Byrds","floor":31,"turns":7},{"damage":94,"enemies":"Collector","floor":33,"turns":7}],"seed_played":"-2092627694770810375","potions_obtained":[{"floor":2,"key":"Swift Potion"},{"floor":8,"key":"Dexterity Potion"},{"floor":16,"key":"BloodPotion"},{"floor":19,"key":"SteroidPotion"},{"floor":21,"key":"EntropicBrew"},{"floor":31,"key":"SneckoOil"}],"is_trial":false,"path_per_floor":["M","M","M","$","?","?","R","E","T","R","T","M","M","E","R","B",null,"M","M","?","M","M","R","E","?","T","M","R","$","$","M","R","B"],"character_chosen":"IRONCLAD","items_purchased":["Fire Potion","Flame Barrier","Inflame","Limit Break","Membership Card"],"campfire_rested":2,"item_purchase_floors":[4,29,29,29,30],"current_hp_per_floor":[63,55,53,53,27,52,52,26,26,48,48,55,40,44,44,23,62,71,52,52,45,32,32,15,15,15,27,48,48,48,58,58,0],"gold":38,"neow_bonus":"ONE_RARE_RELIC","is_prod":false,"is_daily":false,"chose_seed":false,"campfire_upgraded":4,"win_rate":0,"timestamp":1556185395,"path_taken":["M","?","M","?","?","?","R","E","T","R","?","M","M","E","R","BOSS","M","M","?","?","?","R","E","?","T","M","R","?","$","M","R","BOSS"],"build_version":"2019-01-23","purchased_purges":0,"victory":false,"max_hp_per_floor":[75,75,75,75,75,75,75,75,75,75,75,75,75,75,75,75,75,75,75,72,72,72,72,72,72,72,72,72,72,72,72,72,72],"card_choices":[{"not_picked":["Headbutt","Wild Strike"],"picked":"Rampage","floor":1},{"not_picked":["Fire Breathing","Flex"],"picked":"Battle Trance","floor":2},{"not_picked":["Fire Breathing","Iron Wave","Body Slam"],"picked":"SKIP","floor":3},{"not_picked":["Ghostly Armor","Rage"],"picked":"Evolve","floor":8},{"not_picked":["Clash+1","Perfected Strike+1","Twin Strike+1"],"picked":"SKIP","floor":12},{"not_picked":["Iron Wave+1","Hemokinesis+1"],"picked":"Immolate+1","floor":13},{"not_picked":["Thunderclap+1","Wild Strike+1"],"picked":"Shrug It Off","floor":14},{"not_picked":["Demon Form","Immolate+1"],"picked":"Double Tap","floor":16},{"not_picked":["Clothesline+1","Body Slam+1","Warcry"],"picked":"SKIP","floor":18},{"not_picked":["Body Slam+1","Armaments"],"picked":"Feel No Pain","floor":19},{"not_picked":["Sword Boomerang+1","Body Slam+1","Iron Wave+1"],"picked":"SKIP","floor":21},{"not_picked":["Pommel Strike+1","Cleave+1"],"picked":"Entrench+1","floor":22},{"not_picked":["Clothesline+1","Second Wind+1"],"picked":"Reaper+1","floor":24},{"not_picked":["Twin Strike+1","Disarm","Searing Blow+1"],"picked":"SKIP","floor":27},{"not_picked":["Thunderclap+1","Infernal Blade"],"picked":"Clothesline+1","floor":31}],"player_experience":3370809,"relics_obtained":[{"floor":8,"key":"Molten Egg 2"},{"floor":9,"key":"Art of War"},{"floor":11,"key":"Magic Flower"},{"floor":14,"key":"Champion Belt"},{"floor":24,"key":"Bird Faced Urn"},{"floor":26,"key":"The Courier"}],"event_choices":[{"damage_healed":0,"gold_gain":0,"player_choice":"Take Damage","damage_taken":26,"relics_obtained":["Golden Idol"],"max_hp_gain":0,"max_hp_loss":0,"event_name":"Golden Idol","floor":5,"gold_loss":0},{"damage_healed":25,"gold_gain":0,"player_choice":"Banana","damage_taken":0,"max_hp_gain":0,"max_hp_loss":0,"event_name":"Big Fish","floor":6,"gold_loss":0},{"cards_removed":["Parasite"],"damage_healed":0,"gold_gain":0,"player_choice":"Offered Curse","damage_taken":0,"relics_obtained":["Spirit Poop"],"max_hp_gain":0,"max_hp_loss":0,"event_name":"Bonfire Elementals","floor":20,"gold_loss":0},{"cards_removed":["Strike_R"],"damage_healed":0,"gold_gain":0,"player_choice":"Purged","damage_taken":0,"max_hp_gain":0,"max_hp_loss":0,"event_name":"Purifier","floor":25,"gold_loss":0}],"is_beta":false,"boss_relics":[{"not_picked":["Runic Dome","Astrolabe"],"picked":"Snecko Eye"}],"items_purged_floors":[],"is_endless":false,"potions_floor_spawned":[2,8,13,16,19,21,22,31],"killed_by":"Collector","ascension_level":20}