{"gold_per_floor":[114,114,39,57,71,105,105,105,184,200,200,215,231,249,249,249],"floor_reached":16,"playtime":614,"items_purged":[],"score":198,"play_id":"45892d9a-142f-4ec6-9e38-4736680b45e5","local_time":"20190316172937","is_ascension_mode":true,"campfire_choices":[{"floor":8,"key":"REST"},{"floor":11,"key":"REST"},{"floor":15,"key":"REST"}],"neow_cost":"NONE","seed_source_timestamp":184897039674890,"circlet_count":0,"master_deck":["AscendersBane","Strike_B+1","Strike_B+1","Strike_B","Strike_B","Defend_B","Defend_B","Defend_B","Defend_B","Zap+1","Dualcast","Force Field","Heatsinks","Self Repair+1","Leap","Reboot","Sunder","Redo","Meteor Strike"],"relics":["Cracked Core","NeowsBlessing","Whetstone","Kunai"],"potions_floor_usage":[6],"damage_taken":[{"damage":0,"enemies":"2 Louse","floor":1,"turns":1},{"damage":0,"enemies":"Jaw Worm","floor":4,"turns":1},{"damage":0,"enemies":"Cultist","floor":5,"turns":1},{"damage":49,"enemies":"Lagavulin","floor":6,"turns":9},{"damage":6,"enemies":"Looter","floor":10,"turns":3},{"damage":16,"enemies":"Lots of Slimes","floor":12,"turns":4},{"damage":11,"enemies":"Blue Slaver","floor":13,"turns":4},{"damage":9,"enemies":"3 Louse","floor":14,"turns":4},{"damage":81,"enemies":"Slime Boss","floor":16,"turns":7}],"seed_played":"2914424448358467706","potions_obtained":[{"floor":1,"key":"Poison Potion"},{"floor":10,"key":"Dexterity Potion"},{"floor":12,"key":"LiquidBronze"}],"is_trial":false,"path_per_floor":["M","?","$","M","M","E","?","R","T","M","R","M","M","M","R","B"],"character_chosen":"DEFECT","items_purchased":["Heatsinks"],"campfire_rested":3,"item_purchase_floors":[3],"current_hp_per_floor":[64,64,64,64,71,29,29,50,50,54,71,65,64,65,71,0],"gold":249,"neow_bonus":"THREE_ENEMY_KILL","is_prod":false,"is_daily":false,"chose_seed":false,"campfire_upgraded":0,"win_rate":0,"timestamp":1552750177,"path_taken":["M","?","$","M","M","E","?","R","T","M","R","M","?","M","R","BOSS"],"build_version":"2019-01-23","purchased_purges":0,"victory":false,"max_hp_per_floor":[71,71,71,71,71,71,71,71,71,71,71,71,71,71,71,71],"card_choices":[{"not_picked":["Cold Snap","Compile Driver"],"picked":"Force Field","floor":1},{"not_picked":["Conserve Battery","Skim"],"picked":"Self Repair","floor":4},{"not_picked":["Sweeping Beam","Rebound"],"picked":"Leap","floor":5},{"not_picked":["Gash","Coolheaded"],"picked":"Reboot","floor":6},{"not_picked":["Go for the Eyes","Leap"],"picked":"Sunder","floor":10},{"not_picked":["Coolheaded","Leap"],"picked":"Redo","floor":12},{"not_picked":["Go for the Eyes","Coolheaded","Turbo"],"picked":"SKIP","floor":13},{"not_picked":["Tempest","Beam Cell"],"picked":"Meteor Strike","floor":14}],"player_experience":1104287,"relics_obtained":[{"floor":6,"key":"Whetstone"},{"floor":9,"key":"Kunai"}],"event_choices":[{"damage_healed":0,"gold_gain":0,"player_choice":"Grow","damage_taken":0,"max_hp_gain":0,"max_hp_loss":0,"event_name":"Living Wall","floor":2,"gold_loss":0,"cards_upgraded":["Zap"]},{"damage_healed":0,"gold_gain":0,"player_choice":"Upgraded","damage_taken":0,"max_hp_gain":0,"max_hp_loss":0,"event_name":"Upgrade Shrine","floor":7,"gold_loss":0,"cards_upgraded":["Self Repair"]}],"is_beta":false,"boss_relics":[],"items_purged_floors":[],"is_endless":false,"potions_floor_spawned":[1,10,12],"killed_by":"Slime Boss","ascension_level":18}