{"gold_per_floor":[15,15,15,67,79,79,79,108,178,191,191,10,10,25,25,102,102,116,116,66,83,100,100,427,45,127,144,38,48,66,101,101,175,175,187,198,210,222,192,225,225,84,84,84,101,101,201,76,76,76,76,76,76,76,105,105],"floor_reached":57,"playtime":2683,"items_purged":["Strike_R","Bash+1","Defend_R"],"score":3215,"play_id":"7a12d760-92a4-4ae1-a450-d11e30a6918b","local_time":"20190314132051","is_ascension_mode":true,"campfire_choices":[{"data":"Bash","floor":6.0,"key":"SMITH"},{"data":"Disarm","floor":11.0,"key":"SMITH"},{"data":"True Grit","floor":13.0,"key":"SMITH"},{"data":"Intimidate","floor":15.0,"key":"SMITH"},{"data":"Impatience","floor":23.0,"key":"SMITH"},{"data":"Impatience","floor":32.0,"key":"SMITH"},{"data":"Entrench","floor":41.0,"key":"SMITH"},{"floor":44.0,"key":"RECALL"},{"data":"Rampage","floor":49.0,"key":"SMITH"},{"data":"Disarm","floor":53.0,"key":"SMITH"}],"neow_cost":"NO_GOLD","seed_source_timestamp":9045444971400,"circlet_count":0,"master_deck":["AscendersBane","Defend_R","Defend_R","Intimidate+1","True Grit+1","Disarm+1","Impatience+1","Impervious","Uppercut+1","Intimidate+1","Disarm+1","Impatience+1","Limit Break","Entrench+1","Disarm+1","Rampage+1"],"special_seed":0,"relics":["Burning Blood","Ice Cream","Anchor","Self Forming Clay","Sundial","Astrolabe","Old Coin","TheAbacus","Centennial Puzzle","Strawberry","Busted Crown","Bag of Preparation","Letter Opener","StoneCalendar","Art of War"],"potions_floor_usage":[56,56],"damage_taken":[{"damage":11.0,"enemies":"Small Slimes","floor":1.0,"turns":4.0},{"damage":4.0,"enemies":"Jaw Worm","floor":5.0,"turns":6.0},{"damage":41.0,"enemies":"Lagavulin","floor":8.0,"turns":10.0},{"damage":0.0,"enemies":"2 Louse","floor":10.0,"turns":4.0},{"damage":0.0,"enemies":"Blue Slaver","floor":14.0,"turns":4.0},{"damage":18.0,"enemies":"The Guardian","floor":16.0,"turns":15.0},{"damage":6.0,"enemies":"2 Thieves","floor":18.0,"turns":4.0},{"damage":7.0,"enemies":"Chosen","floor":21.0,"turns":9.0},{"damage":2.0,"enemies":"Snecko","floor":22.0,"turns":8.0},{"damage":0.0,"enemies":"Book of Stabbing","floor":24.0,"turns":7.0},{"damage":0.0,"enemies":"Snake Plant","floor":27.0,"turns":6.0},{"damage":4.0,"enemies":"Sentry and Sphere","floor":29.0,"turns":6.0},{"damage":0.0,"enemies":"Snecko","floor":30.0,"turns":5.0},{"damage":27.0,"enemies":"Slavers","floor":31.0,"turns":16.0},{"damage":0.0,"enemies":"Champ","floor":33.0,"turns":12.0},{"damage":0.0,"enemies":"3 Shapes","floor":35.0,"turns":3.0},{"damage":3.0,"enemies":"Orb Walker","floor":36.0,"turns":6.0},{"damage":0.0,"enemies":"3 Darklings","floor":37.0,"turns":4.0},{"damage":0.0,"enemies":"Maw","floor":38.0,"turns":7.0},{"damage":0.0,"enemies":"Giant Head","floor":40.0,"turns":7.0},{"damage":0.0,"enemies":"Spire Growth","floor":45.0,"turns":3.0},{"damage":0.0,"enemies":"Mind Bloom Boss Battle","floor":47.0,"turns":3.0},{"damage":0.0,"enemies":"Donu and Deca","floor":50.0,"turns":3.0},{"damage":0.0,"enemies":"Time Eater","floor":51.0,"turns":5.0},{"damage":29.0,"enemies":"Shield and Spear","floor":55.0,"turns":6.0},{"damage":39,"enemies":"The Heart","floor":56,"turns":9}],"seed_played":"7810164478413461014","potions_obtained":[{"floor":8.0,"key":"Weak Potion"},{"floor":14.0,"key":"SkillPotion"},{"floor":16.0,"key":"Explosive Potion"},{"floor":21.0,"key":"PowerPotion"},{"floor":24.0,"key":"GamblersBrew"},{"floor":38.0,"key":"Strength Potion"},{"floor":39.0,"key":"Weak Potion"},{"floor":47.0,"key":"Swift Potion"},{"floor":55.0,"key":"SkillPotion"}],"is_trial":false,"path_per_floor":["M","?","?","T","M","R","?","E","T","M","R","$","R","M","R","B",null,"M","?","?","M","M","R","E","$","T","M","$","M","M","E","R","B",null,"M","M","M","M","?","E","R","$","T","R","M","?","?","$","R","B","B",null,"R","$","E","B",null],"character_chosen":"IRONCLAD","items_purchased":["Impatience","TheAbacus","Centennial Puzzle","Impatience","Rampage"],"campfire_rested":0,"item_purchase_floors":[12,25,25,28,42],"current_hp_per_floor":[63,63,56,56,58,58,58,23,23,29,29,29,29,35,35,23,62,62,62,62,61,65,65,71,71,71,75,75,75,75,61,61,67,78,82,82,82,82,82,82,82,82,82,82,82,82,82,82,82,82,82,82,82,82,59,26],"gold":105,"neow_bonus":"ONE_RARE_RELIC","is_prod":false,"is_daily":false,"chose_seed":false,"campfire_upgraded":9,"win_rate":0,"timestamp":1552537251,"path_taken":["M","?","?","?","M","R","?","E","T","?","R","$","R","M","R","BOSS","M","?","?","?","M","R","E","$","T","M","?","M","M","E","R","BOSS","M","M","M","M","?","E","R","?","T","R","M","?","?","$","R","BOSS","BOSS","R","$","E","BOSS"],"build_version":"2019-01-23","purchased_purges":3,"victory":true,"max_hp_per_floor":[75,75,75,75,75,75,75,75,75,75,75,75,75,75,75,75,75,75,75,75,75,75,75,75,75,75,75,75,75,75,82,82,82,82,82,82,82,82,82,82,82,82,82,82,82,82,82,82,82,82,82,82,82,82,82,82],"card_choices":[{"not_picked":["Warcry","Reckless Charge"],"picked":"Intimidate","floor":1.0},{"not_picked":["Iron Wave","Heavy Blade"],"picked":"True Grit","floor":5.0},{"not_picked":["Sever Soul","Perfected Strike","Headbutt"],"picked":"SKIP","floor":8.0},{"not_picked":["Sever Soul","Combust"],"picked":"Disarm","floor":10.0},{"not_picked":["Reckless Charge","Infernal Blade","Cleave"],"picked":"SKIP","floor":14.0},{"not_picked":["Bludgeon","Brutality"],"picked":"Impervious","floor":16.0},{"not_picked":["Clothesline","Twin Strike","Anger"],"picked":"SKIP","floor":18.0},{"not_picked":["Anger","Flex","Wild Strike"],"picked":"SKIP","floor":21.0},{"not_picked":["Evolve","Flex"],"picked":"Disarm+1","floor":22.0},{"not_picked":["Body Slam","Demon Form","Twin Strike"],"picked":"SKIP","floor":24.0},{"not_picked":["Body Slam","Demon Form","Twin Strike"],"picked":"SKIP","floor":24.0},{"not_picked":["Headbutt","Clothesline","Perfected Strike"],"picked":"SKIP","floor":27.0},{"not_picked":["Armaments","Sword Boomerang","Power Through"],"picked":"SKIP","floor":29.0},{"not_picked":["Brutality","Second Wind","Heavy Blade+1"],"picked":"SKIP","floor":30.0},{"not_picked":["Flame Barrier","Wild Strike","Searing Blow"],"picked":"SKIP","floor":31.0},{"not_picked":["Demon Form","Double Tap"],"picked":"Limit Break","floor":33.0},{"not_picked":[],"picked":"Entrench","floor":35.0},{"not_picked":["Shockwave+1"],"picked":"SKIP","floor":36.0},{"not_picked":["Sword Boomerang"],"picked":"SKIP","floor":37.0},{"not_picked":["Rupture"],"picked":"SKIP","floor":38.0},{"not_picked":[],"picked":"Disarm","floor":40.0},{"not_picked":["Entrench"],"picked":"SKIP","floor":45.0},{"not_picked":["Havoc"],"picked":"SKIP","floor":55.0}],"player_experience":2259579,"relics_obtained":[{"floor":4.0,"key":"Anchor"},{"floor":8.0,"key":"Self Forming Clay"},{"floor":9.0,"key":"Sundial"},{"floor":24.0,"key":"Old Coin"},{"floor":31.0,"key":"Strawberry"},{"floor":40.0,"key":"Bag of Preparation"},{"floor":43.0,"key":"Letter Opener"},{"floor":47.0,"key":"StoneCalendar"},{"floor":55.0,"key":"Art of War"}],"event_choices":[{"cards_removed":["Strike_R"],"damage_healed":0.0,"max_hp_gain":0.0,"max_hp_loss":0.0,"gold_gain":0.0,"event_name":"Living Wall","player_choice":"Forget","floor":2.0,"gold_loss":0.0,"damage_taken":0.0},{"cards_removed":["Strike_R"],"damage_healed":0.0,"max_hp_gain":0.0,"max_hp_loss":0.0,"gold_gain":0.0,"event_name":"Golden Wing","player_choice":"Card Removal","floor":3.0,"gold_loss":0.0,"damage_taken":7.0},{"damage_healed":0.0,"max_hp_gain":0.0,"max_hp_loss":0.0,"gold_gain":0.0,"event_name":"Liars Game","player_choice":"Ignored","floor":7.0,"gold_loss":0.0,"damage_taken":0.0},{"cards_removed":["Clash"],"damage_healed":0.0,"max_hp_gain":0.0,"max_hp_loss":0.0,"gold_gain":0.0,"event_name":"Back to Basics","player_choice":"Elegance","floor":19.0,"gold_loss":0.0,"damage_taken":0.0},{"damage_healed":0.0,"max_hp_gain":0.0,"max_hp_loss":0.0,"gold_gain":0.0,"event_name":"The Joust","player_choice":"Bet on Murderer","floor":20.0,"gold_loss":50.0,"damage_taken":0.0},{"damage_healed":0.0,"max_hp_gain":0.0,"max_hp_loss":0.0,"gold_gain":0.0,"event_name":"The Woman in Blue","player_choice":"Bought 2 Potions","floor":39.0,"gold_loss":0.0,"damage_taken":0.0},{"damage_healed":0.0,"max_hp_gain":0.0,"max_hp_loss":0.0,"gold_gain":0.0,"event_name":"Mysterious Sphere","player_choice":"Ignored","floor":46.0,"gold_loss":0.0,"damage_taken":0.0},{"damage_healed":0.0,"max_hp_gain":0.0,"max_hp_loss":0.0,"gold_gain":0.0,"event_name":"MindBloom","player_choice":"Fight","floor":47.0,"gold_loss":0.0,"damage_taken":0.0}],"is_beta":false,"boss_relics":[{"not_picked":["Lizard Tail","Runic Cube"],"picked":"Astrolabe"},{"not_picked":["Black Blood","Runic Dome"],"picked":"Busted Crown"}],"items_purged_floors":[12,42,48],"is_endless":false,"potions_floor_spawned":[8,14,16,21,24,29,30,38,40,47,55],"ascension_level":20}