{"gold_per_floor":[111,129,129,53,53,87,87,105,128,128,128,142,171,43,43,121,121,141,141,151,151,163,163,191,191,216,241,256,206,236,58,58,135,135,154,376,390,390,402,435,447,86,111,141,9,9,29,64,64,64,64,64,64,14,40,40],"floor_reached":57,"playtime":2557,"items_purged":["Pain","Defend_B","Defend_B","Strike_B","Defend_B"],"score":3122,"play_id":"7ec0d3e4-d863-4544-8463-4bb0d6e06104","local_time":"20190228154956","is_ascension_mode":true,"campfire_choices":[{"data":"Consume","floor":7,"key":"SMITH"},{"data":"Capacitor","floor":10,"key":"SMITH"},{"data":"Defragment","floor":15,"key":"SMITH"},{"data":"Chill","floor":23,"key":"SMITH"},{"floor":25,"key":"REST"},{"data":"Loop","floor":32,"key":"SMITH"},{"data":"Seek","floor":46,"key":"SMITH"},{"floor":49,"key":"RECALL"},{"data":"Seek","floor":53,"key":"SMITH"}],"neow_cost":"NONE","seed_source_timestamp":196757976996700,"circlet_count":0,"master_deck":["AscendersBane","Strike_B","Strike_B","Zap","Dualcast","Consume+1","Glacier","Capacitor+1","Rainbow","Coolheaded","Seek+1","Defragment+1","Electrodynamics","Chill+1","Coolheaded","Blizzard","Loop+1","Self Repair","Blizzard","Seek+1","Chill","Biased Cognition","Glacier","Capacitor"],"relics":["Cracked Core","NeowsBlessing","WarpedTongs","Smiling Mask","Juzu Bracelet","CultistMask","MawBank","Runic Dome","Darkstone Periapt","Sundial","Lantern","Bird Faced Urn","Red Mask","Coffee Dripper","Strawberry","Membership Card","DataDisk","Dream Catcher","Bottled Lightning","Happy Flower","Art of War"],"potions_floor_usage":[16,24,24,28,30,56,56],"damage_taken":[{"damage":0,"enemies":"Jaw Worm","floor":1,"turns":1},{"damage":0,"enemies":"2 Louse","floor":2,"turns":1},{"damage":0,"enemies":"3 Sentries","floor":6,"turns":1},{"damage":2,"enemies":"Cultist","floor":8,"turns":5},{"damage":14,"enemies":"Red Slaver","floor":12,"turns":4},{"damage":6,"enemies":"Lagavulin","floor":13,"turns":6},{"damage":0,"enemies":"Hexaghost","floor":16,"turns":11},{"damage":14,"enemies":"Shell Parasite","floor":18,"turns":5},{"damage":11,"enemies":"Spheric Guardian","floor":20,"turns":6},{"damage":7,"enemies":"Centurion and Healer","floor":22,"turns":6},{"damage":4,"enemies":"Gremlin Leader","floor":24,"turns":6},{"damage":12,"enemies":"Book of Stabbing","floor":27,"turns":6},{"damage":5,"enemies":"Snake Plant","floor":28,"turns":4},{"damage":6,"enemies":"Masked Bandits","floor":30,"turns":3},{"damage":6,"enemies":"Champ","floor":33,"turns":9},{"damage":13,"enemies":"Orb Walker","floor":35,"turns":4},{"damage":4,"enemies":"3 Darklings","floor":37,"turns":3},{"damage":4,"enemies":"Sphere and 2 Shapes","floor":39,"turns":4},{"damage":30,"enemies":"Reptomancer","floor":40,"turns":6},{"damage":4,"enemies":"Maw","floor":41,"turns":6},{"damage":0,"enemies":"Nemesis","floor":44,"turns":11},{"damage":0,"enemies":"4 Shapes","floor":47,"turns":3},{"damage":0,"enemies":"Reptomancer","floor":48,"turns":4},{"damage":0,"enemies":"Donu and Deca","floor":50,"turns":9},{"damage":42,"enemies":"Time Eater","floor":51,"turns":11},{"damage":38,"enemies":"Shield and Spear","floor":55,"turns":8},{"damage":16,"enemies":"The Heart","floor":56,"turns":13}],"seed_played":"2907536066400416458","potions_obtained":[{"floor":2,"key":"Weak Potion"},{"floor":12,"key":"FearPotion"},{"floor":13,"key":"Fire Potion"},{"floor":16,"key":"SkillPotion"},{"floor":21,"key":"Poison Potion"},{"floor":27,"key":"Energy Potion"},{"floor":28,"key":"Fruit Juice"},{"floor":33,"key":"SkillPotion"},{"floor":40,"key":"Weak Potion"}],"is_trial":false,"path_per_floor":["M","M","?","$","?","E","R","M","T","R","?","M","E","$","R","B",null,"M","?","M","?","M","R","E","R","T","E","M","$","?","$","R","B",null,"M","?","M","?","M","E","M","$","T","E","$","R","M","E","R","B","B",null,"R","$","E","B",null],"character_chosen":"DEFECT","items_purchased":["Glacier","Defragment","Self Repair","Blizzard","Membership Card","DataDisk","Bottled Lightning"],"campfire_rested":1,"item_purchase_floors":[4,14,31,31,42,42,45],"current_hp_per_floor":[64,64,57,57,57,57,57,55,55,55,55,41,35,35,35,35,62,48,48,37,37,30,30,26,47,47,35,39,39,35,35,35,44,68,70,70,74,74,72,66,79,79,79,83,83,83,83,83,83,83,60,77,77,77,61,66],"gold":40,"neow_bonus":"THREE_ENEMY_KILL","is_prod":false,"is_daily":false,"chose_seed":false,"campfire_upgraded":7,"win_rate":0,"timestamp":1551336596,"path_taken":["M","M","?","$","?","E","R","M","T","R","?","M","E","?","R","BOSS","M","?","M","?","M","R","E","R","T","E","M","?","?","$","R","BOSS","M","?","M","?","M","E","M","$","T","E","$","R","M","E","R","BOSS","BOSS","R","$","E","BOSS"],"build_version":"2019-01-23","purchased_purges":5,"victory":true,"max_hp_per_floor":[71,71,71,71,71,71,71,71,71,71,71,71,71,71,71,71,71,71,71,71,71,71,71,71,71,71,71,76,76,76,76,76,76,76,76,76,76,76,76,83,83,83,83,83,83,83,83,83,83,83,83,83,83,83,83,83],"card_choices":[{"not_picked":["Hologram","Tempest","Scrape"],"picked":"SKIP","floor":1},{"not_picked":["Cold Snap","Scrape"],"picked":"Consume","floor":2},{"not_picked":["Conserve Battery","Stack"],"picked":"Capacitor","floor":6},{"not_picked":["Stack","Turbo"],"picked":"Rainbow","floor":8},{"not_picked":["Rebound","Ball Lightning"],"picked":"Coolheaded","floor":12},{"not_picked":["Skim","Cold Snap"],"picked":"Seek","floor":13},{"not_picked":["Biased Cognition","Reboot"],"picked":"Electrodynamics","floor":16},{"not_picked":["Streamline","Force Field","Sunder"],"picked":"SKIP","floor":18},{"not_picked":["Sweeping Beam","Go for the Eyes"],"picked":"Chill","floor":20},{"not_picked":["Turbo","Cold Snap"],"picked":"Coolheaded","floor":22},{"not_picked":["Meteor Strike","Rainbow"],"picked":"Blizzard","floor":24},{"not_picked":["Aggregate","Sweeping Beam","Rebound"],"picked":"SKIP","floor":27},{"not_picked":["Steam+1","Hyperbeam","Tempest+1"],"picked":"SKIP","floor":28},{"not_picked":["Sunder","Storm"],"picked":"Loop","floor":30},{"not_picked":["Reboot","Meteor Strike"],"picked":"Seek","floor":33},{"not_picked":["Conserve Battery","Sunder","Storm"],"picked":"SKIP","floor":35},{"not_picked":["Hello World+1","Rebound","Beam Cell+1"],"picked":"SKIP","floor":37},{"not_picked":["Stack","Doom and Gloom+1","Barrage+1"],"picked":"SKIP","floor":39},{"not_picked":["Cold Snap","Barrage+1"],"picked":"Chill","floor":40},{"not_picked":["Force Field","Gash","Sweeping Beam"],"picked":"SKIP","floor":41},{"not_picked":["Turbo+1","Go for the Eyes"],"picked":"Biased Cognition","floor":44},{"not_picked":["Redo+1","Streamline","BootSequence"],"picked":"SKIP","floor":47},{"not_picked":["Stack","Redo"],"picked":"Glacier","floor":48},{"not_picked":["Fusion+1","Hologram"],"picked":"Capacitor","floor":55}],"player_experience":1885117,"relics_obtained":[{"floor":6,"key":"Smiling Mask"},{"floor":9,"key":"Juzu Bracelet"},{"floor":13,"key":"MawBank"},{"floor":24,"key":"Sundial"},{"floor":26,"key":"Lantern"},{"floor":27,"key":"Bird Faced Urn"},{"floor":30,"key":"Red Mask"},{"floor":40,"key":"Strawberry"},{"floor":44,"key":"Dream Catcher"},{"floor":48,"key":"Happy Flower"},{"floor":55,"key":"Art of War"}],"event_choices":[{"cards_removed":["Defend_B"],"damage_healed":0,"gold_gain":0,"player_choice":"Card Removal","damage_taken":7,"max_hp_gain":0,"max_hp_loss":0,"event_name":"Golden Wing","floor":3,"gold_loss":0},{"damage_healed":0,"gold_gain":0,"player_choice":"Rummage","damage_taken":0,"relics_obtained":["WarpedTongs"],"max_hp_gain":0,"max_hp_loss":0,"event_name":"Accursed Blacksmith","floor":5,"gold_loss":0,"cards_obtained":["Pain"]},{"damage_healed":0,"gold_gain":0,"player_choice":"Trade","damage_taken":0,"relics_obtained":["CultistMask"],"max_hp_gain":0,"max_hp_loss":0,"event_name":"FaceTrader","floor":11,"gold_loss":0},{"damage_healed":0,"gold_gain":0,"player_choice":"Gave Potion","damage_taken":0,"relics_obtained":["Darkstone Periapt"],"max_hp_gain":0,"max_hp_loss":0,"event_name":"WeMeetAgain","floor":19,"gold_loss":0},{"damage_healed":0,"gold_gain":0,"player_choice":"Got Potions","damage_taken":0,"max_hp_gain":0,"max_hp_loss":0,"event_name":"Lab","floor":21,"gold_loss":0},{"damage_healed":0,"gold_gain":0,"player_choice":"Fought Bandits","damage_taken":0,"max_hp_gain":0,"max_hp_loss":0,"event_name":"Masked Bandits","floor":30,"gold_loss":0},{"damage_healed":0,"gold_gain":222,"player_choice":"Wore Mask","damage_taken":0,"max_hp_gain":0,"max_hp_loss":0,"event_name":"Tomb of Lord Red Mask","floor":36,"gold_loss":0},{"cards_removed":["Strike_B"],"damage_healed":0,"gold_gain":0,"player_choice":"Removed Attack","damage_taken":0,"max_hp_gain":0,"max_hp_loss":0,"event_name":"Falling","floor":38,"gold_loss":0}],"is_beta":false,"boss_relics":[{"not_picked":["Eternal Feather","Inserter"],"picked":"Runic Dome"},{"not_picked":["Sozu","Pandora\u0027s Box"],"picked":"Coffee Dripper"}],"items_purged_floors":[14,29,31,42,54],"is_endless":false,"potions_floor_spawned":[2,12,13,16,22,27,28,33,40,44,47],"ascension_level":20}