{"path_per_floor":["M","?","M","M","M","R","M","R","T","E","?","M","M","M","R"],"character_chosen":"THE_SILENT","items_purchased":[],"gold_per_floor":[119,194,214,227,243,243,256,256,256,282,282,297,315,330,330],"floor_reached":16,"campfire_rested":2,"playtime":1594,"current_hp_per_floor":[70,59,59,58,55,70,70,70,70,48,36,36,36,34,70],"items_purged":[],"gold":330,"score":106,"play_id":"8c7e4ffb-e44c-4162-bffd-83c6664c3cb6","is_prod":false,"is_daily":false,"is_ascension_mode":false,"campfire_upgraded":1,"path_taken":["M","?","?","M","M","R","M","R","T","E","?","M","M","?","R","BOSS"],"build_version":"2018-02-15-PROD1","purchased_purges":0,"victory":false,"master_deck":["Defend_G","Defend_G","Defend_G","Defend_G","Defend_G","Strike_G","Strike_G","Strike_G","Strike_G","Strike_G","Survivor","Neutralize","Unload","Backstab","Reflex+1","Eviscerate","Quick Slash","Finisher","Reflex","Footwork","Terror"],"max_hp_per_floor":[70,70,70,70,70,70,70,70,70,70,70,70,70,70,70],"relics":["Ring of the Snake","Oddly Smooth Stone","Bag of Preparation","Regal Pillow"],"card_choices":[{"not_picked":["Calculated Gamble","Dagger Spray"],"picked":"Backstab"},{"not_picked":["Underhanded Strike","Choke"],"picked":"Reflex"},{"not_picked":["Caltrops","Expertise"],"picked":"Eviscerate"},{"not_picked":["Flying Knee","Slice"],"picked":"Quick Slash"},{"not_picked":["Endless Agony","Distraction"],"picked":"Finisher"},{"not_picked":["Backflip","Outmaneuver"],"picked":"Reflex"},{"not_picked":["Heel Hook","Backflip"],"picked":"Footwork"},{"not_picked":["Escape Plan","Corpse Explosion"],"picked":"Terror"}],"player_experience":158337,"potions_floor_usage":[7,10,10,14,16],"damage_taken":[{"damage":0,"enemies":"Small Slimes","floor":1,"turns":3},{"damage":0,"enemies":"2 Louse","floor":3,"turns":2},{"damage":1,"enemies":"Jaw Worm","floor":4,"turns":2},{"damage":3,"enemies":"Red Slaver","floor":5,"turns":3},{"damage":0,"enemies":"3 Louse","floor":7,"turns":2},{"damage":22,"enemies":"Lagavulin","floor":10,"turns":8},{"damage":0,"enemies":"Exordium Thugs","floor":12,"turns":6},{"damage":0,"enemies":"Blue Slaver","floor":13,"turns":2},{"damage":2,"enemies":"Lots of Slimes","floor":14,"turns":4},{"damage":70,"enemies":"Slime Boss","floor":16,"turns":14}],"event_choices":[{"event_name":"World of Goop","player_choice":"Gather Gold","floor":2,"damage_taken":0},{"event_name":"Scrap Ooze","player_choice":"success","floor":11,"damage_taken":12}],"boss_relics":[],"potions_floor_spawned":[1,5,7,12,14],"seed_played":"1703948368407046534","killed_by":"Slime Boss","ascension_level":0,"is_trial":false}