{"gold_per_floor":[116,116,134,149,161,161,179,179,179,189,219,234,247,9,9,84,84,101,69,69,81,81,81,96,96,96,96,16,16,48,58,58,130,130,147,147,147,167,167,167],"floor_reached":40,"playtime":1356,"items_purged":["Strike_B","Strike_B"],"score":816,"play_id":"8f326c11-7dcd-4ef8-96a8-11aa90371e4c","local_time":"20190409121846","is_ascension_mode":true,"campfire_choices":[{"data":"Electrodynamics","floor":6,"key":"SMITH"},{"floor":8,"key":"DIG"},{"data":"Consume","floor":15,"key":"SMITH"},{"floor":23,"key":"DIG"},{"floor":25,"key":"DIG"},{"data":"Recycle","floor":27,"key":"SMITH"},{"data":"Defragment","floor":29,"key":"SMITH"},{"data":"Biased Cognition","floor":32,"key":"SMITH"}],"neow_cost":"NONE","seed_source_timestamp":209098133221000,"circlet_count":0,"master_deck":["AscendersBane","Strike_B","Strike_B","Defend_B","Defend_B","Defend_B","Zap","Dualcast","Madness","Ball Lightning","Electrodynamics+1","Coolheaded+1","Glacier","Self Repair","Consume+1","Biased Cognition+1","Defragment+1","Recycle+1","Defragment+1","Reboot"],"relics":["FrozenCore","Shovel","The Courier","Bottled Tornado","Sundial","OrangePellets","Nuclear Battery","Nunchaku","Singing Bowl","Juzu Bracelet"],"potions_floor_usage":[11,16,33,33],"damage_taken":[{"damage":9,"enemies":"Jaw Worm","floor":1,"turns":4},{"damage":1,"enemies":"Cultist","floor":3,"turns":4},{"damage":7,"enemies":"Small Slimes","floor":4,"turns":3},{"damage":9,"enemies":"3 Louse","floor":5,"turns":2},{"damage":0,"enemies":"2 Fungi Beasts","floor":7,"turns":2},{"damage":0,"enemies":"Lots of Slimes","floor":10,"turns":1},{"damage":3,"enemies":"Lagavulin","floor":11,"turns":6},{"damage":5,"enemies":"Looter","floor":12,"turns":4},{"damage":0,"enemies":"Gremlin Gang","floor":13,"turns":1},{"damage":25,"enemies":"The Guardian","floor":16,"turns":12},{"damage":1,"enemies":"Spheric Guardian","floor":18,"turns":5},{"damage":15,"enemies":"Shell Parasite","floor":21,"turns":8},{"damage":7,"enemies":"Chosen and Byrds","floor":24,"turns":5},{"damage":24,"enemies":"Book of Stabbing","floor":30,"turns":7},{"damage":11,"enemies":"3 Cultists","floor":31,"turns":3},{"damage":11,"enemies":"Automaton","floor":33,"turns":12},{"damage":2,"enemies":"3 Shapes","floor":35,"turns":2},{"damage":27,"enemies":"Orb Walker","floor":38,"turns":3},{"damage":35,"enemies":"Nemesis","floor":40,"turns":6}],"seed_played":"-7357313729413513325","potions_obtained":[{"floor":3,"key":"PowerPotion"},{"floor":11,"key":"PowerPotion"},{"floor":13,"key":"FocusPotion"},{"floor":18,"key":"GamblersBrew"},{"floor":38,"key":"FearPotion"}],"is_trial":false,"path_per_floor":["M","?","M","M","M","R","M","R","T","M","E","M","M","$","R","B",null,"M","$","?","M","?","R","M","R","T","R","$","R","E","M","R","B",null,"M","?","?","M","?","E"],"character_chosen":"DEFECT","items_purchased":["OrangePellets","Defragment"],"campfire_rested":0,"item_purchase_floors":[14,19],"current_hp_per_floor":[55,55,54,47,38,38,38,38,38,38,35,37,37,37,37,19,58,64,64,64,56,56,56,56,56,56,56,56,56,41,37,37,33,63,63,63,63,45,45,10],"gold":167,"neow_bonus":"RANDOM_COLORLESS","is_prod":false,"is_daily":false,"chose_seed":false,"campfire_upgraded":5,"win_rate":0,"timestamp":1554779926,"path_taken":["M","?","?","M","M","R","M","R","T","M","E","?","M","?","R","BOSS","M","?","?","M","?","R","M","R","T","R","$","R","E","M","R","BOSS","M","?","?","M","?","E"],"build_version":"2019-01-23","purchased_purges":2,"victory":false,"max_hp_per_floor":[71,71,71,71,71,71,71,71,71,71,71,71,71,71,71,71,71,71,71,71,71,71,71,71,71,71,71,71,71,73,73,73,73,73,75,75,75,77,77,77],"card_choices":[{"not_picked":["Doom and Gloom","Compile Driver"],"picked":"Cold Snap","floor":1},{"not_picked":["Redo","Stack"],"picked":"Ball Lightning","floor":3},{"not_picked":["Doom and Gloom","Barrage"],"picked":"Electrodynamics","floor":4},{"not_picked":["Skim","Melter"],"picked":"Coolheaded","floor":5},{"not_picked":["Compile Driver","Redo","Scrape"],"picked":"SKIP","floor":7},{"not_picked":["Steam Power","Go for the Eyes"],"picked":"Glacier","floor":10},{"not_picked":["Gash","Coolheaded"],"picked":"Self Repair","floor":11},{"not_picked":["Go for the Eyes","Redo"],"picked":"Consume","floor":12},{"not_picked":["Doom and Gloom","Streamline","Compile Driver"],"picked":"SKIP","floor":13},{"not_picked":["Fission","Buffer"],"picked":"Biased Cognition","floor":16},{"not_picked":["Go for the Eyes","Darkness","Gash"],"picked":"SKIP","floor":18},{"not_picked":["Leap","Go for the Eyes","Streamline"],"picked":"SKIP","floor":21},{"not_picked":["Redo","Conserve Battery","Leap+1"],"picked":"SKIP","floor":24},{"not_picked":["Leap+1","Barrage","Storm"],"picked":"Singing Bowl","floor":30},{"not_picked":["Turbo","Scrape+1"],"picked":"Defragment+1","floor":31},{"not_picked":["All For One","Seek"],"picked":"Reboot","floor":33},{"not_picked":["Cold Snap","Tempest","Steam"],"picked":"Singing Bowl","floor":35},{"not_picked":["Conserve Battery","Turbo","Ball Lightning"],"picked":"Singing Bowl","floor":38}],"player_experience":2999686,"relics_obtained":[{"floor":8,"key":"The Courier"},{"floor":9,"key":"Bottled Tornado"},{"floor":11,"key":"Sundial"},{"floor":23,"key":"Nunchaku"},{"floor":25,"key":"Singing Bowl"},{"floor":30,"key":"Juzu Bracelet"}],"event_choices":[{"cards_removed":["Cold Snap"],"damage_healed":0,"gold_gain":0,"player_choice":"Gave Card","damage_taken":0,"relics_obtained":["Shovel"],"max_hp_gain":0,"max_hp_loss":0,"event_name":"WeMeetAgain","floor":2,"gold_loss":0},{"damage_healed":0,"gold_gain":0,"player_choice":"Ignored","damage_taken":0,"max_hp_gain":0,"max_hp_loss":0,"event_name":"The Mausoleum","floor":20,"gold_loss":0},{"damage_healed":0,"gold_gain":0,"player_choice":"Read","damage_taken":0,"max_hp_gain":0,"max_hp_loss":0,"event_name":"The Library","floor":22,"gold_loss":0,"cards_obtained":["Recycle"]},{"damage_healed":0,"gold_gain":0,"player_choice":"Upgraded","damage_taken":0,"max_hp_gain":0,"max_hp_loss":0,"event_name":"Upgrade Shrine","floor":36,"gold_loss":0,"cards_upgraded":["Coolheaded"]},{"cards_removed":["Defend_B"],"damage_healed":0,"gold_gain":0,"player_choice":"Removed Skill","damage_taken":0,"max_hp_gain":0,"max_hp_loss":0,"event_name":"Falling","floor":37,"gold_loss":0},{"damage_healed":0,"gold_gain":0,"player_choice":"Ignored","damage_taken":0,"max_hp_gain":0,"max_hp_loss":0,"event_name":"Mysterious Sphere","floor":39,"gold_loss":0}],"is_beta":false,"boss_relics":[{"not_picked":["Ectoplasm","Calling Bell"],"picked":"Nuclear Battery"},{"not_picked":["Black Star","Velvet Choker"],"picked":"FrozenCore"}],"items_purged_floors":[14,28],"is_endless":false,"potions_floor_spawned":[3,11,13,18,21,30,38],"killed_by":"Nemesis","ascension_level":20}