{"gold_per_floor":[110,130,25,100,70,99,113,128,128,128,140,151,181,207,207,284,284,303,4,0,0,11,11,11,11,11,23,35,47,70,98,110,194,206,236,148,148,23,33,33,49,64,110,140,140,140,153,153,153,153,153,153,153,3,31,31],"floor_reached":57,"playtime":2206,"items_purged":["Strike_R","Strike_R","Strike_R","Cloak And Dagger+1"],"score":2930,"play_id":"496a3d2e-1d96-42f5-bfec-5c8ac720f3b2","local_time":"20190329180524","is_ascension_mode":true,"campfire_choices":[{"data":"Armaments","floor":10.0,"key":"SMITH"},{"data":"Entrench","floor":15.0,"key":"SMITH"},{"data":"True Grit","floor":23.0,"key":"SMITH"},{"data":"Barricade","floor":25.0,"key":"SMITH"},{"data":"Body Slam","floor":27.0,"key":"SMITH"},{"data":"Flame Barrier","floor":29.0,"key":"SMITH"},{"data":"Shrug It Off","floor":32.0,"key":"SMITH"},{"data":"Creative AI","floor":40.0,"key":"SMITH"},{"floor":49.0,"key":"RECALL"},{"data":"Second Wind","floor":53,"key":"SMITH"}],"neow_cost":"NONE","seed_source_timestamp":23222032105800,"circlet_count":0,"master_deck":["AscendersBane","Defend_R","Defend_R","Defend_R","Defend_R","Bash","Entrench+1","Armaments+1","True Grit+1","Inflame","Body Slam+1","Shrug It Off+1","Spot Weakness","Corruption","Flame Barrier+1","Barricade+1","PiercingWail","Battle Trance+1","Creative AI+1","Second Wind+1","Backflip"],"special_seed":0,"relics":["Burning Blood","NeowsBlessing","Pocketwatch","Calipers","Incense Burner","Odd Mushroom","Velvet Choker","PrismaticShard","MawBank","Sozu","PreservedInsect","Bottled Lightning"],"potions_floor_usage":[56],"damage_taken":[{"damage":0.0,"enemies":"Small Slimes","floor":1.0,"turns":1.0},{"damage":0.0,"enemies":"Jaw Worm","floor":2.0,"turns":1.0},{"damage":0.0,"enemies":"Gremlin Nob","floor":6.0,"turns":1.0},{"damage":0.0,"enemies":"Cultist","floor":7.0,"turns":4.0},{"damage":39.0,"enemies":"Lots of Slimes","floor":8.0,"turns":9.0},{"damage":3.0,"enemies":"Blue Slaver","floor":11.0,"turns":5.0},{"damage":0.0,"enemies":"Exordium Wildlife","floor":12.0,"turns":3.0},{"damage":0.0,"enemies":"Lagavulin","floor":13.0,"turns":6.0},{"damage":5.0,"enemies":"The Mushroom Lair","floor":14.0,"turns":6.0},{"damage":16.0,"enemies":"The Guardian","floor":16.0,"turns":9.0},{"damage":0.0,"enemies":"3 Byrds","floor":18.0,"turns":5.0},{"damage":0.0,"enemies":"2 Thieves","floor":20.0,"turns":4.0},{"damage":0.0,"enemies":"Snecko","floor":22.0,"turns":5.0},{"damage":0.0,"enemies":"Chosen and Byrds","floor":30.0,"turns":5.0},{"damage":4.0,"enemies":"3 Cultists","floor":31.0,"turns":5.0},{"damage":0.0,"enemies":"Collector","floor":33.0,"turns":11.0},{"damage":2.0,"enemies":"3 Darklings","floor":35.0,"turns":7.0},{"damage":5.0,"enemies":"3 Shapes","floor":39.0,"turns":7.0},{"damage":0.0,"enemies":"Sphere and 2 Shapes","floor":41.0,"turns":7.0},{"damage":6.0,"enemies":"3 Darklings","floor":42.0,"turns":16.0},{"damage":41.0,"enemies":"Reptomancer","floor":44.0,"turns":8.0},{"damage":18.0,"enemies":"Spire Growth","floor":47.0,"turns":7.0},{"damage":2.0,"enemies":"Time Eater","floor":50.0,"turns":16.0},{"damage":6,"enemies":"Awakened One","floor":51,"turns":7},{"damage":0,"enemies":"Shield and Spear","floor":55,"turns":5},{"damage":4,"enemies":"The Heart","floor":56,"turns":8}],"seed_played":"-1087523919359435118","potions_obtained":[{"floor":5.0,"key":"Regen Potion"},{"floor":5.0,"key":"FairyPotion"},{"floor":7.0,"key":"PowerPotion"},{"floor":22.0,"key":"Ancient Potion"},{"floor":33.0,"key":"Dexterity Potion"}],"is_trial":false,"path_per_floor":["M","M","$","?","?","E","M","M","T","R","M","M","E","?","R","B",null,"M","$","M","?","M","R","?","R","T","R","?","R","M","M","R","B",null,"M","$","?","$","M","R","M","M","T","E","$","?","M","?","R","B","B",null,"R","$","E","B",null],"character_chosen":"IRONCLAD","items_purchased":["True Grit","Inflame","PrismaticShard"],"campfire_rested":0,"item_purchase_floors":[3,3,19],"current_hp_per_floor":[74,75,75,64,64,70,75,42,42,42,45,51,57,58,58,48,68,74,74,75,75,75,75,54,54,54,54,54,54,60,62,62,68,77,80,80,80,80,80,80,80,80,80,45,45,45,33,33,33,37,37,69,69,69,75,77],"gold":31,"neow_bonus":"THREE_ENEMY_KILL","is_prod":false,"is_daily":false,"chose_seed":false,"campfire_upgraded":9,"win_rate":0,"timestamp":1553850324,"path_taken":["M","M","$","?","?","E","?","M","T","R","M","?","E","?","R","BOSS","M","$","M","?","M","R","?","R","T","R","?","R","M","M","R","BOSS","M","$","?","?","M","R","M","M","T","E","$","?","?","?","R","BOSS","BOSS","R","$","E","BOSS"],"build_version":"2019-01-23","purchased_purges":4,"victory":true,"max_hp_per_floor":[75,75,75,75,75,75,75,75,75,75,75,75,75,75,75,75,75,75,75,75,75,75,75,80,80,80,80,80,80,80,80,80,80,80,80,80,80,80,80,80,80,80,80,80,80,80,80,80,80,80,80,80,80,80,80,80],"card_choices":[{"not_picked":["Iron Wave","Perfected Strike"],"picked":"Entrench","floor":1.0},{"not_picked":["Headbutt","Flex"],"picked":"Armaments","floor":2.0},{"not_picked":["Fire Breathing","Brutality"],"picked":"Body Slam","floor":6.0},{"not_picked":["Rage","Heavy Blade"],"picked":"Shrug It Off","floor":7.0},{"not_picked":["Perfected Strike","Pummel"],"picked":"Spot Weakness","floor":8.0},{"not_picked":["Fire Breathing","Warcry"],"picked":"Corruption","floor":11.0},{"not_picked":["Metallicize","Rupture","Bloodletting"],"picked":"SKIP","floor":12.0},{"not_picked":["Headbutt","Disarm"],"picked":"Flame Barrier","floor":13.0},{"not_picked":["Immolate","Exhume"],"picked":"Barricade","floor":16.0},{"not_picked":["Pommel Strike","Rupture","Power Through"],"picked":"SKIP","floor":18.0},{"not_picked":["Blade Dance","Flechettes","Reprogram+1"],"picked":"SKIP","floor":20.0},{"not_picked":["Twin Strike","Underhanded Strike"],"picked":"PiercingWail","floor":22.0},{"not_picked":["Stack","Gash","Deflect"],"picked":"SKIP","floor":30.0},{"not_picked":["Jack Of All Trades","Sweeping Beam","Aggregate+1"],"picked":"SKIP","floor":31.0},{"not_picked":["After Image","A Thousand Cuts"],"picked":"Creative AI","floor":33.0},{"not_picked":["Rebound","Second Wind"],"picked":"Cloak And Dagger+1","floor":35.0},{"not_picked":["Flying Knee","Compile Driver","Hemokinesis"],"picked":"SKIP","floor":39.0},{"not_picked":["Twin Strike","Sweeping Beam","Redo"],"picked":"SKIP","floor":41.0},{"not_picked":["Heavy Blade","Slice","Outmaneuver"],"picked":"SKIP","floor":42.0},{"not_picked":["Genetic Algorithm","Outmaneuver","Barrage"],"picked":"SKIP","floor":44.0},{"not_picked":["Ball Lightning","Terror"],"picked":"Second Wind","floor":47.0},{"not_picked":["Rainbow","Riddle With Holes"],"picked":"Backflip","floor":55}],"player_experience":2715579,"relics_obtained":[{"floor":6.0,"key":"Pocketwatch"},{"floor":9.0,"key":"Calipers"},{"floor":13.0,"key":"Incense Burner"},{"floor":14.0,"key":"Odd Mushroom"},{"floor":26.0,"key":"MawBank"},{"floor":44.0,"key":"PreservedInsect"},{"floor":55,"key":"Bottled Lightning"}],"event_choices":[{"damage_healed":0.0,"max_hp_gain":0.0,"max_hp_loss":0.0,"gold_gain":75.0,"event_name":"World of Goop","player_choice":"Gather Gold","floor":4.0,"gold_loss":0.0,"damage_taken":11.0},{"damage_healed":0.0,"max_hp_gain":0.0,"max_hp_loss":0.0,"gold_gain":0.0,"event_name":"The Woman in Blue","player_choice":"Bought 2 Potions","floor":5.0,"gold_loss":0.0,"damage_taken":0.0},{"damage_healed":0.0,"max_hp_gain":0.0,"max_hp_loss":0.0,"gold_gain":0.0,"event_name":"Mushrooms","player_choice":"Fought Mushrooms","floor":14.0,"gold_loss":0.0,"damage_taken":0.0},{"damage_healed":0.0,"max_hp_gain":5.0,"max_hp_loss":0.0,"gold_gain":0.0,"event_name":"Forgotten Altar","player_choice":"Shed Blood","floor":24.0,"gold_loss":0.0,"damage_taken":26.0},{"damage_healed":0.0,"max_hp_gain":0.0,"max_hp_loss":0.0,"gold_gain":0.0,"cards_transformed":["Strike_R","Strike_R"],"event_name":"Drug Dealer","player_choice":"Became Test Subject","floor":28.0,"gold_loss":0.0,"damage_taken":0.0,"cards_obtained":["Cleave","Battle Trance"]},{"damage_healed":0.0,"max_hp_gain":0.0,"max_hp_loss":0.0,"gold_gain":0.0,"event_name":"Wheel of Change","player_choice":"Full Heal","floor":37.0,"gold_loss":0.0,"damage_taken":0.0},{"damage_healed":0.0,"max_hp_gain":0.0,"max_hp_loss":0.0,"gold_gain":0.0,"event_name":"Accursed Blacksmith","player_choice":"Forge","floor":46.0,"gold_loss":0.0,"damage_taken":0.0,"cards_upgraded":["Battle Trance"]},{"cards_removed":["Cleave"],"damage_healed":0.0,"max_hp_gain":0.0,"max_hp_loss":0.0,"gold_gain":0.0,"event_name":"Falling","player_choice":"Removed Attack","floor":48.0,"gold_loss":0.0,"damage_taken":0.0}],"is_beta":false,"boss_relics":[{"not_picked":["Lizard Tail","Tiny House"],"picked":"Velvet Choker"},{"not_picked":["Coffee Dripper","Calling Bell"],"picked":"Sozu"}],"items_purged_floors":[19,36,38,54],"is_endless":false,"potions_floor_spawned":[7,8,12,13,22,31,33,39,42,44,47,55],"ascension_level":20}