{"gold_per_floor":[19,36,111,111,111,111,128,147,147,162,175,185,185,219,219],"floor_reached":15,"playtime":697,"items_purged":[],"score":188,"play_id":"bf25d3f1-4650-4afe-8b54-29801a1a2afe","local_time":"20190405200625","is_ascension_mode":true,"campfire_choices":[{"floor":6,"key":"REST"},{"floor":13,"key":"REST"}],"neow_cost":"NO_GOLD","seed_source_timestamp":1918584890191421,"circlet_count":0,"master_deck":["AscendersBane","Strike_B","Strike_B","Strike_B","Strike_B","Defend_B","Defend_B","Defend_B","Defend_B","Zap","Dualcast","Streamline","Barrage","Conserve Battery","Cold Snap","Defragment","Melter","Chaos"],"relics":["Cracked Core","Ice Cream","Pocketwatch","FaceOfCleric","Unceasing Top","Darkstone Periapt"],"potions_floor_usage":[12],"damage_taken":[{"damage":0,"enemies":"Cultist","floor":1,"turns":3},{"damage":0,"enemies":"Small Slimes","floor":2,"turns":3},{"damage":0,"enemies":"2 Louse","floor":7,"turns":2},{"damage":6,"enemies":"Looter","floor":8,"turns":3},{"damage":9,"enemies":"Red Slaver","floor":10,"turns":3},{"damage":2,"enemies":"3 Louse","floor":11,"turns":4},{"damage":19,"enemies":"Exordium Thugs","floor":12,"turns":4},{"damage":33,"enemies":"3 Sentries","floor":14,"turns":9}],"seed_played":"-6276508829923961562","potions_obtained":[{"floor":1,"key":"SneckoOil"},{"floor":7,"key":"Strength Potion"},{"floor":10,"key":"SteroidPotion"},{"floor":11,"key":"LiquidBronze"}],"is_trial":false,"path_per_floor":["M","M","?","?","?","R","M","M","T","M","M","M","R","E","R"],"character_chosen":"DEFECT","items_purchased":[],"campfire_rested":2,"item_purchase_floors":[],"current_hp_per_floor":[64,64,53,35,35,56,57,52,52,44,43,25,47,15,15],"gold":219,"neow_bonus":"ONE_RARE_RELIC","is_prod":false,"is_daily":false,"chose_seed":false,"campfire_upgraded":0,"win_rate":0,"timestamp":1554483985,"path_taken":["M","?","?","?","?","R","M","M","T","M","M","M","R","E","R"],"build_version":"2019-01-23","purchased_purges":0,"victory":false,"max_hp_per_floor":[71,71,71,71,71,71,72,73,73,74,75,76,76,77,77],"card_choices":[{"not_picked":["Lockon","Hologram"],"picked":"Streamline","floor":1},{"not_picked":["Consume","Compile Driver"],"picked":"Barrage","floor":2},{"not_picked":["Recycle","Gash"],"picked":"Conserve Battery","floor":7},{"not_picked":["Leap","Steam Power"],"picked":"Cold Snap","floor":8},{"not_picked":["Leap","Undo"],"picked":"Defragment","floor":10},{"not_picked":["Compile Driver","Chill"],"picked":"Melter","floor":11},{"not_picked":["Sweeping Beam","Steam"],"picked":"Chaos","floor":12},{"not_picked":["Stack","Recycle","Skim"],"picked":"SKIP","floor":14}],"player_experience":1174161,"relics_obtained":[{"floor":9,"key":"Unceasing Top"},{"floor":14,"key":"Darkstone Periapt"}],"event_choices":[{"damage_healed":0,"gold_gain":75,"player_choice":"Gather Gold","damage_taken":11,"max_hp_gain":0,"max_hp_loss":0,"event_name":"World of Goop","floor":3,"gold_loss":0},{"damage_healed":0,"gold_gain":0,"player_choice":"Success","damage_taken":18,"relics_obtained":["Pocketwatch"],"max_hp_gain":0,"max_hp_loss":0,"event_name":"Scrap Ooze","floor":4,"gold_loss":0},{"damage_healed":0,"gold_gain":0,"player_choice":"Trade","damage_taken":0,"relics_obtained":["FaceOfCleric"],"max_hp_gain":0,"max_hp_loss":0,"event_name":"FaceTrader","floor":5,"gold_loss":0}],"is_beta":false,"boss_relics":[],"items_purged_floors":[],"is_endless":false,"potions_floor_spawned":[1,7,10,11],"ascension_level":18}