{"path_per_floor":["M","M","M","?","?","R","E","M","T","R","E","M","M","E","R","B",null,"M","$","M","M","M","R"],"character_chosen":"IRONCLAD","items_purchased":[],"gold_per_floor":[112,131,151,151,151,151,179,192,241,241,276,292,307,339,339,439,439,453,378,397,417,432,432,432],"floor_reached":24,"campfire_rested":1,"playtime":1786,"current_hp_per_floor":[72,71,72,65,70,70,47,52,52,52,37,38,44,37,37,31,66,46,46,51,30,29,52,0],"items_purged":["Dual Wield"],"gold":432,"score":297,"play_id":"6f63ae19-9836-4ebc-8abe-c80818835e5d","local_time":"20180330203446","is_prod":false,"is_daily":false,"is_ascension_mode":true,"campfire_upgraded":3,"timestamp":1522413286,"path_taken":["M","M","M","?","?","R","E","M","T","R","E","M","?","E","R","BOSS","M","$","M","M","M","R","E"],"build_version":"2018-03-29","purchased_purges":1,"victory":false,"master_deck":["Thunderclap","Pommel Strike+1","Disarm","Armaments+1","Battle Trance+1","Spot Weakness","Shrug It Off","Brutality","Limit Break","Headbutt","Blood for Blood","Flex","Burning Pact","Clash","Clash","Iron Wave+1","Rupture+1","Sword Boomerang"],"max_hp_per_floor":[72,72,72,72,77,77,77,77,77,77,77,77,77,77,77,77,77,77,77,77,77,77,77,77],"relics":["Burning Blood","Letter Opener","Prayer Wheel","Blue Candle","Juzu Bracelet","Pandora\u0027s Box"],"card_choices":[{"not_picked":["Perfected Strike","Dual Wield"],"picked":"Thunderclap","floor":1},{"not_picked":["Perfected Strike","Wild Strike"],"picked":"Pommel Strike","floor":3},{"not_picked":["Thunderclap","Infernal Blade"],"picked":"Disarm","floor":7},{"not_picked":["Warcry","Body Slam"],"picked":"Armaments","floor":8},{"not_picked":["Burning Pact","Shockwave"],"picked":"Battle Trance","floor":11},{"not_picked":["Immolate","Combust"],"picked":"Spot Weakness","floor":12},{"not_picked":["Clothesline","Wild Strike"],"picked":"Shrug It Off","floor":13},{"not_picked":["Seeing Red","Sentinel"],"picked":"Brutality","floor":14},{"not_picked":["Brutality","Double Tap"],"picked":"Limit Break","floor":16},{"not_picked":["Wild Strike","Corruption"],"picked":"Iron Wave","floor":18},{"not_picked":["Headbutt","Spot Weakness"],"picked":"Rupture","floor":20},{"not_picked":["Clothesline","Armaments"],"picked":"Sword Boomerang","floor":22}],"player_experience":203291,"potions_floor_usage":[11,11,13,18,20,24],"damage_taken":[{"damage":5,"enemies":"Small Slimes","floor":1,"turns":4},{"damage":7,"enemies":"2 Louse","floor":2,"turns":2},{"damage":1,"enemies":"Cultist","floor":3,"turns":3},{"damage":29,"enemies":"3 Sentries","floor":7,"turns":8},{"damage":1,"enemies":"3 Louse","floor":8,"turns":3},{"damage":21,"enemies":"Gremlin Nob","floor":11,"turns":5},{"damage":5,"enemies":"2 Fungi Beasts","floor":12,"turns":4},{"damage":0,"enemies":"Blue Slaver","floor":13,"turns":3},{"damage":13,"enemies":"3 Sentries","floor":14,"turns":6},{"damage":12,"enemies":"The Guardian","floor":16,"turns":10},{"damage":26,"enemies":"2 Thieves","floor":18,"turns":3},{"damage":1,"enemies":"Chosen","floor":20,"turns":3},{"damage":27,"enemies":"Centurion and Healer","floor":21,"turns":6},{"damage":7,"enemies":"Snake Plant","floor":22,"turns":4},{"damage":65,"enemies":"Slavers","floor":24,"turns":3}],"event_choices":[{"event_name":"Golden Wing","player_choice":"Card Removal","floor":4,"damage_taken":0},{"event_name":"Big Fish","player_choice":"Donut","floor":5,"damage_taken":0}],"boss_relics":[{"not_picked":["Ectoplasm","White Beast Statue"],"picked":"Pandora\u0027s Box"}],"potions_floor_spawned":[2,7,11,12,14,16,18],"seed_played":"-1112504332850338489","killed_by":"Slavers","ascension_level":7,"is_trial":false}