{"gold_per_floor":[116,131,206,206,53,53,53,76,122,122,141,41,76,94,94,185,185,203,253,253,253,21,21],"floor_reached":23,"playtime":702,"items_purged":["Strike_R","Pain","Strike_R"],"score":374,"play_id":"29cab0a5-f993-42e8-86ea-f6f7beb952dc","local_time":"20190319001643","is_ascension_mode":true,"campfire_choices":[{"data":"Rampage","floor":6,"key":"SMITH"},{"floor":15,"key":"REST"}],"neow_cost":"NONE","seed_source_timestamp":134421103576800,"circlet_count":0,"master_deck":["AscendersBane","Strike_R","Strike_R","Strike_R","Defend_R","Defend_R","Defend_R","Defend_R","Bash","Rampage+1","Evolve","Shrug It Off","Battle Trance","Reaper","Necronomicurse","True Grit"],"special_seed":0,"relics":["Burning Blood","Bag of Preparation","Golden Idol","Red Skull","WarpedTongs","Singing Bowl","Runic Dome","Necronomicon"],"potions_floor_usage":[16,16,23,23],"damage_taken":[{"damage":7.0,"enemies":"2 Louse","floor":1.0,"turns":4.0},{"damage":1,"enemies":"Cultist","floor":2,"turns":3},{"damage":4,"enemies":"Jaw Worm","floor":8,"turns":3},{"damage":15,"enemies":"Large Slime","floor":11,"turns":7},{"damage":53,"enemies":"Gremlin Nob","floor":13,"turns":5},{"damage":0,"enemies":"Looter","floor":14,"turns":3},{"damage":7,"enemies":"The Guardian","floor":16,"turns":9},{"damage":11,"enemies":"Spheric Guardian","floor":18,"turns":5},{"damage":42,"enemies":"Masked Bandits","floor":23,"turns":3}],"seed_played":"5975154223281937807","potions_obtained":[{"floor":1,"key":"EssenceOfSteel"},{"floor":11,"key":"EssenceOfSteel"},{"floor":18,"key":"Explosive Potion"}],"is_trial":false,"path_per_floor":["M","M","?","?","$","R","?","M","T","?","M","$","E","M","R","B",null,"M","?","?","?","$","?"],"character_chosen":"IRONCLAD","items_purchased":["GamblersBrew","PowerPotion","True Grit"],"campfire_rested":1,"item_purchase_floors":[5,22,22],"current_hp_per_floor":[67,72,61,61,61,61,61,63,63,63,54,54,7,15,36,35,61,58,58,58,37,37,0],"gold":21,"neow_bonus":"RANDOM_COMMON_RELIC","is_prod":false,"is_daily":false,"chose_seed":false,"campfire_upgraded":1,"win_rate":0,"timestamp":1552922203,"path_taken":["M","M","?","?","$","R","?","?","T","?","?","?","E","M","R","BOSS","M","?","?","?","$","?"],"build_version":"2019-01-23","purchased_purges":3,"victory":false,"max_hp_per_floor":[75,75,75,68,68,68,68,68,68,68,68,68,68,70,70,70,70,72,72,72,72,72,72],"card_choices":[{"not_picked":["Intimidate","Havoc"],"picked":"Rampage","floor":1},{"not_picked":["Shrug It Off","Heavy Blade"],"picked":"Evolve","floor":2},{"not_picked":["Blood for Blood","Rupture"],"picked":"Shrug It Off","floor":8},{"not_picked":["Double Tap","Pommel Strike","Thunderclap"],"picked":"SKIP","floor":11},{"not_picked":["Iron Wave","Thunderclap"],"picked":"Battle Trance","floor":13},{"not_picked":["Dual Wield","Flex","Rage"],"picked":"Singing Bowl","floor":14},{"not_picked":["Double Tap","Dark Embrace"],"picked":"Reaper","floor":16},{"not_picked":["Perfected Strike+1","Anger","Spot Weakness"],"picked":"Singing Bowl","floor":18}],"player_experience":2367873,"relics_obtained":[{"floor":9,"key":"Red Skull"},{"floor":13,"key":"Singing Bowl"},{"floor":21,"key":"Necronomicon"}],"event_choices":[{"damage_healed":0,"gold_gain":75,"player_choice":"Gather Gold","damage_taken":11,"max_hp_gain":0,"max_hp_loss":0,"event_name":"World of Goop","floor":3,"gold_loss":0},{"damage_healed":0,"gold_gain":0,"player_choice":"Lose Max HP","damage_taken":0,"relics_obtained":["Golden Idol"],"max_hp_gain":0,"max_hp_loss":7,"event_name":"Golden Idol","floor":4,"gold_loss":0},{"damage_healed":0,"gold_gain":0,"player_choice":"0 cards matched","damage_taken":0,"max_hp_gain":0,"max_hp_loss":0,"event_name":"Match and Keep!","floor":7,"gold_loss":0,"cards_obtained":[]},{"damage_healed":0,"gold_gain":0,"player_choice":"Rummage","damage_taken":0,"relics_obtained":["WarpedTongs"],"max_hp_gain":0,"max_hp_loss":0,"event_name":"Accursed Blacksmith","floor":10,"gold_loss":0,"cards_obtained":["Pain"]},{"damage_healed":0,"gold_gain":50,"player_choice":"Stole From Cult","damage_taken":0,"max_hp_gain":0,"max_hp_loss":0,"event_name":"Nest","floor":19,"gold_loss":0},{"damage_healed":0,"gold_gain":0,"player_choice":"Ignored","damage_taken":0,"max_hp_gain":0,"max_hp_loss":0,"event_name":"Vampires","floor":20,"gold_loss":0},{"damage_healed":0,"gold_gain":0,"player_choice":"Obtained Book","damage_taken":21,"max_hp_gain":0,"max_hp_loss":0,"event_name":"Cursed Tome","floor":21,"gold_loss":0},{"damage_healed":0,"gold_gain":0,"player_choice":"Fought Bandits","damage_taken":0,"max_hp_gain":0,"max_hp_loss":0,"event_name":"Masked Bandits","floor":23,"gold_loss":0}],"is_beta":false,"boss_relics":[{"not_picked":["Black Blood","Lizard Tail"],"picked":"Runic Dome"}],"items_purged_floors":[5,12,22],"is_endless":false,"potions_floor_spawned":[1,11,14,18],"killed_by":"Masked Bandits","ascension_level":20}