{"path_per_floor":["M","?","T","$","M","R","?","$","T","?","E","R","M","E","R","B",null,"M","?","M","$","M","E","R","?","T","M","R","M","M","M","R","B",null,"M","M","M","$","M","R","E","R","T","R","M","M","?","?","R"],"character_chosen":"IRONCLAD","items_purchased":["Energy Potion","Block Potion","Block Potion","Bandage Up","Master of Strategy","Spot Weakness"],"gold_per_floor":[114,114,114,39,54,54,54,6,60,60,85,85,96,126,126,229,229,244,244,260,160,175,206,206,206,206,219,219,239,257,275,275,377,377,395,415,435,24,41,41,70,70,148,148,168,182,0,0,0,0],"floor_reached":50,"campfire_rested":5,"playtime":2751,"current_hp_per_floor":[76,76,76,76,80,80,68,68,68,68,67,67,73,68,68,65,76,83,83,83,83,83,90,90,90,90,93,93,93,84,81,93,45,81,83,63,28,28,30,59,37,66,66,95,83,68,68,68,97,0],"items_purged":["Defend_R","Defend_R"],"gold":0,"score":736,"play_id":"bee34353-6f28-4631-bfd6-c4208c852acd","local_time":"20180428193122","is_prod":false,"is_daily":false,"chose_seed":false,"is_ascension_mode":true,"campfire_upgraded":5,"timestamp":1524933082,"path_taken":["M","?","?","$","M","R","?","?","T","?","E","R","M","E","R","BOSS","M","?","M","$","M","E","R","?","T","M","R","?","M","M","R","BOSS","M","M","M","$","M","R","E","R","T","R","M","M","?","?","R","BOSS"],"build_version":"2018-04-26","seed_source_timestamp":525467180720221,"purchased_purges":2,"victory":false,"master_deck":["Strike_R+1","Strike_R+1","Strike_R+1","Strike_R+1","Strike_R+1","Defend_R+1","Defend_R+1","Bash+1","Iron Wave+1","Disarm+1","Iron Wave+1","Feed","Infernal Blade+1","Infernal Blade+1","Anger","Anger","Rage+1","Flex","Pommel Strike+1","Infernal Blade","Bandage Up","Master of Strategy","Spot Weakness","Heavy Blade","Spot Weakness+1","Clash"],"max_hp_per_floor":[80,80,80,80,80,80,80,80,80,80,80,80,80,80,80,80,80,83,83,83,83,83,90,90,90,90,93,93,93,93,93,93,93,93,93,93,96,96,99,99,99,99,99,99,99,99,99,99,99,99],"relics":["Burning Blood","Sundial","Shuriken","Bag of Marbles","Lantern","Vajra","Bronze Scales","Mark of Pain","Strawberry","Peace Pipe","Bottled Flame","Mummified Hand","Red Mask"],"card_choices":[{"not_picked":["Headbutt","Combust"],"picked":"Iron Wave","floor":1},{"not_picked":["Body Slam","Combust"],"picked":"Disarm","floor":5},{"not_picked":["Inflame","Rampage"],"picked":"Iron Wave","floor":13},{"not_picked":["Immolate","Impervious"],"picked":"Feed","floor":16},{"not_picked":["Body Slam","Heavy Blade"],"picked":"Infernal Blade","floor":18},{"not_picked":["Bloodletting","True Grit"],"picked":"Anger","floor":20},{"not_picked":["True Grit","Combust"],"picked":"Anger","floor":22},{"not_picked":["Juggernaut","True Grit"],"picked":"Rage","floor":23},{"not_picked":["Uppercut","Flame Barrier"],"picked":"Flex","floor":27},{"not_picked":["Whirlwind","Thunderclap"],"picked":"Pommel Strike","floor":36},{"not_picked":["Carnage","Havoc"],"picked":"Infernal Blade","floor":37},{"not_picked":["Cleave","Wild Strike"],"picked":"Heavy Blade","floor":39},{"not_picked":["Power Through","Wild Strike"],"picked":"Spot Weakness","floor":45},{"not_picked":["Intimidate","Reckless Charge"],"picked":"Clash","floor":46}],"player_experience":384791,"potions_floor_usage":[11,14,16,20,22,23,23,29,31,36,39,39,50,50],"damage_taken":[{"damage":2,"enemies":"Small Slimes","floor":1,"turns":4},{"damage":2,"enemies":"Jaw Worm","floor":5,"turns":3},{"damage":7,"enemies":"Gremlin Nob","floor":11,"turns":4},{"damage":0,"enemies":"2 Louse","floor":13,"turns":1},{"damage":11,"enemies":"Lagavulin","floor":14,"turns":5},{"damage":9,"enemies":"The Guardian","floor":16,"turns":11},{"damage":0,"enemies":"3 Byrds","floor":18,"turns":3},{"damage":5,"enemies":"Shell Parasite","floor":20,"turns":2},{"damage":0,"enemies":"Snecko","floor":22,"turns":2},{"damage":0,"enemies":"Slavers","floor":23,"turns":3},{"damage":6,"enemies":"Centurion and Healer","floor":27,"turns":3},{"damage":0,"enemies":"Snake Plant","floor":29,"turns":2},{"damage":15,"enemies":"Snecko","floor":30,"turns":5},{"damage":9,"enemies":"Centurion and Healer","floor":31,"turns":5},{"damage":54,"enemies":"Champ","floor":33,"turns":10},{"damage":4,"enemies":"Orb Walker","floor":35,"turns":2},{"damage":26,"enemies":"3 Darklings","floor":36,"turns":4},{"damage":44,"enemies":"Sphere and 2 Shapes","floor":37,"turns":4},{"damage":38,"enemies":"4 Shapes","floor":39,"turns":4},{"damage":32,"enemies":"2 Orb Walkers","floor":41,"turns":3},{"damage":22,"enemies":"3 Darklings","floor":45,"turns":5},{"damage":25,"enemies":"Sphere and 2 Shapes","floor":46,"turns":4},{"damage":110,"enemies":"Time Eater","floor":50,"turns":8}],"event_choices":[{"event_name":"Living Wall","player_choice":"Forget","floor":2,"damage_taken":0},{"event_name":"Scrap Ooze","player_choice":"success","floor":7,"damage_taken":12},{"event_name":"The Lab","player_choice":"Got Potions","floor":10,"damage_taken":0},{"event_name":"The Library","player_choice":"Read","floor":19,"damage_taken":0},{"event_name":"Back to Basics","player_choice":"Simplicity","floor":25,"damage_taken":0},{"event_name":"Tomb of Lord Red Mask","player_choice":"Paid","floor":47,"damage_taken":0},{"event_name":"Accursed Blacksmith","player_choice":"Ignore","floor":48,"damage_taken":0}],"boss_relics":[{"not_picked":["Runic Dome","Philosopher\u0027s Stone"],"picked":"Mark of Pain"},{"not_picked":["Pandora\u0027s Box","Velvet Choker","Snecko Eye"]}],"potions_floor_spawned":[11,14,18,20,27,30,35,39,41],"seed_played":"-317810647762374561","killed_by":"Time Eater","ascension_level":7,"is_trial":false}