{"gold_per_floor":[99],"floor_reached":1,"playtime":327,"items_purged":[],"score":189,"play_id":"f2028955-f0d2-41df-8818-c3f3706578c6","local_time":"20190323203348","is_ascension_mode":true,"campfire_choices":[],"neow_cost":"","seed_source_timestamp":6177076657000,"circlet_count":0,"master_deck":["Heatsinks","Heatsinks","Biased Cognition","Biased Cognition","Biased Cognition","Biased Cognition","Biased Cognition","Biased Cognition","Biased Cognition","Biased Cognition","Biased Cognition","Biased Cognition","Biased Cognition","Biased Cognition","Biased Cognition","Biased Cognition","Biased Cognition","Biased Cognition","Biased Cognition","Biased Cognition","Biased Cognition","Biased Cognition","Biased Cognition","Biased Cognition","Biased Cognition","Biased Cognition","Biased Cognition","Biased Cognition","Biased Cognition","Biased Cognition","Biased Cognition","Biased Cognition","Biased Cognition","Biased Cognition","Biased Cognition","Biased Cognition","Biased Cognition","Biased Cognition","Biased Cognition","Biased Cognition","Biased Cognition","Biased Cognition","Biased Cognition","Biased Cognition","Biased Cognition","Biased Cognition","Biased Cognition","Biased Cognition","Biased Cognition","Biased Cognition","Biased Cognition","Biased Cognition","Biased Cognition","Biased Cognition","Biased Cognition","Biased Cognition","Biased Cognition","Biased Cognition","Biased Cognition","Biased Cognition","Biased Cognition","Biased Cognition","Biased Cognition","Biased Cognition","Biased Cognition","Biased Cognition","Biased Cognition","Biased Cognition","Biased Cognition","Biased Cognition","Biased Cognition","Biased Cognition","Biased Cognition","Biased Cognition","Biased Cognition","Biased Cognition","Biased Cognition","Biased Cognition","Biased Cognition","Biased Cognition","Biased Cognition","Biased Cognition","Biased Cognition","Biased Cognition","Biased Cognition","Biased Cognition","Biased Cognition","Biased Cognition","Biased Cognition","Biased Cognition","Biased Cognition","Biased Cognition","Biased Cognition","Biased Cognition","Biased Cognition","Biased Cognition","Biased Cognition","Biased Cognition","Biased Cognition","Biased Cognition","Biased Cognition","Biased Cognition","Biased Cognition","Biased Cognition","Biased Cognition","Biased Cognition","Biased Cognition","Biased Cognition","Biased Cognition","Biased Cognition","Biased Cognition","Biased Cognition","Biased Cognition","Biased Cognition","Biased Cognition","Biased Cognition","Biased Cognition","Biased Cognition","Biased Cognition","Biased Cognition","Biased Cognition","Biased Cognition","Biased Cognition","Biased Cognition","Biased Cognition","Biased Cognition","Biased Cognition","Biased Cognition","Biased Cognition","Biased Cognition","Biased Cognition","Biased Cognition","Biased Cognition","Biased Cognition","Biased Cognition","Biased Cognition","Biased Cognition","Biased Cognition","Biased Cognition","Biased Cognition","Biased Cognition","Biased Cognition","Biased Cognition","Biased Cognition","Biased Cognition","Biased Cognition","Biased Cognition","Biased Cognition","Biased Cognition","Biased Cognition","Biased Cognition","Biased Cognition","Biased Cognition","Biased Cognition","Biased Cognition","Biased Cognition","Biased Cognition","Biased Cognition","Biased Cognition","Biased Cognition","Biased Cognition","Biased Cognition","Biased Cognition","Biased Cognition","Biased Cognition","Biased Cognition","Biased Cognition","Biased Cognition","Biased Cognition","Biased Cognition","Biased Cognition","Biased Cognition","Biased Cognition","Biased Cognition","Biased Cognition","Biased Cognition","Biased Cognition","Biased Cognition","Biased Cognition","Biased Cognition","Biased Cognition","Biased Cognition","Biased Cognition","Biased Cognition","Biased Cognition","Biased Cognition","Biased Cognition","Biased Cognition","Biased Cognition","Biased Cognition","Biased Cognition","Biased Cognition","Biased Cognition","Biased Cognition","Biased Cognition","Biased Cognition","Biased Cognition","Biased Cognition","Biased Cognition","Biased Cognition","Biased Cognition","Biased Cognition","Biased Cognition","Biased Cognition","Biased Cognition","Biased Cognition","Biased Cognition","Biased Cognition","Biased Cognition","Biased Cognition","Biased Cognition","Biased Cognition","Biased Cognition","Biased Cognition","Biased Cognition","Biased Cognition","Biased Cognition","Biased Cognition","Biased Cognition","Biased Cognition","Biased Cognition","Biased Cognition","Biased Cognition","Biased Cognition","Biased Cognition","Biased Cognition","Biased Cognition","Biased Cognition","Biased Cognition","Biased Cognition","Biased Cognition","Biased Cognition","Biased Cognition","Biased Cognition","Biased Cognition","Biased Cognition","Biased Cognition","Biased Cognition","Biased Cognition","Biased Cognition","Biased Cognition","Biased Cognition","Biased Cognition","Biased Cognition","Biased Cognition","Biased Cognition","Biased Cognition","Biased Cognition","Biased Cognition","Biased Cognition","Biased Cognition","Biased Cognition"],"relics":["Cracked Core","DataDisk","FossilizedHelix","Lantern","ClockworkSouvenir","Mummified Hand","Bottled Tornado"],"potions_floor_usage":[],"damage_taken":[{"damage":0,"enemies":"Jaw Worm","floor":1,"turns":1}],"seed_played":"2656644872464014078","potions_obtained":[],"is_trial":true,"path_per_floor":["M"],"character_chosen":"DEFECT","items_purchased":[],"campfire_rested":0,"item_purchase_floors":[],"current_hp_per_floor":[64],"gold":99,"neow_bonus":"","is_prod":false,"is_daily":false,"chose_seed":false,"campfire_upgraded":0,"win_rate":0,"timestamp":1553340828,"path_taken":["M"],"build_version":"2019-01-23","purchased_purges":0,"victory":false,"max_hp_per_floor":[71],"card_choices":[],"player_experience":2512592,"relics_obtained":[],"event_choices":[],"is_beta":false,"boss_relics":[],"items_purged_floors":[],"is_endless":false,"potions_floor_spawned":[],"killed_by":"Jaw Worm","ascension_level":20}