{"gold_per_floor":[111,39,114,114,129,168,168,191,241,241,262,262,301,321,321,446,446,470,444,14,14,27,27,50,66,139,139,155,155,173,173,173,298,298,322,338,104,229,229,229,229],"floor_reached":41,"playtime":2300,"items_purged":["Defend_G","Normality"],"score":554,"play_id":"42654018-4737-4d4b-8346-2e47af11c8a8","local_time":"20190427024340","is_ascension_mode":true,"campfire_choices":[{"floor":7.0,"key":"REST"},{"floor":10.0,"key":"RECALL"},{"data":"Noxious Fumes","floor":12.0,"key":"SMITH"},{"floor":15.0,"key":"REST"},{"floor":23.0,"key":"REST"},{"floor":27.0,"key":"REST"},{"floor":29.0,"key":"REST"},{"floor":32.0,"key":"REST"},{"floor":40,"key":"REST"}],"neow_cost":"NONE","seed_source_timestamp":0,"circlet_count":0,"master_deck":["Defend_G","Defend_G","Defend_G","Defend_G","Strike_G","Strike_G","Strike_G","Strike_G","Strike_G","Survivor","Neutralize","Noxious Fumes+1","Backstab","Backflip","Cloak And Dagger","Cloak And Dagger","Burst","Footwork","Caltrops","PiercingWail","PiercingWail","Accuracy+1","Distraction+1","Cloak And Dagger","Infinite Blades","Backflip","Noxious Fumes+1","Bullet Time","Backflip+1","Blur","Accuracy","Backstab","Bandage Up","Sadistic Nature"],"special_seed":0,"relics":["Ring of the Snake","NeowsBlessing","Golden Idol","Oddly Smooth Stone","Boot","Bottled Lightning","Cursed Key","Prayer Wheel","Sundial","Busted Crown","Nunchaku"],"potions_floor_usage":[41],"damage_taken":[{"damage":0.0,"enemies":"Jaw Worm","floor":1.0,"turns":1.0},{"damage":0.0,"enemies":"Small Slimes","floor":5.0,"turns":1.0},{"damage":0.0,"enemies":"Lagavulin","floor":6.0,"turns":1.0},{"damage":0.0,"enemies":"Cultist","floor":11.0,"turns":4.0},{"damage":39.0,"enemies":"Gremlin Nob","floor":13.0,"turns":6.0},{"damage":0.0,"enemies":"Looter","floor":14.0,"turns":4.0},{"damage":39.0,"enemies":"Slime Boss","floor":16.0,"turns":12.0},{"damage":0.0,"enemies":"Chosen","floor":18.0,"turns":5.0},{"damage":4.0,"enemies":"2 Thieves","floor":19.0,"turns":5.0},{"damage":15.0,"enemies":"Colosseum Slavers","floor":21.0,"turns":6.0},{"damage":16.0,"enemies":"Sentry and Sphere","floor":22.0,"turns":9.0},{"damage":0.0,"enemies":"Snake Plant","floor":24.0,"turns":5.0},{"damage":32.0,"enemies":"Cultist and Chosen","floor":25.0,"turns":8.0},{"damage":6.0,"enemies":"Shelled Parasite and Fungi","floor":28.0,"turns":8.0},{"damage":18.0,"enemies":"Snecko","floor":30.0,"turns":6.0},{"damage":48.0,"enemies":"Automaton","floor":33.0,"turns":10.0},{"damage":32.0,"enemies":"Orb Walker","floor":35.0,"turns":5.0},{"damage":12,"enemies":"3 Darklings","floor":36,"turns":6},{"damage":13,"enemies":"Mind Bloom Boss Battle","floor":38,"turns":9},{"damage":42,"enemies":"Nemesis","floor":41,"turns":5}],"seed_played":"8986673683967666043","potions_obtained":[{"floor":1.0,"key":"Swift Potion"},{"floor":5.0,"key":"Fruit Juice"},{"floor":13.0,"key":"Energy Potion"},{"floor":22.0,"key":"Energy Potion"},{"floor":28.0,"key":"SkillPotion"},{"floor":33.0,"key":"AttackPotion"},{"floor":38,"key":"EssenceOfSteel"}],"is_trial":false,"path_per_floor":["M","$","?","?","M","E","R","T","T","R","M","R","E","M","R","B",null,"M","M","$","?","M","R","M","M","T","R","M","R","M","?","R","B",null,"M","M","$","?","?","R","E"],"character_chosen":"THE_SILENT","items_purchased":["Backstab","Caltrops","Prayer Wheel","Backstab","Bandage Up"],"campfire_rested":7,"item_purchase_floors":[2,20,20,37,37],"current_hp_per_floor":[63,63,52,35,40,40,62,62,62,62,62,62,23,23,45,6,58,58,54,54,39,23,45,45,13,13,35,29,51,33,33,55,7,58,26,14,14,5,5,27,0],"gold":229,"neow_bonus":"THREE_ENEMY_KILL","is_prod":false,"is_daily":false,"chose_seed":false,"campfire_upgraded":1,"win_rate":0,"timestamp":1556347420,"path_taken":["M","$","?","?","M","E","R","?","T","R","M","R","E","M","R","BOSS","M","M","$","?","M","R","M","M","T","R","M","R","M","?","R","BOSS","M","?","$","?","?","R","E"],"build_version":"2019-01-23","purchased_purges":2,"victory":false,"max_hp_per_floor":[70,70,70,70,75,75,75,75,75,75,75,75,75,75,75,75,75,75,75,75,75,75,75,75,75,75,75,75,75,75,75,75,75,75,75,75,75,75,75,75,75],"card_choices":[{"not_picked":["Catalyst","Infinite Blades"],"picked":"Noxious Fumes","floor":1.0},{"not_picked":["Flying Knee","Dagger Throw"],"picked":"Backflip","floor":5.0},{"not_picked":["Deflect","Expertise","Dagger Throw"],"picked":"SKIP","floor":6.0},{"not_picked":["Prepared","Calculated Gamble"],"picked":"Cloak And Dagger","floor":11.0},{"not_picked":["Flying Knee","Doppelganger","Dagger Spray"],"picked":"SKIP","floor":13.0},{"not_picked":["Flying Knee","Slice"],"picked":"Cloak And Dagger","floor":14.0},{"not_picked":["Bullet Time","Tools of the Trade"],"picked":"Burst","floor":16.0},{"not_picked":["Bane","Slice","Endless Agony"],"picked":"SKIP","floor":18.0},{"not_picked":["Bane+1","Die Die Die"],"picked":"Footwork","floor":19.0},{"not_picked":["Setup+1","Blade Dance+1"],"picked":"PiercingWail","floor":22.0},{"not_picked":["Well Laid Plans","Backflip"],"picked":"PiercingWail","floor":22.0},{"not_picked":["Blade Dance","Skewer"],"picked":"Accuracy+1","floor":24.0},{"not_picked":["Deflect","Poisoned Stab","Dodge and Roll"],"picked":"SKIP","floor":24.0},{"not_picked":["Expertise","Backflip"],"picked":"Distraction+1","floor":25.0},{"not_picked":["Flying Knee","Slice"],"picked":"Cloak And Dagger","floor":25.0},{"not_picked":["Backflip","Calculated Gamble+1"],"picked":"Infinite Blades","floor":28.0},{"not_picked":["Glass Knife","Dodge and Roll+1","Flechettes"],"picked":"SKIP","floor":28.0},{"not_picked":["Underhanded Strike+1","Dodge and Roll"],"picked":"Backflip","floor":30.0},{"not_picked":["Prepared","Dagger Throw","Outmaneuver"],"picked":"SKIP","floor":30.0},{"not_picked":["Prepared","Dagger Throw","Outmaneuver"],"picked":"SKIP","floor":30.0},{"not_picked":["Unload","Wraith Form v2"],"picked":"Bullet Time","floor":33.0},{"not_picked":[],"picked":"Backflip+1","floor":35},{"not_picked":[],"picked":"Blur","floor":35},{"not_picked":[],"picked":"Accuracy","floor":36},{"not_picked":["Expertise"],"picked":"SKIP","floor":36},{"not_picked":[],"picked":"Sadistic Nature","floor":39}],"player_experience":186357,"relics_obtained":[{"floor":6.0,"key":"Oddly Smooth Stone"},{"floor":8.0,"key":"Boot"},{"floor":13.0,"key":"Bottled Lightning"},{"floor":26.0,"key":"Sundial"},{"floor":38,"key":"Nunchaku"}],"event_choices":[{"damage_healed":0.0,"max_hp_gain":0.0,"max_hp_loss":0.0,"gold_gain":75.0,"event_name":"World of Goop","player_choice":"Gather Gold","floor":3.0,"gold_loss":0.0,"damage_taken":11.0},{"damage_healed":0.0,"max_hp_gain":0.0,"max_hp_loss":0.0,"gold_gain":0.0,"event_name":"Golden Idol","player_choice":"Take Damage","floor":4.0,"gold_loss":0.0,"damage_taken":17.0,"relics_obtained":["Golden Idol"]},{"damage_healed":0.0,"max_hp_gain":0.0,"max_hp_loss":0.0,"gold_gain":0.0,"event_name":"Colosseum","player_choice":"Fight","floor":21.0,"gold_loss":0.0,"damage_taken":0.0},{"damage_healed":0.0,"max_hp_gain":0.0,"max_hp_loss":0.0,"gold_gain":0.0,"event_name":"Colosseum","player_choice":"Fled From Nobs","floor":21.0,"gold_loss":0.0,"damage_taken":0.0},{"damage_healed":0.0,"max_hp_gain":0.0,"max_hp_loss":0.0,"gold_gain":0.0,"event_name":"Duplicator","player_choice":"Copied","floor":31.0,"gold_loss":0.0,"damage_taken":0.0,"cards_obtained":["Noxious Fumes"]},{"damage_healed":0,"gold_gain":0,"player_choice":"Fight","damage_taken":0,"max_hp_gain":0,"max_hp_loss":0,"event_name":"MindBloom","floor":38,"gold_loss":0},{"damage_healed":0,"gold_gain":0,"player_choice":"Memory 1","damage_taken":0,"max_hp_gain":0,"max_hp_loss":0,"event_name":"SensoryStone","floor":39,"gold_loss":0}],"is_beta":false,"boss_relics":[{"not_picked":["Ectoplasm","HoveringKite"],"picked":"Cursed Key"},{"not_picked":["Tiny House","Astrolabe"],"picked":"Busted Crown"}],"items_purged_floors":[20,37],"is_endless":false,"potions_floor_spawned":[1,5,13,21,22,28,33,38],"killed_by":"Nemesis","ascension_level":6}