{"gold_per_floor":[364,364,375,22,40,40,73,73,128,128,75,75,75,75],"floor_reached":14,"playtime":246,"items_purged":["Decay"],"score":172,"play_id":"96ea3671-fa50-4348-a638-488827733a1f","local_time":"20190325154300","is_ascension_mode":true,"campfire_choices":[{"data":"Zap","floor":6,"key":"SMITH"},{"floor":8,"key":"REST"},{"data":"Dualcast","floor":10,"key":"SMITH"}],"neow_cost":"CURSE","seed_source_timestamp":74924901070000,"circlet_count":0,"master_deck":["AscendersBane","Strike_B","Strike_B","Strike_B","Defend_B","Defend_B","Defend_B","Defend_B","Zap+1","Dualcast+1","Cold Snap","Genetic Algorithm+1","Cold Snap","Glacier+1","Buffer"],"relics":["Cracked Core","Toxic Egg 2","Orichalcum","Smiling Mask"],"potions_floor_usage":[7],"damage_taken":[{"damage":9,"enemies":"Jaw Worm","floor":1,"turns":4},{"damage":3,"enemies":"Cultist","floor":3,"turns":3},{"damage":0,"enemies":"Small Slimes","floor":5,"turns":3},{"damage":38,"enemies":"Gremlin Nob","floor":7,"turns":4},{"damage":2,"enemies":"Gremlin Gang","floor":14,"turns":3}],"seed_played":"5057363729427529798","potions_obtained":[{"floor":5,"key":"SteroidPotion"}],"is_trial":false,"path_per_floor":["M","?","M","$","M","R","E","R","T","R","$","?","?","M"],"character_chosen":"DEFECT","items_purchased":["Toxic Egg 2","Cold Snap"],"campfire_rested":1,"item_purchase_floors":[4,11],"current_hp_per_floor":[55,45,42,42,42,42,4,25,25,25,25,25,25,23],"gold":75,"neow_bonus":"TWO_FIFTY_GOLD","is_prod":false,"is_daily":false,"chose_seed":false,"campfire_upgraded":2,"win_rate":0,"timestamp":1553496180,"path_taken":["M","?","M","$","?","R","E","R","T","R","$","?","?","M"],"build_version":"2019-01-23","purchased_purges":1,"victory":false,"max_hp_per_floor":[71,71,71,71,71,71,71,71,71,71,71,71,71,71],"card_choices":[{"not_picked":["Gash","Fusion","Rip and Tear"],"picked":"SKIP","floor":1},{"not_picked":["Steam","Compile Driver"],"picked":"Cold Snap","floor":3},{"not_picked":["Ball Lightning","Storm"],"picked":"Genetic Algorithm+1","floor":5},{"not_picked":["Barrage","Sweeping Beam","Gash"],"picked":"SKIP","floor":7}],"player_experience":2567185,"relics_obtained":[{"floor":7,"key":"Orichalcum"},{"floor":9,"key":"Smiling Mask"}],"event_choices":[{"damage_healed":0,"gold_gain":0,"player_choice":"Damaged","damage_taken":10,"max_hp_gain":0,"max_hp_loss":0,"event_name":"Wheel of Change","floor":2,"gold_loss":0},{"damage_healed":0,"gold_gain":0,"cards_transformed":["Strike_B"],"player_choice":"Change","damage_taken":0,"max_hp_gain":0,"max_hp_loss":0,"event_name":"Living Wall","floor":12,"gold_loss":0,"cards_obtained":["Glacier"]},{"damage_healed":0,"gold_gain":0,"player_choice":"1 cards matched","damage_taken":0,"max_hp_gain":0,"max_hp_loss":0,"event_name":"Match and Keep!","floor":13,"gold_loss":0,"cards_obtained":["Buffer"]}],"is_beta":false,"boss_relics":[],"items_purged_floors":[4],"is_endless":false,"potions_floor_spawned":[5],"killed_by":"Gremlin Gang","ascension_level":20}