{"gold_per_floor":[119,67,67,67,91,130,155,155,179,179,198,237,252,327,327,327],"floor_reached":16,"playtime":373,"items_purged":[],"score":270,"play_id":"e95e404a-dc8f-4f7a-ab8c-7ad17d2f30a4","local_time":"20190401181900","is_ascension_mode":true,"campfire_choices":[{"data":"True Grit","floor":8,"key":"SMITH"},{"data":"Bash","floor":10,"key":"SMITH"},{"data":"Flame Barrier","floor":15,"key":"SMITH"}],"neow_cost":"NONE","seed_source_timestamp":285238872680400,"circlet_count":0,"master_deck":["AscendersBane","Strike_R","Strike_R","Strike_R","Strike_R","Strike_R","Defend_R","Defend_R","Defend_R","Defend_R","Bash+1","True Grit+1","Power Through","Feel No Pain","Flame Barrier+1","Seeing Red"],"relics":["Burning Blood","NeowsBlessing","Golden Idol","Vajra","Potion Belt","Letter Opener"],"potions_floor_usage":[16,16],"damage_taken":[{"damage":0,"enemies":"Cultist","floor":1,"turns":1},{"damage":0,"enemies":"2 Louse","floor":5,"turns":1},{"damage":0,"enemies":"Gremlin Nob","floor":6,"turns":1},{"damage":7,"enemies":"Jaw Worm","floor":7,"turns":3},{"damage":9,"enemies":"2 Fungi Beasts","floor":11,"turns":4},{"damage":14,"enemies":"3 Sentries","floor":12,"turns":20},{"damage":17,"enemies":"3 Louse","floor":13,"turns":5},{"damage":3,"enemies":"Hexaghost","floor":16,"turns":9}],"seed_played":"-6200258932355022629","potions_obtained":[{"floor":6,"key":"Weak Potion"},{"floor":11,"key":"LiquidBronze"}],"is_trial":false,"path_per_floor":["M","$","?","?","M","E","M","R","T","R","M","E","M","?","R","B"],"character_chosen":"IRONCLAD","items_purchased":["True Grit"],"campfire_rested":0,"item_purchase_floors":[2],"current_hp_per_floor":[74,74,48,30,36,42,41,41,41,41,38,30,19,8,8,5],"gold":327,"neow_bonus":"THREE_ENEMY_KILL","is_prod":false,"is_daily":false,"chose_seed":false,"campfire_upgraded":3,"win_rate":0,"timestamp":1554110340,"path_taken":["M","$","?","?","M","E","?","R","T","R","M","E","M","?","R","BOSS"],"build_version":"2019-01-23","purchased_purges":0,"victory":false,"max_hp_per_floor":[75,75,75,75,75,75,75,75,75,75,75,75,75,75,75,75],"card_choices":[{"not_picked":["Perfected Strike","Warcry","Infernal Blade"],"picked":"SKIP","floor":1},{"not_picked":["Body Slam","Sword Boomerang","Perfected Strike"],"picked":"SKIP","floor":5},{"not_picked":["Hemokinesis","Clothesline"],"picked":"Power Through","floor":6},{"not_picked":["True Grit","Twin Strike","Clothesline"],"picked":"SKIP","floor":7},{"not_picked":["Clash","Combust"],"picked":"Feel No Pain","floor":11},{"not_picked":["Thunderclap","Bloodletting"],"picked":"Flame Barrier","floor":12},{"not_picked":["Twin Strike","Warcry"],"picked":"Seeing Red","floor":13}],"player_experience":2804383,"relics_obtained":[{"floor":6,"key":"Potion Belt"},{"floor":12,"key":"Letter Opener"}],"event_choices":[{"damage_healed":0,"gold_gain":0,"player_choice":"Take Damage","damage_taken":26,"relics_obtained":["Golden Idol"],"max_hp_gain":0,"max_hp_loss":0,"event_name":"Golden Idol","floor":3,"gold_loss":0},{"damage_healed":0,"gold_gain":0,"player_choice":"Success","damage_taken":18,"relics_obtained":["Vajra"],"max_hp_gain":0,"max_hp_loss":0,"event_name":"Scrap Ooze","floor":4,"gold_loss":0},{"damage_healed":0,"gold_gain":75,"player_choice":"Gather Gold","damage_taken":11,"max_hp_gain":0,"max_hp_loss":0,"event_name":"World of Goop","floor":14,"gold_loss":0}],"is_beta":false,"boss_relics":[],"items_purged_floors":[],"is_endless":false,"potions_floor_spawned":[6,11],"killed_by":"Hexaghost","ascension_level":20}