{"gold_per_floor":[111,123,138,156,79,79,107,182,182,210,210,227,227,245,245,345,345,364,289,98,98,13,31,31,44,44,62,79,79,79,111,111,206,206,220,220,239,44,44,44,60,92,115,130,130],"floor_reached":45,"playtime":3065,"items_purged":["Injury"],"score":490,"play_id":"89bc31db-6162-405c-870d-060a2780a0c5","local_time":"20190212131916","is_ascension_mode":false,"campfire_choices":[{"floor":6.0,"key":"REST"},{"floor":11.0,"key":"REST"},{"floor":13.0,"key":"REST"},{"floor":15.0,"key":"REST"},{"floor":24.0,"key":"REST"},{"floor":30.0,"key":"REST"},{"floor":32.0,"key":"RECALL"},{"data":"Static Discharge","floor":40.0,"key":"SMITH"}],"neow_cost":"NONE","seed_source_timestamp":1090903290740265,"circlet_count":0,"master_deck":["Strike_B+1","Strike_B+1","Strike_B+1","Strike_B+1","Defend_B+1","Defend_B+1","Defend_B+1","Defend_B+1","Zap","Dualcast","Fusion","Force Field","Hello World","Static Discharge","Heatsinks","Static Discharge","Hello World","Static Discharge+1","Static Discharge","Creative AI","Injury","Heatsinks","Bandage Up","Hello World","White Noise+1","Conserve Battery","Self Repair","Steam","Creative AI","Decay","Parasite","Loop+1"],"special_seed":0,"relics":["Cracked Core","Orichalcum","Molten Egg 2","Odd Mushroom","Calling Bell","Bag of Preparation","Pantograph","Gambling Chip","GremlinMask","Letter Opener","Eternal Feather","Bronze Scales","Mango","Happy Flower"],"potions_floor_usage":[45],"damage_taken":[{"damage":6.0,"enemies":"Jaw Worm","floor":1.0,"turns":4.0},{"damage":7.0,"enemies":"Small Slimes","floor":2.0,"turns":4.0},{"damage":2.0,"enemies":"2 Louse","floor":3.0,"turns":2.0},{"damage":11.0,"enemies":"Large Slime","floor":4.0,"turns":6.0},{"damage":9.0,"enemies":"Lagavulin","floor":7.0,"turns":6.0},{"damage":3.0,"enemies":"The Mushroom Lair","floor":10.0,"turns":3.0},{"damage":16.0,"enemies":"Lots of Slimes","floor":12.0,"turns":4.0},{"damage":13.0,"enemies":"Gremlin Gang","floor":14.0,"turns":5.0},{"damage":25.0,"enemies":"Hexaghost","floor":16.0,"turns":6.0},{"damage":11.0,"enemies":"Chosen","floor":18.0,"turns":5.0},{"damage":6.0,"enemies":"3 Byrds","floor":23.0,"turns":2.0},{"damage":10.0,"enemies":"Centurion and Healer","floor":25.0,"turns":7.0},{"damage":9.0,"enemies":"Snecko","floor":27.0,"turns":7.0},{"damage":9.0,"enemies":"Snake Plant","floor":28.0,"turns":2.0},{"damage":31.0,"enemies":"Book of Stabbing","floor":31.0,"turns":6.0},{"damage":38.0,"enemies":"Automaton","floor":33.0,"turns":12.0},{"damage":18.0,"enemies":"Orb Walker","floor":35.0,"turns":5.0},{"damage":4.0,"enemies":"3 Shapes","floor":37.0,"turns":6.0},{"damage":17.0,"enemies":"Writhing Mass","floor":41.0,"turns":5.0},{"damage":62,"enemies":"Reptomancer","floor":42,"turns":6},{"damage":35,"enemies":"Jaw Worm Horde","floor":44,"turns":4},{"damage":15,"enemies":"3 Darklings","floor":45,"turns":3}],"seed_played":"-5138159401492313285","potions_obtained":[{"floor":0.0,"key":"FocusPotion"},{"floor":0.0,"key":"Fire Potion"},{"floor":0.0,"key":"Explosive Potion"},{"floor":2.0,"key":"Fire Potion"},{"floor":10.0,"key":"Weak Potion"},{"floor":12.0,"key":"Ancient Potion"},{"floor":18.0,"key":"Swift Potion"},{"floor":25.0,"key":"SteroidPotion"},{"floor":28.0,"key":"FocusPotion"},{"floor":37.0,"key":"SpeedPotion"},{"floor":44,"key":"Poison Potion"}],"is_trial":false,"path_per_floor":["M","M","M","M","$","R","E","?","T","?","R","M","R","M","R","B",null,"M","?","$","?","$","M","R","M","T","M","M","?","R","E","R","B",null,"M","?","M","$","?","R","M","E","T","M","M"],"character_chosen":"DEFECT","items_purchased":["Heatsinks","Heatsinks","Bandage Up","PowerPotion","Hello World","Bronze Scales","SkillPotion"],"campfire_rested":6,"item_purchase_floors":[5,20,20,22,22,38,38],"current_hp_per_floor":[69,62,60,49,49,71,62,51,51,48,70,54,75,62,75,50,75,64,64,64,64,64,62,75,71,71,66,61,61,75,51,51,48,75,64,64,71,71,71,75,71,34,34,10,0],"gold":130,"neow_bonus":"THREE_SMALL_POTIONS","is_prod":false,"is_daily":false,"chose_seed":false,"campfire_upgraded":1,"win_rate":0,"timestamp":1549970356,"path_taken":["M","M","M","M","$","R","E","?","T","?","R","M","R","?","R","BOSS","M","?","$","?","$","M","R","M","T","?","?","?","R","E","R","BOSS","M","?","M","$","?","R","M","E","T","M","M"],"build_version":"2019-01-23","purchased_purges":1,"victory":false,"max_hp_per_floor":[75,75,75,75,75,75,75,75,75,75,75,75,75,75,75,75,75,75,75,75,75,75,75,75,75,75,75,75,75,75,75,75,75,75,75,75,75,75,75,75,75,89,89,89,89],"card_choices":[{"not_picked":["Turbo","Stack"],"picked":"Fusion","floor":1.0},{"not_picked":["Steam","Leap"],"picked":"Force Field","floor":2.0},{"not_picked":["Skim","Chaos"],"picked":"Hello World","floor":3.0},{"not_picked":["Blizzard","Streamline"],"picked":"Static Discharge","floor":4.0},{"not_picked":["Go for the Eyes","Leap"],"picked":"Static Discharge","floor":7.0},{"not_picked":["Leap","Compile Driver+1"],"picked":"Hello World","floor":10.0},{"not_picked":["Redo","Chill"],"picked":"Static Discharge","floor":12.0},{"not_picked":["Gash+1","Double Energy"],"picked":"Static Discharge","floor":14.0},{"not_picked":["Fission","All For One+1"],"picked":"Creative AI","floor":16.0},{"not_picked":["Stack","Tempest","Streamline+1"],"picked":"SKIP","floor":18.0},{"not_picked":["Streamline+1","Go for the Eyes+1","Stack"],"picked":"SKIP","floor":23.0},{"not_picked":["Coolheaded","Beam Cell+1"],"picked":"White Noise+1","floor":25.0},{"not_picked":["Rip and Tear+1","Hologram+1"],"picked":"Conserve Battery","floor":27.0},{"not_picked":["Beam Cell+1","Hello World+1"],"picked":"Self Repair","floor":28.0},{"not_picked":["Multi-Cast","Rebound+1"],"picked":"Steam","floor":31.0},{"not_picked":["Rainbow","Machine Learning"],"picked":"Creative AI","floor":33.0},{"not_picked":["Undo","Streamline+1","Reprogram"],"picked":"SKIP","floor":35.0},{"not_picked":["Sweeping Beam+1","Turbo+1","Hologram"],"picked":"SKIP","floor":37.0},{"not_picked":["Beam Cell+1","Glacier+1","Cold Snap+1"],"picked":"SKIP","floor":41.0},{"not_picked":["Genetic Algorithm","Compile Driver+1"],"picked":"Loop+1","floor":42},{"not_picked":["Sunder+1","Go for the Eyes+1","Hologram+1"],"picked":"SKIP","floor":44}],"player_experience":936674,"relics_obtained":[{"floor":7.0,"key":"Orichalcum"},{"floor":9.0,"key":"Molten Egg 2"},{"floor":10.0,"key":"Odd Mushroom"},{"floor":17.0,"key":"Bag of Preparation"},{"floor":17.0,"key":"Pantograph"},{"floor":17.0,"key":"Gambling Chip"},{"floor":31.0,"key":"Letter Opener"},{"floor":42,"key":"Mango"},{"floor":43,"key":"Happy Flower"}],"event_choices":[{"damage_healed":0.0,"max_hp_gain":0.0,"max_hp_loss":0.0,"gold_gain":75.0,"event_name":"World of Goop","player_choice":"Gather Gold","floor":8.0,"gold_loss":0.0,"damage_taken":11.0},{"damage_healed":0.0,"max_hp_gain":0.0,"max_hp_loss":0.0,"gold_gain":0.0,"event_name":"Mushrooms","player_choice":"Fought Mushrooms","floor":10.0,"gold_loss":0.0,"damage_taken":0.0},{"cards_removed":["Doubt"],"damage_healed":0.0,"max_hp_gain":0.0,"max_hp_loss":0.0,"gold_gain":0.0,"event_name":"Beggar","player_choice":"Gave Gold","floor":19.0,"gold_loss":75.0,"damage_taken":0.0},{"damage_healed":0.0,"max_hp_gain":0.0,"max_hp_loss":0.0,"gold_gain":0.0,"event_name":"FaceTrader","player_choice":"Trade","floor":21.0,"gold_loss":0.0,"damage_taken":0.0,"relics_obtained":["GremlinMask"]},{"damage_healed":0.0,"max_hp_gain":0.0,"max_hp_loss":0.0,"gold_gain":0.0,"event_name":"Back to Basics","player_choice":"Simplicity","floor":29.0,"gold_loss":0.0,"damage_taken":0.0,"cards_upgraded":["Strike_B","Strike_B","Strike_B","Strike_B","Defend_B","Defend_B","Defend_B","Defend_B"]},{"damage_healed":0.0,"max_hp_gain":0.0,"max_hp_loss":0.0,"gold_gain":0.0,"event_name":"Tomb of Lord Red Mask","player_choice":"Ignored","floor":36.0,"gold_loss":0.0,"damage_taken":0.0},{"damage_healed":0.0,"max_hp_gain":0.0,"max_hp_loss":0.0,"gold_gain":0.0,"event_name":"Wheel of Change","player_choice":"Cursed","floor":39.0,"gold_loss":0.0,"damage_taken":0.0,"cards_obtained":["Decay"]}],"is_beta":false,"boss_relics":[{"not_picked":["Sozu","Inserter"],"picked":"Calling Bell"},{"not_picked":["Empty Cage","Fusion Hammer"],"picked":"Eternal Feather"}],"items_purged_floors":[20],"is_endless":false,"potions_floor_spawned":[2,7,10,12,18,25,28,37,44],"killed_by":"3 Darklings","ascension_level":0}