{"gold_per_floor":[114,264,264,275,275,275,308,308,308,334,334,259,286,16,16,93,93,111,111,26,126,139,166,166,199,252,252,252,265,299,317,317,393,393,406,1405,1405,747,763,795,795,795,820,274,285,315,331,366,366,366,366,366,366,25,53,53],"floor_reached":57,"playtime":3311,"items_purged":["Regret","Defend_B","Normality","Clumsy","Defend_B"],"score":3470,"play_id":"e674c9ed-65c4-446a-9148-90113c7ce30f","local_time":"20190206175702","is_ascension_mode":true,"campfire_choices":[{"data":"Zap","floor":6,"key":"SMITH"},{"data":"Defragment","floor":11,"key":"SMITH"},{"data":"Blizzard","floor":15,"key":"SMITH"},{"data":"Defragment","floor":24,"key":"SMITH"},{"data":"Defragment","floor":27,"key":"SMITH"},{"data":"Loop","floor":32,"key":"SMITH"},{"data":"Normality","floor":42,"key":"PURGE"},{"floor":49,"key":"RECALL"},{"data":"Defragment","floor":53,"key":"SMITH"}],"neow_cost":"NONE","seed_source_timestamp":0,"circlet_count":0,"master_deck":["AscendersBane","Defend_B","Zap+1","Dualcast","Glacier","Coolheaded","Beam Cell","Defragment+1","FTL","Blizzard+1","Chill+1","Loop+1","Seek+1","Gash+1","Bite","Bite","Bite","Bite","Bite","Defragment+1","Defragment+1","Coolheaded+1","Reinforced Body+1","Seek+1","Turbo+1","Loop+1","Coolheaded+1","Defragment+1","Glacier+1","Loop","Capacitor+1","Amplify+1","Blizzard+1","Glacier+1"],"relics":["Cracked Core","NeowsBlessing","Incense Burner","Gremlin Horn","Torii","Toxic Egg 2","Singing Bowl","Coffee Dripper","Shuriken","Peace Pipe","Darkstone Periapt","PreservedInsect","Molten Egg 2","Bag of Preparation","Art of War","Cursed Key","DollysMirror","Kunai","Happy Flower","Pantograph","Frozen Egg 2","Blue Candle","Centennial Puzzle"],"potions_floor_usage":[16,21,25,33,47,51,55],"damage_taken":[{"damage":0,"enemies":"Jaw Worm","floor":1,"turns":1},{"damage":0,"enemies":"2 Louse","floor":4,"turns":1},{"damage":0,"enemies":"Lagavulin","floor":7,"turns":1},{"damage":23,"enemies":"3 Sentries","floor":10,"turns":12},{"damage":0,"enemies":"Lagavulin","floor":13,"turns":6},{"damage":33,"enemies":"Slime Boss","floor":16,"turns":12},{"damage":2,"enemies":"Chosen","floor":18,"turns":5},{"damage":15,"enemies":"Colosseum Slavers","floor":21,"turns":5},{"damage":1,"enemies":"Colosseum Nobs","floor":21,"turns":4},{"damage":13,"enemies":"Shell Parasite","floor":22,"turns":6},{"damage":61,"enemies":"Book of Stabbing","floor":23,"turns":6},{"damage":0,"enemies":"Gremlin Leader","floor":25,"turns":4},{"damage":0,"enemies":"Snecko","floor":29,"turns":8},{"damage":14,"enemies":"Book of Stabbing","floor":30,"turns":6},{"damage":0,"enemies":"Snake Plant","floor":31,"turns":7},{"damage":0,"enemies":"Champ","floor":33,"turns":12},{"damage":0,"enemies":"3 Darklings","floor":35,"turns":5},{"damage":0,"enemies":"3 Shapes","floor":39,"turns":4},{"damage":8,"enemies":"Nemesis","floor":40,"turns":13},{"damage":0,"enemies":"Spire Growth","floor":45,"turns":7},{"damage":1,"enemies":"Reptomancer","floor":46,"turns":7},{"damage":0,"enemies":"Writhing Mass","floor":47,"turns":8},{"damage":0,"enemies":"Nemesis","floor":48,"turns":9},{"damage":0,"enemies":"Donu and Deca","floor":50,"turns":17},{"damage":0,"enemies":"Awakened One","floor":51,"turns":16},{"damage":1,"enemies":"Shield and Spear","floor":55,"turns":8},{"damage":30,"enemies":"The Heart","floor":56,"turns":14}],"seed_played":"-6898432793216179594","potions_obtained":[{"floor":1,"key":"FocusPotion"},{"floor":16,"key":"AttackPotion"},{"floor":21,"key":"Energy Potion"},{"floor":23,"key":"AttackPotion"},{"floor":29,"key":"PowerPotion"},{"floor":40,"key":"GamblersBrew"},{"floor":48,"key":"Block Potion"}],"is_trial":false,"path_per_floor":["M","?","?","M","?","R","E","?","T","E","R","$","E","$","R","B",null,"M","?","?","?","M","E","R","E","T","R","?","M","E","M","R","B",null,"M","?","?","$","M","E","?","R","T","$","M","E","M","E","R","B","B",null,"R","$","E","B",null],"character_chosen":"DEFECT","items_purchased":["Chill+1","Loop","DollysMirror","Kunai","Coolheaded+1","Glacier+1","Pantograph","Loop","Amplify+1","Blizzard+1"],"campfire_rested":0,"item_purchase_floors":[14,14,38,38,38,44,44,44,54,54],"current_hp_per_floor":[64,64,64,64,64,64,64,57,57,34,34,34,34,34,34,1,54,52,49,49,51,53,3,3,19,19,19,19,39,39,57,57,57,57,57,69,66,66,68,68,68,68,74,74,76,76,78,80,80,80,80,80,80,80,80,80],"gold":53,"neow_bonus":"THREE_ENEMY_KILL","is_prod":false,"is_daily":false,"chose_seed":true,"campfire_upgraded":7,"win_rate":0,"timestamp":1549443422,"path_taken":["M","?","?","M","?","R","E","?","T","E","R","$","E","?","R","BOSS","M","?","?","?","M","E","R","E","T","R","?","?","E","M","R","BOSS","M","?","?","$","M","E","?","R","T","$","M","E","M","E","R","BOSS","BOSS","R","$","E","BOSS"],"build_version":"2019-01-23","purchased_purges":5,"victory":true,"max_hp_per_floor":[71,71,71,71,71,71,71,71,71,71,71,71,71,71,71,71,71,71,49,49,51,53,53,53,53,53,53,53,55,55,57,57,57,57,57,69,66,66,68,68,68,68,74,74,76,76,78,80,80,80,80,80,80,80,80,80],"card_choices":[{"not_picked":["Steam","Barrage"],"picked":"Glacier","floor":1},{"not_picked":["Rebound","Darkness"],"picked":"Beam Cell","floor":4},{"not_picked":["Undo","Tempest"],"picked":"Defragment","floor":7},{"not_picked":["Cold Snap","Ball Lightning"],"picked":"FTL","floor":10},{"not_picked":["Reboot+1","Reprogram+1"],"picked":"Blizzard","floor":13},{"not_picked":["Meteor Strike","Electrodynamics"],"picked":"Seek+1","floor":16},{"not_picked":["Leap+1","Compile Driver+1"],"picked":"Gash+1","floor":18},{"not_picked":["Rip and Tear","Turbo+1","Conserve Battery+1"],"picked":"Singing Bowl","floor":21},{"not_picked":["Steam+1","Rip and Tear+1","Ball Lightning"],"picked":"Singing Bowl","floor":22},{"not_picked":["Self Repair+1","Fission+1"],"picked":"Defragment","floor":23},{"not_picked":["Lockon","BootSequence+1"],"picked":"Defragment","floor":25},{"not_picked":["Recycle+1","Go for the Eyes+1","Leap+1"],"picked":"Singing Bowl","floor":29},{"not_picked":["Machine Learning","Rebound+1"],"picked":"Reinforced Body+1","floor":30},{"not_picked":["Force Field+1","Melter+1","Double Energy+1"],"picked":"Singing Bowl","floor":31},{"not_picked":["Hyperbeam+1","Thunder Strike+1"],"picked":"Seek+1","floor":33},{"not_picked":["Barrage+1","Double Energy+1"],"picked":"Turbo+1","floor":35},{"not_picked":["Beam Cell+1","Chaos+1","BootSequence+1"],"picked":"Singing Bowl","floor":39},{"not_picked":["Undo+1","Doom and Gloom+1"],"picked":"Defragment","floor":40},{"not_picked":["Hyperbeam+1","Defragment","Stack+1"],"picked":"Singing Bowl","floor":45},{"not_picked":["Ball Lightning+1","Compile Driver+1"],"picked":"Capacitor","floor":46},{"not_picked":["Sunder+1","Leap+1","Compile Driver+1"],"picked":"Singing Bowl","floor":47},{"not_picked":["Conserve Battery+1","Beam Cell+1","Turbo+1"],"picked":"Singing Bowl","floor":48},{"not_picked":["Conserve Battery+1","Ball Lightning+1"],"picked":"Glacier+1","floor":55}],"player_experience":1405855,"relics_obtained":[{"floor":7,"key":"Gremlin Horn"},{"floor":9,"key":"Torii"},{"floor":10,"key":"Toxic Egg 2"},{"floor":13,"key":"Singing Bowl"},{"floor":21,"key":"Peace Pipe"},{"floor":21,"key":"Darkstone Periapt"},{"floor":23,"key":"PreservedInsect"},{"floor":25,"key":"Molten Egg 2"},{"floor":26,"key":"Bag of Preparation"},{"floor":30,"key":"Art of War"},{"floor":40,"key":"Happy Flower"},{"floor":46,"key":"Frozen Egg 2"},{"floor":48,"key":"Blue Candle"},{"floor":55,"key":"Centennial Puzzle"}],"event_choices":[{"damage_healed":0,"gold_gain":150,"player_choice":"AGREE","damage_taken":0,"max_hp_gain":0,"max_hp_loss":0,"event_name":"Liars Game","floor":2,"gold_loss":0,"cards_obtained":["Doubt"]},{"damage_healed":0,"gold_gain":0,"cards_transformed":["Defend_B"],"player_choice":"Change","damage_taken":0,"max_hp_gain":0,"max_hp_loss":0,"event_name":"Living Wall","floor":3,"gold_loss":0,"cards_obtained":["Coolheaded"]},{"damage_healed":0,"gold_gain":0,"player_choice":"Box","damage_taken":0,"relics_obtained":["Incense Burner"],"max_hp_gain":0,"max_hp_loss":0,"event_name":"Big Fish","floor":5,"gold_loss":0,"cards_obtained":["Regret"]},{"cards_removed":["Doubt"],"damage_healed":0,"gold_gain":0,"player_choice":"Card Removal","damage_taken":7,"max_hp_gain":0,"max_hp_loss":0,"event_name":"Golden Wing","floor":8,"gold_loss":0},{"damage_healed":0,"gold_gain":0,"player_choice":"Became a vampire","damage_taken":0,"max_hp_gain":0,"max_hp_loss":22,"event_name":"Vampires","floor":19,"gold_loss":0,"cards_obtained":["Bite","Bite","Bite","Bite","Bite"]},{"damage_healed":0,"gold_gain":0,"player_choice":"Obtained Relic","damage_taken":0,"relics_obtained":["Shuriken"],"max_hp_gain":0,"max_hp_loss":0,"event_name":"Addict","floor":20,"gold_loss":85},{"damage_healed":0,"gold_gain":0,"player_choice":"Fight","damage_taken":0,"max_hp_gain":0,"max_hp_loss":0,"event_name":"Colosseum","floor":21,"gold_loss":0},{"damage_healed":0,"gold_gain":0,"player_choice":"Fought Nobs","damage_taken":0,"max_hp_gain":0,"max_hp_loss":0,"event_name":"Colosseum","floor":21,"gold_loss":0},{"damage_healed":0,"gold_gain":0,"player_choice":"Read","damage_taken":0,"max_hp_gain":0,"max_hp_loss":0,"event_name":"The Library","floor":28,"gold_loss":0,"cards_obtained":["Coolheaded"]},{"damage_healed":0,"gold_gain":999,"player_choice":"Gold","damage_taken":0,"max_hp_gain":0,"max_hp_loss":0,"event_name":"MindBloom","floor":36,"gold_loss":0,"cards_obtained":["Normality","Normality"]},{"damage_healed":0,"gold_gain":0,"player_choice":"Max HP","damage_taken":0,"max_hp_gain":0,"max_hp_loss":3,"event_name":"Winding Halls","floor":37,"gold_loss":0},{"damage_healed":0,"gold_gain":0,"player_choice":"Ignored","damage_taken":0,"max_hp_gain":0,"max_hp_loss":0,"event_name":"Tomb of Lord Red Mask","floor":41,"gold_loss":0}],"is_beta":false,"boss_relics":[{"not_picked":["Philosopher\u0027s Stone","Runic Pyramid"],"picked":"Coffee Dripper"},{"not_picked":["Lizard Tail","Nuclear Battery"],"picked":"Cursed Key"}],"items_purged_floors":[12,14,38,44,54],"is_endless":false,"potions_floor_spawned":[1,16,21,23,29,30,40,45,46,48],"ascension_level":20}