{"gold_per_floor":[117,117,137,137,137,137,168,168,168,184,184,141,141,156,156,156],"floor_reached":16,"playtime":218,"items_purged":[],"score":246,"play_id":"b0f891a4-41eb-4ff2-8e3f-01835fea6107","local_time":"20190403133612","is_ascension_mode":true,"campfire_choices":[{"data":"Bash","floor":6,"key":"SMITH"},{"data":"Shockwave","floor":13,"key":"SMITH"},{"data":"Shrug It Off","floor":15,"key":"SMITH"}],"neow_cost":"NONE","seed_source_timestamp":441228693460200,"circlet_count":0,"master_deck":["AscendersBane","Strike_R","Strike_R","Strike_R","Strike_R+1","Defend_R+1","Defend_R","Defend_R","Defend_R","Bash+1","Shockwave+1","Second Wind","Shrug It Off+1"],"relics":["Burning Blood","NeowsBlessing","Dream Catcher","Question Card","Singing Bowl","Prayer Wheel"],"potions_floor_usage":[16,16],"damage_taken":[{"damage":0,"enemies":"Small Slimes","floor":1,"turns":1},{"damage":0,"enemies":"Jaw Worm","floor":3,"turns":1},{"damage":0,"enemies":"Lagavulin","floor":7,"turns":2},{"damage":0,"enemies":"2 Louse","floor":10,"turns":4},{"damage":10,"enemies":"Blue Slaver","floor":14,"turns":5},{"damage":10,"enemies":"The Guardian","floor":16,"turns":7}],"seed_played":"-68468952190956472","potions_obtained":[{"floor":10,"key":"SpeedPotion"},{"floor":14,"key":"BloodPotion"}],"is_trial":false,"path_per_floor":["M","?","M","$","?","R","E","?","T","M","T","$","R","M","R","B"],"character_chosen":"IRONCLAD","items_purchased":["Second Wind"],"campfire_rested":0,"item_purchase_floors":[12],"current_hp_per_floor":[74,67,73,73,50,50,56,45,45,51,51,51,51,49,49,46],"gold":156,"neow_bonus":"THREE_ENEMY_KILL","is_prod":false,"is_daily":false,"chose_seed":false,"campfire_upgraded":3,"win_rate":0,"timestamp":1554266172,"path_taken":["M","?","M","$","?","R","E","?","T","?","?","?","R","?","R","BOSS"],"build_version":"2019-01-23","purchased_purges":0,"victory":false,"max_hp_per_floor":[75,75,75,75,75,75,75,75,75,75,75,75,75,77,77,77],"card_choices":[{"not_picked":["Clash","Headbutt","Iron Wave"],"picked":"SKIP","floor":1},{"not_picked":["Cleave","Thunderclap","Anger"],"picked":"SKIP","floor":3},{"not_picked":["Armaments","Warcry","Sever Soul"],"picked":"SKIP","floor":7},{"not_picked":["Headbutt","Body Slam","Searing Blow"],"picked":"Shockwave","floor":10},{"not_picked":["Armaments","Spot Weakness","Clash","Wild Strike"],"picked":"Singing Bowl","floor":14},{"not_picked":["Sword Boomerang","Battle Trance","Reckless Charge"],"picked":"Shrug It Off","floor":14}],"player_experience":2829188,"relics_obtained":[{"floor":7,"key":"Dream Catcher"},{"floor":9,"key":"Singing Bowl"},{"floor":11,"key":"Prayer Wheel"}],"event_choices":[{"cards_removed":["Strike_R"],"damage_healed":0,"gold_gain":0,"player_choice":"Card Removal","damage_taken":7,"max_hp_gain":0,"max_hp_loss":0,"event_name":"Golden Wing","floor":2,"gold_loss":0},{"damage_healed":0,"gold_gain":0,"player_choice":"Entered Light","damage_taken":23,"max_hp_gain":0,"max_hp_loss":0,"event_name":"Shining Light","floor":5,"gold_loss":0,"cards_upgraded":["Defend_R","Strike_R"]},{"damage_healed":0,"gold_gain":0,"player_choice":"Success","damage_taken":11,"relics_obtained":["Question Card"],"max_hp_gain":0,"max_hp_loss":0,"event_name":"Scrap Ooze","floor":8,"gold_loss":0}],"is_beta":false,"boss_relics":[],"items_purged_floors":[],"is_endless":false,"potions_floor_spawned":[10,14],"killed_by":"The Guardian","ascension_level":20}