{"gold_per_floor":[116,116,136,136,155,155,120,170,217,243,243,272,272,44,44,123,123,135,60,110,110,125,125,13,13,13,40,40,40,40,56,56,130,130,149,149,107,107,107,107,119,119,195,226,226,226,226],"floor_reached":47,"playtime":1001,"items_purged":["Strike_R"],"score":1196,"play_id":"c764cd0a-60e0-4545-a4a1-d8187935380a","local_time":"20190410185621","is_ascension_mode":true,"campfire_choices":[{"data":"Immolate","floor":6,"key":"SMITH"},{"data":"True Grit","floor":13,"key":"SMITH"},{"data":"Bash","floor":15,"key":"SMITH"},{"data":"Juggernaut","floor":23,"key":"SMITH"},{"data":"Entrench","floor":25,"key":"SMITH"},{"data":"Body Slam","floor":32,"key":"SMITH"},{"data":"Corruption","floor":40,"key":"SMITH"},{"data":"Feel No Pain","floor":42,"key":"SMITH"},{"floor":45,"key":"RECALL"}],"neow_cost":"NONE","seed_source_timestamp":319709480754000,"circlet_count":0,"master_deck":["AscendersBane","Defend_R","Defend_R","Defend_R","Defend_R","Immolate+1","Entrench+1","True Grit+1","Offering","Juggernaut+1","Feel No Pain","Ghostly","Ghostly","Ghostly","Body Slam+1","Corruption+1","Bite","Bite","Bite","Bite","Bite","Dark Embrace","Madness","Madness","Disarm","Feel No Pain+1"],"relics":["Coffee Dripper","Ice Cream","Juzu Bracelet","Happy Flower","Art of War","Toy Ornithopter","Runic Pyramid","Torii","Bottled Lightning","Runic Dome","Darkstone Periapt"],"potions_floor_usage":[10,16,18,33,38],"damage_taken":[{"damage":1,"enemies":"2 Louse","floor":1,"turns":3},{"damage":0,"enemies":"Cultist","floor":3,"turns":3},{"damage":7,"enemies":"Jaw Worm","floor":5,"turns":2},{"damage":4,"enemies":"Gremlin Nob","floor":10,"turns":3},{"damage":10,"enemies":"3 Sentries","floor":12,"turns":4},{"damage":22,"enemies":"The Guardian","floor":16,"turns":15},{"damage":21,"enemies":"Shell Parasite","floor":18,"turns":3},{"damage":1,"enemies":"Chosen","floor":22,"turns":5},{"damage":6,"enemies":"Book of Stabbing","floor":27,"turns":3},{"damage":0,"enemies":"Snake Plant","floor":31,"turns":4},{"damage":1,"enemies":"Automaton","floor":33,"turns":5},{"damage":1,"enemies":"3 Shapes","floor":35,"turns":3},{"damage":6,"enemies":"3 Darklings","floor":38,"turns":1},{"damage":19,"enemies":"Jaw Worm Horde","floor":41,"turns":4},{"damage":28,"enemies":"Reptomancer","floor":44,"turns":5},{"damage":45,"enemies":"Nemesis","floor":47,"turns":2}],"seed_played":"-7792258348207870439","potions_obtained":[{"floor":5,"key":"Swift Potion"},{"floor":12,"key":"Dexterity Potion"},{"floor":16,"key":"BloodPotion"},{"floor":18,"key":"PowerPotion"},{"floor":27,"key":"Strength Potion"},{"floor":33,"key":"SmokeBomb"}],"is_trial":false,"path_per_floor":["M","?","M","?","M","R","?","?","T","E","?","E","R","$","R","B",null,"M","?","?","?","M","R","$","R","T","E","?","?","$","M","R","B",null,"M","?","$","M","?","R","M","R","T","E","R","?","E"],"character_chosen":"IRONCLAD","items_purchased":["Toy Ornithopter","Corruption","Disarm"],"campfire_rested":0,"item_purchase_floors":[14,24,37],"current_hp_per_floor":[67,67,67,32,25,25,43,43,43,39,39,29,29,29,29,12,59,50,50,50,37,36,36,36,36,36,30,22,22,22,29,29,29,29,29,24,24,25,25,25,20,20,20,13,13,13,0],"gold":226,"neow_bonus":"BOSS_RELIC","is_prod":false,"is_daily":false,"chose_seed":false,"campfire_upgraded":8,"win_rate":0,"timestamp":1554890181,"path_taken":["M","?","?","?","M","R","?","?","T","E","?","E","R","$","R","BOSS","M","?","?","?","M","R","$","R","T","E","?","?","?","M","R","BOSS","M","?","$","M","?","R","M","R","T","E","R","?","E"],"build_version":"2019-01-23","purchased_purges":1,"victory":false,"max_hp_per_floor":[75,75,75,75,75,75,75,75,75,75,75,75,75,75,75,75,75,75,75,75,37,37,37,37,37,37,37,42,29,29,29,29,29,29,29,29,29,29,29,29,29,29,29,29,29,29,29],"card_choices":[{"not_picked":["Warcry","Anger","Sever Soul"],"picked":"SKIP","floor":1},{"not_picked":["Flex","Twin Strike","Sword Boomerang"],"picked":"SKIP","floor":3},{"not_picked":["Reckless Charge","Havoc"],"picked":"Entrench","floor":5},{"not_picked":["Flame Barrier","Pommel Strike"],"picked":"True Grit","floor":10},{"not_picked":["Sword Boomerang","Iron Wave"],"picked":"Offering","floor":12},{"not_picked":["Limit Break","Demon Form"],"picked":"Juggernaut","floor":16},{"not_picked":["Combust+1","Power Through"],"picked":"Feel No Pain","floor":18},{"not_picked":["Warcry","Wild Strike"],"picked":"Body Slam","floor":22},{"not_picked":["Heavy Blade","Bludgeon","Clash"],"picked":"SKIP","floor":27},{"not_picked":["Havoc","Cleave","Corruption"],"picked":"SKIP","floor":31},{"not_picked":["Limit Break","Double Tap"],"picked":"Dark Embrace","floor":33},{"not_picked":["Anger","Sword Boomerang","Headbutt"],"picked":"SKIP","floor":35},{"not_picked":["Metallicize","Clothesline"],"picked":"Feel No Pain","floor":41},{"not_picked":["Sword Boomerang","Dropkick","Body Slam"],"picked":"SKIP","floor":44}],"player_experience":3035452,"relics_obtained":[{"floor":9,"key":"Juzu Bracelet"},{"floor":10,"key":"Happy Flower"},{"floor":12,"key":"Art of War"},{"floor":26,"key":"Torii"},{"floor":27,"key":"Bottled Lightning"},{"floor":44,"key":"Darkstone Periapt"}],"event_choices":[{"damage_healed":0,"gold_gain":0,"cards_transformed":["Strike_R"],"player_choice":"Transformed","damage_taken":0,"max_hp_gain":0,"max_hp_loss":0,"event_name":"Transmorgrifier","floor":2,"gold_loss":0,"cards_obtained":["Immolate"]},{"damage_healed":0,"gold_gain":0,"player_choice":"Success","damage_taken":35,"relics_obtained":["Ice Cream"],"max_hp_gain":0,"max_hp_loss":0,"event_name":"Scrap Ooze","floor":4,"gold_loss":0},{"damage_healed":18,"gold_gain":0,"player_choice":"Healed","damage_taken":0,"max_hp_gain":0,"max_hp_loss":0,"event_name":"The Cleric","floor":7,"gold_loss":35},{"damage_healed":0,"gold_gain":50,"player_choice":"Pray","damage_taken":0,"max_hp_gain":0,"max_hp_loss":0,"event_name":"Golden Shrine","floor":8,"gold_loss":0},{"damage_healed":0,"gold_gain":0,"player_choice":"Ignored","damage_taken":0,"max_hp_gain":0,"max_hp_loss":0,"event_name":"Shining Light","floor":11,"gold_loss":0},{"cards_removed":["Strike_R"],"damage_healed":0,"gold_gain":0,"player_choice":"Gave Gold","damage_taken":0,"max_hp_gain":0,"max_hp_loss":0,"event_name":"Beggar","floor":19,"gold_loss":75},{"damage_healed":0,"gold_gain":50,"player_choice":"Stole From Cult","damage_taken":0,"max_hp_gain":0,"max_hp_loss":0,"event_name":"Nest","floor":20,"gold_loss":0},{"damage_healed":0,"gold_gain":0,"player_choice":"Became a Ghost","damage_taken":0,"max_hp_gain":0,"max_hp_loss":38,"event_name":"Ghosts","floor":21,"gold_loss":0,"cards_obtained":["Ghostly","Ghostly","Ghostly"]},{"damage_healed":0,"gold_gain":0,"player_choice":"Shed Blood","damage_taken":13,"max_hp_gain":5,"max_hp_loss":0,"event_name":"Forgotten Altar","floor":28,"gold_loss":0},{"damage_healed":0,"gold_gain":0,"player_choice":"Became a vampire","damage_taken":0,"max_hp_gain":0,"max_hp_loss":13,"event_name":"Vampires","floor":29,"gold_loss":0,"cards_obtained":["Bite","Bite","Bite","Bite","Bite"]},{"damage_healed":0,"gold_gain":0,"player_choice":"Embrace Madness","damage_taken":5,"max_hp_gain":0,"max_hp_loss":0,"event_name":"Winding Halls","floor":36,"gold_loss":0,"cards_obtained":["Madness","Madness"]},{"cards_removed":["Bash"],"damage_healed":0,"gold_gain":0,"player_choice":"Removed Attack","damage_taken":0,"max_hp_gain":0,"max_hp_loss":0,"event_name":"Falling","floor":39,"gold_loss":0},{"damage_healed":0,"gold_gain":0,"player_choice":"Ignored","damage_taken":0,"max_hp_gain":0,"max_hp_loss":0,"event_name":"Tomb of Lord Red Mask","floor":46,"gold_loss":0}],"is_beta":false,"boss_relics":[{"not_picked":["Calling Bell","Mark of Pain"],"picked":"Runic Pyramid"},{"not_picked":["Sozu","Cursed Key"],"picked":"Runic Dome"}],"items_purged_floors":[24],"is_endless":false,"potions_floor_spawned":[5,12,16,18,27,33,38],"killed_by":"Nemesis","ascension_level":20}