{"gold_per_floor":[213,213,224,224,34,34,67,85,85,119,132,132,132,146,146,251,251,266,280,300,300],"floor_reached":21,"playtime":1317,"items_purged":[],"score":183,"play_id":"3d2831d0-df61-4ba0-a13e-63489519220e","local_time":"20190215162217","is_ascension_mode":false,"campfire_choices":[{"data":"Magnetism","floor":6,"key":"SMITH"},{"floor":15,"key":"REST"}],"neow_cost":"NONE","seed_source_timestamp":11373327037428,"circlet_count":0,"master_deck":["Strike_B","Strike_B","Strike_B","Strike_B","Defend_B","Defend_B","Defend_B","Defend_B","Zap+1","Dualcast","Chill+1","Magnetism+1","Blizzard","Barrage","Electrodynamics","Loop","Barrage","Echo Form","Loop"],"relics":["Cracked Core","Incense Burner","Kunai","The Courier","Strawberry"],"potions_floor_usage":[7,18,19,19],"damage_taken":[{"damage":2,"enemies":"Jaw Worm","floor":1,"turns":4},{"damage":0,"enemies":"2 Louse","floor":3,"turns":3},{"damage":21,"enemies":"3 Sentries","floor":7,"turns":7},{"damage":0,"enemies":"Cultist","floor":8,"turns":3},{"damage":2,"enemies":"Exordium Wildlife","floor":10,"turns":4},{"damage":7,"enemies":"Blue Slaver","floor":11,"turns":4},{"damage":0,"enemies":"Gremlin Gang","floor":14,"turns":1},{"damage":12,"enemies":"Slime Boss","floor":16,"turns":8},{"damage":4,"enemies":"3 Byrds","floor":18,"turns":4},{"damage":33,"enemies":"Spheric Guardian","floor":19,"turns":6},{"damage":29,"enemies":"Centurion and Healer","floor":20,"turns":7},{"damage":16,"enemies":"3 Cultists","floor":21,"turns":3}],"seed_played":"-7280331310585509650","potions_obtained":[{"floor":3,"key":"Strength Potion"},{"floor":10,"key":"SpeedPotion"},{"floor":16,"key":"Weak Potion"},{"floor":18,"key":"GamblersBrew"},{"floor":20,"key":"Ancient Potion"}],"is_trial":false,"path_per_floor":["M","?","M","?","$","R","E","M","T","M","M","?","T","M","R","B",null,"M","M","M","M"],"character_chosen":"DEFECT","items_purchased":["Magnetism"],"campfire_rested":1,"item_purchase_floors":[5],"current_hp_per_floor":[73,73,73,73,73,73,52,52,52,50,43,40,47,47,71,59,82,78,45,16,0],"gold":300,"neow_bonus":"HUNDRED_GOLD","is_prod":false,"is_daily":false,"chose_seed":false,"campfire_upgraded":1,"win_rate":0,"timestamp":1550240537,"path_taken":["M","?","M","?","$","R","E","M","T","M","?","?","?","M","R","BOSS","M","M","M","?"],"build_version":"2019-01-23","purchased_purges":0,"victory":false,"max_hp_per_floor":[75,75,75,75,75,75,75,75,75,75,75,75,82,82,82,82,82,82,82,82,82],"card_choices":[{"not_picked":["Turbo","Stack"],"picked":"Chill","floor":1},{"not_picked":["Turbo","Beam Cell","Steam"],"picked":"SKIP","floor":3},{"not_picked":["Auto Shields","Steam"],"picked":"Blizzard","floor":7},{"not_picked":["Lockon","Go for the Eyes"],"picked":"Barrage","floor":8},{"not_picked":["BootSequence","Coolheaded"],"picked":"Electrodynamics","floor":10},{"not_picked":["Rebound","Sweeping Beam"],"picked":"Loop","floor":11},{"not_picked":["Rebound","Streamline"],"picked":"Barrage","floor":14},{"not_picked":["Seek","Thunder Strike"],"picked":"Echo Form","floor":16},{"not_picked":["Blizzard","Leap+1"],"picked":"Loop","floor":18},{"not_picked":["Compile Driver","Sweeping Beam+1","Streamline"],"picked":"SKIP","floor":19},{"not_picked":["Coolheaded","Go for the Eyes","Hologram+1"],"picked":"SKIP","floor":20}],"player_experience":952238,"relics_obtained":[{"floor":7,"key":"Incense Burner"},{"floor":9,"key":"Kunai"},{"floor":13,"key":"Strawberry"}],"event_choices":[{"damage_healed":0,"gold_gain":0,"player_choice":"Grow","damage_taken":0,"max_hp_gain":0,"max_hp_loss":0,"event_name":"Living Wall","floor":2,"gold_loss":0,"cards_upgraded":["Chill"]},{"damage_healed":0,"gold_gain":0,"player_choice":"Forge","damage_taken":0,"max_hp_gain":0,"max_hp_loss":0,"event_name":"Accursed Blacksmith","floor":4,"gold_loss":0,"cards_upgraded":["Zap"]},{"damage_healed":0,"gold_gain":0,"player_choice":"Success","damage_taken":3,"relics_obtained":["The Courier"],"max_hp_gain":0,"max_hp_loss":0,"event_name":"Scrap Ooze","floor":12,"gold_loss":0}],"is_beta":false,"boss_relics":[{"not_picked":["Velvet Choker","Ectoplasm","Sozu"]}],"items_purged_floors":[],"is_endless":false,"potions_floor_spawned":[3,10,16,18,20],"killed_by":"3 Cultists","ascension_level":0}