{"gold_per_floor":[115,135,147,167,179,179,213,213,261,261,282,282,282,282],"floor_reached":14,"playtime":272,"items_purged":[],"score":180,"play_id":"98a281d6-98b6-49c0-8c54-7e4dbfd8576b","local_time":"20190331212415","is_ascension_mode":true,"campfire_choices":[{"data":"Sunder","floor":6,"key":"SMITH"},{"floor":8,"key":"REST"},{"data":"Darkness","floor":12,"key":"SMITH"}],"neow_cost":"TEN_PERCENT_HP_LOSS","seed_source_timestamp":210057070946000,"circlet_count":0,"master_deck":["AscendersBane","Strike_B","Strike_B","Strike_B+1","Strike_B","Defend_B","Defend_B","Defend_B","Defend_B","Zap","Dualcast+1","Sunder+1","Self Repair","Darkness+1"],"relics":["Cracked Core","Girya","Singing Bowl","DataDisk","Odd Mushroom","Kunai"],"potions_floor_usage":[7,11,14],"damage_taken":[{"damage":1,"enemies":"Cultist","floor":1,"turns":4},{"damage":7,"enemies":"Small Slimes","floor":2,"turns":3},{"damage":2,"enemies":"Jaw Worm","floor":3,"turns":3},{"damage":8,"enemies":"Red Slaver","floor":4,"turns":4},{"damage":28,"enemies":"Exordium Thugs","floor":5,"turns":5},{"damage":24,"enemies":"Gremlin Nob","floor":7,"turns":4},{"damage":5,"enemies":"The Mushroom Lair","floor":11,"turns":4},{"damage":12,"enemies":"Gremlin Gang","floor":14,"turns":2}],"seed_played":"-386283223843884969","potions_obtained":[{"floor":3,"key":"Dexterity Potion"},{"floor":5,"key":"Weak Potion"},{"floor":7,"key":"LiquidBronze"}],"is_trial":false,"path_per_floor":["M","M","M","M","M","R","E","R","T","?","?","R","T","M"],"character_chosen":"DEFECT","items_purchased":[],"campfire_rested":1,"item_purchase_floors":[],"current_hp_per_floor":[63,56,54,46,25,25,10,29,29,9,11,11,11,0],"gold":282,"neow_bonus":"ONE_RARE_RELIC","is_prod":false,"is_daily":false,"chose_seed":false,"campfire_upgraded":2,"win_rate":0,"timestamp":1554035055,"path_taken":["M","?","M","M","M","R","E","R","T","?","?","R","?","M"],"build_version":"2019-01-23","purchased_purges":0,"victory":false,"max_hp_per_floor":[64,64,64,64,64,64,66,66,66,66,66,66,66,66],"card_choices":[{"not_picked":["Barrage","Skim"],"picked":"Sunder","floor":1},{"not_picked":["Leap","Tempest","Rebound"],"picked":"SKIP","floor":2},{"not_picked":["Gash","Turbo","Beam Cell"],"picked":"SKIP","floor":3},{"not_picked":["Gash","Barrage"],"picked":"Self Repair","floor":4},{"not_picked":["Stack","Force Field","Hologram"],"picked":"SKIP","floor":5},{"not_picked":["Steam","Conserve Battery","Steam Power"],"picked":"Singing Bowl","floor":7},{"not_picked":["Force Field","Leap"],"picked":"Darkness","floor":11}],"player_experience":2788008,"relics_obtained":[{"floor":7,"key":"Singing Bowl"},{"floor":9,"key":"DataDisk"},{"floor":11,"key":"Odd Mushroom"},{"floor":13,"key":"Kunai"}],"event_choices":[{"damage_healed":0,"gold_gain":0,"player_choice":"Entered Light","damage_taken":20,"max_hp_gain":0,"max_hp_loss":0,"event_name":"Shining Light","floor":10,"gold_loss":0,"cards_upgraded":["Strike_B","Dualcast"]},{"damage_healed":0,"gold_gain":0,"player_choice":"Fought Mushrooms","damage_taken":0,"max_hp_gain":0,"max_hp_loss":0,"event_name":"Mushrooms","floor":11,"gold_loss":0}],"is_beta":false,"boss_relics":[],"items_purged_floors":[],"is_endless":false,"potions_floor_spawned":[3,5,7],"killed_by":"Gremlin Gang","ascension_level":20}