{"path_per_floor":["M","?","$","?","?","R","E","M","T","?","$","E","M","T","R","B",null,"M","M","M","$","M","R","$","?","T","R","M","M","E","$","R","B",null,"M","M","T","$","M","E","R","E","T","?","M","R","?","T","R","B"],"character_chosen":"IRONCLAD","items_purchased":["Sentinel","Warcry","Panache","Havoc"],"gold_per_floor":[119,119,44,44,44,44,75,95,121,121,42,71,89,145,145,250,250,267,283,303,77,90,90,90,90,90,90,109,123,149,0,0,102,102,121,135,135,10,27,56,56,86,86,86,105,105,0,0,0,0],"floor_reached":51,"campfire_rested":4,"playtime":4262,"current_hp_per_floor":[76,76,76,69,51,75,45,51,51,51,51,10,12,12,36,19,83,74,68,61,61,59,84,84,68,75,75,75,56,49,49,77,61,96,96,96,96,96,96,96,96,96,96,96,95,95,95,95,95,65],"items_purged":["Normality","Regret","Decay"],"gold":0,"score":740,"play_id":"175fb272-9fdc-4f73-956e-c0fbb3138e7c","is_prod":false,"is_daily":false,"is_ascension_mode":true,"campfire_upgraded":0,"path_taken":["M","?","$","?","?","R","E","M","T","?","$","E","M","?","R","BOSS","M","M","M","$","M","R","$","?","T","R","M","M","E","$","R","BOSS","M","M","?","$","?","E","R","E","T","?","M","R","?","?","R","BOSS"],"build_version":"2018-02-22-PROD2","purchased_purges":3,"victory":true,"master_deck":["Bash","Infernal Blade","Rage","Sentinel","Berserk","Corruption","Exhume","Doubt","Havoc","Second Wind","Warcry","Panache","Warcry","Intimidate","Havoc","Dark Embrace","Iron Wave","Shrug It Off","Warcry","Cleave","Corruption","Dropkick","Reckless Charge","Havoc","Wild Strike","Havoc+1","Seeing Red+1","Sentinel","True Grit+1","Havoc+1","Burning Pact"],"max_hp_per_floor":[80,80,80,80,80,80,80,80,80,80,80,80,80,80,80,83,83,83,83,86,86,86,86,86,86,93,93,96,96,96,96,96,96,96,96,96,96,96,96,96,96,96,96,96,96,96,96,96,96,96],"relics":["Burning Blood","Dead Branch","Kunai","Calipers","Girya","Anchor","Shuriken","Tiny Chest","Calling Bell","Shovel","Matryoshka","Dodecahedron","Enchiridion","Strawberry","Omamori","Orichalcum","Pandora\u0027s Box","Ice Cream","Meat on the Bone","Prayer Wheel","Dream Catcher","Red Skull","Bird Faced Urn","Red Mask","Champion Belt"],"card_choices":[{"not_picked":["Combust","Offering"],"picked":"Infernal Blade"},{"not_picked":["Pommel Strike","Clothesline"],"picked":"Rage"},{"not_picked":["Cleave","Pommel Strike"],"picked":"Berserk"},{"not_picked":["Shrug It Off","Armaments"],"picked":"Corruption"},{"not_picked":["Bludgeon","Brutality"],"picked":"Exhume"},{"not_picked":["Clash","Evolve"],"picked":"Havoc"},{"not_picked":["Armaments","Perfected Strike"],"picked":"Second Wind"},{"not_picked":["Iron Wave","Heavy Blade"],"picked":"Warcry"},{"not_picked":["Pummel","Reckless Charge"],"picked":"Intimidate"},{"not_picked":["Double Tap","Reaper"],"picked":"Dark Embrace"},{"not_picked":["Shockwave","Heavy Blade"],"picked":"Havoc"},{"not_picked":["Clothesline","Wild Strike"],"picked":"Seeing Red"},{"not_picked":["Flex","Exhume"],"picked":"Sentinel"},{"not_picked":["Flex","Clothesline"],"picked":"True Grit"},{"not_picked":["Flex","Clash"],"picked":"Body Slam"},{"not_picked":["Cleave","Entrench"],"picked":"Havoc"},{"not_picked":["Barricade","Dropkick"],"picked":"Burning Pact"}],"player_experience":211717,"potions_floor_usage":[12,16,20,30,33,40,40,50],"damage_taken":[{"damage":10,"enemies":"Small Slimes","floor":1,"turns":4},{"damage":36,"enemies":"Gremlin Nob","floor":7,"turns":4},{"damage":6,"enemies":"Cultist","floor":8,"turns":3},{"damage":47,"enemies":"Lagavulin","floor":12,"turns":7},{"damage":4,"enemies":"Jaw Worm","floor":13,"turns":5},{"damage":26,"enemies":"Hexaghost","floor":16,"turns":6},{"damage":15,"enemies":"Chosen","floor":18,"turns":5},{"damage":20,"enemies":"Shell Parasite","floor":19,"turns":6},{"damage":16,"enemies":"3 Cultists","floor":20,"turns":4},{"damage":8,"enemies":"Cultist and Chosen","floor":22,"turns":8},{"damage":9,"enemies":"Snake Plant","floor":28,"turns":2},{"damage":25,"enemies":"Slaver and Parasite","floor":29,"turns":6},{"damage":25,"enemies":"Slavers","floor":30,"turns":4},{"damage":42,"enemies":"Automaton","floor":33,"turns":8},{"damage":0,"enemies":"Orb Walker","floor":35,"turns":3},{"damage":6,"enemies":"3 Darklings","floor":36,"turns":1},{"damage":5,"enemies":"4 Shapes","floor":39,"turns":4},{"damage":39,"enemies":"Giant Head","floor":40,"turns":6},{"damage":2,"enemies":"Nemesis","floor":42,"turns":3},{"damage":7,"enemies":"Sphere and 2 Shapes","floor":45,"turns":2},{"damage":49,"enemies":"Donu and Deca","floor":50,"turns":5}],"event_choices":[{"event_name":"Accursed Blacksmith","player_choice":"Rummage","floor":2,"damage_taken":0},{"event_name":"Golden Wing","player_choice":"Card Removal","floor":4,"damage_taken":0},{"event_name":"Scrap Ooze","player_choice":"success","floor":5,"damage_taken":18},{"event_name":"Shining Light","player_choice":"Ignored","floor":10,"damage_taken":0},{"event_name":"Cursed Tome","player_choice":"Obtained Book","floor":25,"damage_taken":0},{"event_name":"Tomb of Lord Red Mask","player_choice":"Paid","floor":47,"damage_taken":0}],"boss_relics":[{"not_picked":["Eternal Feather","Black Star"],"picked":"Calling Bell"},{"not_picked":["Mark of Pain","Philosopher\u0027s Stone"],"picked":"Pandora\u0027s Box"}],"potions_floor_spawned":[1,13,16,29,30,33,35,45],"seed_played":"5522603442869154565","ascension_level":3,"is_trial":false}