{"gold_per_floor":[114,114,129,129,129,168,168,203,233,257,275,315,339,339,339,428,428,453,503,115,390,390,390,416,416],"floor_reached":25,"playtime":658,"items_purged":["Defend_B"],"score":484,"play_id":"d486ff09-00ed-40f2-bb67-90021b948604","local_time":"20190222231221","is_ascension_mode":true,"campfire_choices":[{"data":"Loop","floor":7,"key":"SMITH"},{"data":"Defragment","floor":15,"key":"SMITH"},{"data":"Blizzard","floor":23,"key":"SMITH"}],"neow_cost":"NONE","seed_source_timestamp":213478819628300,"circlet_count":0,"master_deck":["AscendersBane","Strike_B","Strike_B","Strike_B","Strike_B","Defend_B","Defend_B","Zap","Dualcast","Loop+1","Cold Snap","Defragment+1","Cold Snap","Blizzard+1","Core Surge","Cold Snap","PanicButton","Regret"],"relics":["Cracked Core","NeowsBlessing","Golden Idol","Meat on the Bone","Anchor","Tiny Chest","Bird Faced Urn","The Courier","Sozu","Juzu Bracelet","Bag of Preparation","Enchiridion","Vajra"],"potions_floor_usage":[8,10,16],"damage_taken":[{"damage":0,"enemies":"2 Louse","floor":1,"turns":1},{"damage":0,"enemies":"Small Slimes","floor":3,"turns":2},{"damage":0,"enemies":"Gremlin Nob","floor":6,"turns":1},{"damage":34,"enemies":"3 Sentries","floor":8,"turns":8},{"damage":0,"enemies":"Cultist","floor":10,"turns":3},{"damage":9,"enemies":"Looter","floor":11,"turns":3},{"damage":23,"enemies":"Gremlin Nob","floor":12,"turns":4},{"damage":15,"enemies":"Exordium Wildlife","floor":13,"turns":4},{"damage":5,"enemies":"The Guardian","floor":16,"turns":12},{"damage":9,"enemies":"Shell Parasite","floor":18,"turns":6},{"damage":40,"enemies":"Gremlin Leader","floor":25,"turns":6}],"seed_played":"519045041699326943","potions_obtained":[{"floor":1,"key":"Strength Potion"},{"floor":3,"key":"Weak Potion"},{"floor":8,"key":"Energy Potion"},{"floor":10,"key":"Fruit Juice"},{"floor":12,"key":"Dexterity Potion"}],"is_trial":false,"path_per_floor":["M","?","M","?","?","E","R","E","T","M","M","E","M","?","R","B",null,"M","?","$","?","?","R","T","E"],"character_chosen":"DEFECT","items_purchased":["Juzu Bracelet","Bag of Preparation","PanicButton"],"campfire_rested":0,"item_purchase_floors":[20,20,20],"current_hp_per_floor":[64,64,64,64,64,64,64,42,42,47,38,27,28,23,23,34,60,55,55,55,55,34,34,34,0],"gold":416,"neow_bonus":"THREE_ENEMY_KILL","is_prod":false,"is_daily":false,"chose_seed":false,"campfire_upgraded":3,"win_rate":0,"timestamp":1550844741,"path_taken":["M","?","M","?","?","E","R","E","T","?","M","E","M","?","R","BOSS","M","?","$","?","?","R","?","E"],"build_version":"2019-01-23","purchased_purges":1,"victory":false,"max_hp_per_floor":[71,64,64,64,64,64,64,64,64,69,69,69,69,69,69,69,69,69,69,69,69,69,69,69,69],"card_choices":[{"not_picked":["Compile Driver","Skim"],"picked":"Loop","floor":1},{"not_picked":["Hello World","Reprogram","Leap"],"picked":"SKIP","floor":3},{"not_picked":["Rip and Tear","BootSequence"],"picked":"Cold Snap","floor":6},{"not_picked":["Static Discharge","Steam"],"picked":"Defragment","floor":8},{"not_picked":["Beam Cell","Undo","Skim"],"picked":"SKIP","floor":10},{"not_picked":["Heatsinks","White Noise"],"picked":"Cold Snap","floor":11},{"not_picked":["Aggregate","Conserve Battery"],"picked":"Blizzard","floor":12},{"not_picked":["Gash","Stack","Go for the Eyes"],"picked":"SKIP","floor":13},{"not_picked":["Meteor Strike","Hyperbeam"],"picked":"Core Surge","floor":16},{"not_picked":["Turbo","Steam"],"picked":"Cold Snap","floor":18}],"player_experience":1751069,"relics_obtained":[{"floor":6,"key":"Meat on the Bone"},{"floor":8,"key":"Anchor"},{"floor":9,"key":"Tiny Chest"},{"floor":12,"key":"Bird Faced Urn"},{"floor":22,"key":"Enchiridion"},{"floor":24,"key":"Vajra"}],"event_choices":[{"damage_healed":0,"gold_gain":0,"player_choice":"Lose Max HP","damage_taken":0,"relics_obtained":["Golden Idol"],"max_hp_gain":0,"max_hp_loss":7,"event_name":"Golden Idol","floor":2,"gold_loss":0},{"damage_healed":0,"gold_gain":0,"player_choice":"Ignored","damage_taken":0,"max_hp_gain":0,"max_hp_loss":0,"event_name":"Liars Game","floor":4,"gold_loss":0},{"cards_removed":["Defend_B"],"damage_healed":0,"gold_gain":0,"player_choice":"Purged","damage_taken":0,"max_hp_gain":0,"max_hp_loss":0,"event_name":"Purifier","floor":5,"gold_loss":0},{"damage_healed":0,"gold_gain":0,"player_choice":"Success","damage_taken":5,"relics_obtained":["The Courier"],"max_hp_gain":0,"max_hp_loss":0,"event_name":"Scrap Ooze","floor":14,"gold_loss":0},{"damage_healed":0,"gold_gain":50,"player_choice":"Stole From Cult","damage_taken":0,"max_hp_gain":0,"max_hp_loss":0,"event_name":"Nest","floor":19,"gold_loss":0},{"damage_healed":0,"gold_gain":275,"player_choice":"Desecrate","damage_taken":0,"max_hp_gain":0,"max_hp_loss":0,"event_name":"Golden Shrine","floor":21,"gold_loss":0,"cards_obtained":["Regret"]},{"damage_healed":0,"gold_gain":0,"player_choice":"Obtained Book","damage_taken":21,"max_hp_gain":0,"max_hp_loss":0,"event_name":"Cursed Tome","floor":22,"gold_loss":0}],"is_beta":false,"boss_relics":[{"not_picked":["Eternal Feather","Pandora\u0027s Box"],"picked":"Sozu"}],"items_purged_floors":[20],"is_endless":false,"potions_floor_spawned":[1,3,8,10,12,18],"killed_by":"Gremlin Leader","ascension_level":20}