{"gold_per_floor":[117,117,117,133,46,46,84,84,84,84,84,84,124,195,195,288,288,303,283,308,308,326,326,346,396,449,449,33,33,33,33],"floor_reached":31,"playtime":792,"items_purged":[],"score":528,"play_id":"83a56738-010b-4727-b37f-237de4f92c14","local_time":"20190326191724","is_ascension_mode":true,"campfire_choices":[{"data":"Searing Blow","floor":6,"key":"SMITH"},{"data":"Searing Blow+1","floor":8,"key":"SMITH"},{"data":"Searing Blow+2","floor":10,"key":"SMITH"},{"data":"Searing Blow+3","floor":12,"key":"SMITH"},{"data":"True Grit","floor":15,"key":"SMITH"},{"data":"Searing Blow+4","floor":23,"key":"SMITH"},{"data":"Searing Blow+5","floor":27,"key":"SMITH"}],"neow_cost":"NONE","seed_source_timestamp":173643751055000,"circlet_count":0,"master_deck":["AscendersBane","Strike_R","Defend_R","Defend_R+1","Defend_R","Defend_R+1","Bash","Seeing Red","Searing Blow+6","Double Tap","True Grit+1","Feel No Pain","Reaper","Feel No Pain","True Grit","Warcry+1","Entrench","Feel No Pain","Barricade"],"relics":["Burning Blood","NeowsBlessing","Golden Idol","Ginger","War Paint","Ice Cream","Torii","Empty Cage","Regal Pillow","Happy Flower","Pocketwatch"],"potions_floor_usage":[16,31,31],"damage_taken":[{"damage":0,"enemies":"2 Louse","floor":1,"turns":1},{"damage":0,"enemies":"Small Slimes","floor":4,"turns":1},{"damage":0,"enemies":"3 Sentries","floor":7,"turns":2},{"damage":12,"enemies":"Lagavulin","floor":13,"turns":5},{"damage":8,"enemies":"Gremlin Nob","floor":14,"turns":3},{"damage":9,"enemies":"The Guardian","floor":16,"turns":11},{"damage":19,"enemies":"Spheric Guardian","floor":18,"turns":8},{"damage":29,"enemies":"2 Thieves","floor":19,"turns":4},{"damage":12,"enemies":"Centurion and Healer","floor":20,"turns":6},{"damage":15,"enemies":"Snake Plant","floor":22,"turns":5},{"damage":12,"enemies":"Cultist and Chosen","floor":24,"turns":7},{"damage":96,"enemies":"Gremlin Leader","floor":31,"turns":5}],"seed_played":"9178389705107235587","potions_obtained":[{"floor":14,"key":"SkillPotion"},{"floor":16,"key":"Strength Potion"},{"floor":18,"key":"Dexterity Potion"}],"is_trial":false,"path_per_floor":["M","?","?","M","$","R","E","R","T","R","$","R","E","?","R","B",null,"M","M","M","?","M","R","M","T","T","R","$","?","$","E"],"character_chosen":"IRONCLAD","items_purchased":["Searing Blow","Feel No Pain","Pocketwatch"],"campfire_rested":0,"item_purchase_floors":[5,28,28],"current_hp_per_floor":[74,67,41,47,47,47,53,53,53,53,53,53,47,45,45,42,67,54,47,49,49,40,40,40,40,40,40,40,40,40,0],"gold":33,"neow_bonus":"THREE_ENEMY_KILL","is_prod":false,"is_daily":false,"chose_seed":false,"campfire_upgraded":7,"win_rate":0,"timestamp":1553595444,"path_taken":["M","?","?","M","$","R","E","R","T","R","$","R","E","?","R","BOSS","M","M","M","?","M","R","M","?","T","R","$","?","?","E"],"build_version":"2019-01-23","purchased_purges":0,"victory":false,"max_hp_per_floor":[75,75,75,75,75,75,75,75,75,75,75,75,75,75,75,75,75,75,75,75,75,75,75,75,75,75,75,75,75,75,75],"card_choices":[{"not_picked":["Wild Strike","Heavy Blade"],"picked":"Seeing Red","floor":1},{"not_picked":["Blood for Blood","Headbutt","Heavy Blade"],"picked":"SKIP","floor":4},{"not_picked":["Armaments","Clash"],"picked":"Double Tap","floor":7},{"not_picked":["Twin Strike","Clash"],"picked":"True Grit","floor":13},{"not_picked":["Anger","Flex"],"picked":"Feel No Pain","floor":14},{"not_picked":["Limit Break","Juggernaut"],"picked":"Reaper","floor":16},{"not_picked":["Perfected Strike","Iron Wave"],"picked":"Feel No Pain","floor":18},{"not_picked":["Inflame","Armaments"],"picked":"True Grit","floor":19},{"not_picked":["Sword Boomerang","Shrug It Off"],"picked":"Warcry+1","floor":20},{"not_picked":["Uppercut","Sword Boomerang","Searing Blow"],"picked":"SKIP","floor":22},{"not_picked":["Wild Strike","Uppercut"],"picked":"Entrench","floor":24}],"player_experience":2608755,"relics_obtained":[{"floor":7,"key":"Ginger"},{"floor":9,"key":"War Paint"},{"floor":13,"key":"Ice Cream"},{"floor":14,"key":"Torii"},{"floor":25,"key":"Regal Pillow"},{"floor":26,"key":"Happy Flower"}],"event_choices":[{"cards_removed":["Strike_R"],"damage_healed":0,"gold_gain":0,"player_choice":"Card Removal","damage_taken":7,"max_hp_gain":0,"max_hp_loss":0,"event_name":"Golden Wing","floor":2,"gold_loss":0},{"damage_healed":0,"gold_gain":0,"player_choice":"Take Damage","damage_taken":26,"relics_obtained":["Golden Idol"],"max_hp_gain":0,"max_hp_loss":0,"event_name":"Golden Idol","floor":3,"gold_loss":0},{"damage_healed":0,"gold_gain":30,"player_choice":"Searched \u00272\u0027 times","damage_taken":0,"max_hp_gain":0,"max_hp_loss":0,"event_name":"Dead Adventurer","floor":14,"gold_loss":0},{"cards_removed":["Strike_R"],"damage_healed":0,"gold_gain":0,"player_choice":"Elegance","damage_taken":0,"max_hp_gain":0,"max_hp_loss":0,"event_name":"Back to Basics","floor":21,"gold_loss":0},{"damage_healed":0,"gold_gain":0,"player_choice":"Read","damage_taken":0,"max_hp_gain":0,"max_hp_loss":0,"event_name":"The Library","floor":29,"gold_loss":0,"cards_obtained":["Barricade"]}],"is_beta":false,"boss_relics":[{"not_picked":["Mark of Pain","Velvet Choker"],"picked":"Empty Cage"}],"items_purged_floors":[],"is_endless":false,"potions_floor_spawned":[14,16,18,22],"killed_by":"Gremlin Leader","ascension_level":20}