{"gold_per_floor":[112,187,187,99,109,136,136,167,193,193,193,223,223,238,238,315,315,332,352,365,375,389,424,444,455,478,503,503,503,529,529,529,529],"floor_reached":33,"playtime":1817,"items_purged":[],"score":713,"play_id":"26f3f596-a209-419e-82fe-3c98056b9a47","local_time":"20181225193334","is_ascension_mode":true,"campfire_choices":[{"data":"Whirlwind","floor":7.0,"key":"SMITH"},{"data":"Sword Boomerang","floor":10.0,"key":"SMITH"},{"data":"Spot Weakness","floor":13.0,"key":"SMITH"},{"data":"Disarm","floor":15.0,"key":"SMITH"},{"data":"True Grit","floor":29.0,"key":"SMITH"},{"data":"Feel No Pain","floor":32.0,"key":"SMITH"}],"neow_cost":"NONE","seed_source_timestamp":23945549151783,"circlet_count":0,"master_deck":["AscendersBane","Strike_R","Strike_R","Strike_R","Strike_R","Strike_R","Defend_R","Defend_R","Defend_R","Defend_R","Bash+1","Disarm+1","Whirlwind+1","Spot Weakness+1","Clothesline","Sword Boomerang+1","Offering","Iron Wave+1","Shrug It Off","Headbutt","True Grit+1","Disarm","Pummel","Power Through+1","Feel No Pain+1","True Grit+1"],"special_seed":0,"relics":["Burning Blood","NeowsBlessing","Ancient Tea Set","Gambling Chip","Bag of Marbles","Bottled Flame","Philosopher\u0027s Stone","Letter Opener","Bag of Preparation","Orichalcum","FossilizedHelix","Question Card"],"potions_floor_usage":[],"damage_taken":[{"damage":0.0,"enemies":"Small Slimes","floor":1.0,"turns":1.0},{"damage":0.0,"enemies":"Jaw Worm","floor":5.0,"turns":1.0},{"damage":0.0,"enemies":"3 Sentries","floor":6.0,"turns":1.0},{"damage":18.0,"enemies":"Gremlin Nob","floor":8.0,"turns":4.0},{"damage":27.0,"enemies":"Lagavulin","floor":12.0,"turns":7.0},{"damage":0.0,"enemies":"2 Louse","floor":14.0,"turns":1.0},{"damage":22.0,"enemies":"Hexaghost","floor":16.0,"turns":7.0},{"damage":18.0,"enemies":"Spheric Guardian","floor":18.0,"turns":3.0},{"damage":0.0,"enemies":"3 Byrds","floor":19.0,"turns":4.0},{"damage":10.0,"enemies":"Snake Plant","floor":20.0,"turns":3.0},{"damage":1.0,"enemies":"Cultist and Chosen","floor":21.0,"turns":3.0},{"damage":10.0,"enemies":"Snecko","floor":22.0,"turns":3.0},{"damage":8.0,"enemies":"Slavers","floor":23.0,"turns":2.0},{"damage":12.0,"enemies":"Centurion and Healer","floor":24.0,"turns":7.0},{"damage":6.0,"enemies":"3 Cultists","floor":25.0,"turns":1.0},{"damage":29.0,"enemies":"Gremlin Leader","floor":27.0,"turns":6.0},{"damage":0.0,"enemies":"Slavers","floor":30.0,"turns":1.0},{"damage":62,"enemies":"Champ","floor":33,"turns":15}],"seed_played":"-1603673070566654179","potions_obtained":[{"floor":1.0,"key":"Block Potion"},{"floor":5.0,"key":"Block Potion"},{"floor":11.0,"key":"FairyPotion"},{"floor":16.0,"key":"SkillPotion"},{"floor":20.0,"key":"Block Potion"},{"floor":22.0,"key":"Block Potion"},{"floor":25.0,"key":"Fruit Juice"}],"is_trial":false,"path_per_floor":["M","?","?","$","M","E","R","E","T","R","?","E","R","M","R","B",null,"M","M","M","M","M","E","M","M","T","E","T","R","E","?","R","B"],"character_chosen":"IRONCLAD","items_purchased":["Whirlwind"],"campfire_rested":0,"item_purchase_floors":[4],"current_hp_per_floor":[74,63,63,63,69,75,75,63,63,63,63,42,42,48,48,32,64,52,58,54,59,55,53,47,52,52,29,29,29,35,35,35,0],"gold":529,"neow_bonus":"THREE_ENEMY_KILL","is_prod":false,"is_daily":false,"chose_seed":false,"campfire_upgraded":6,"win_rate":0,"timestamp":1545737614,"path_taken":["M","?","?","$","M","E","R","E","T","R","?","E","R","M","R","BOSS","M","M","M","M","M","E","?","?","T","E","?","R","E","?","R","BOSS"],"build_version":"2018-12-20","purchased_purges":0,"victory":false,"max_hp_per_floor":[75,75,75,75,75,75,75,75,75,75,75,75,75,75,75,75,75,75,75,75,75,75,75,75,80,80,80,80,80,80,80,80,80],"card_choices":[{"not_picked":["Searing Blow","Body Slam"],"picked":"Disarm","floor":1.0},{"not_picked":["Wild Strike","Bloodletting"],"picked":"Spot Weakness","floor":5.0},{"not_picked":["Warcry","Armaments"],"picked":"Clothesline","floor":6.0},{"not_picked":["Intimidate","Iron Wave"],"picked":"Sword Boomerang","floor":8.0},{"not_picked":["Pommel Strike","Flex","Whirlwind"],"picked":"SKIP","floor":12.0},{"not_picked":["Flex","Twin Strike","Sword Boomerang"],"picked":"SKIP","floor":14.0},{"not_picked":["Double Tap","Exhume"],"picked":"Offering","floor":16.0},{"not_picked":["Clash","Body Slam"],"picked":"Iron Wave+1","floor":18.0},{"not_picked":["Iron Wave","Perfected Strike"],"picked":"Shrug It Off","floor":19.0},{"not_picked":["Iron Wave","Clothesline","Sword Boomerang"],"picked":"SKIP","floor":20.0},{"not_picked":["Bludgeon","Disarm"],"picked":"Headbutt","floor":21.0},{"not_picked":["Headbutt","Corruption"],"picked":"True Grit","floor":22.0},{"not_picked":["Warcry","Second Wind"],"picked":"Disarm","floor":23.0},{"not_picked":["Sword Boomerang","True Grit","Flex"],"picked":"SKIP","floor":24.0},{"not_picked":["Fire Breathing+1","Anger"],"picked":"Pummel","floor":25.0},{"not_picked":["Heavy Blade","Whirlwind"],"picked":"Power Through+1","floor":27.0},{"not_picked":["Body Slam+1","Pummel"],"picked":"Feel No Pain","floor":30.0}],"player_experience":671586,"relics_obtained":[{"floor":6.0,"key":"Ancient Tea Set"},{"floor":8.0,"key":"Gambling Chip"},{"floor":9.0,"key":"Bag of Marbles"},{"floor":12.0,"key":"Bottled Flame"},{"floor":23.0,"key":"Letter Opener"},{"floor":26.0,"key":"Bag of Preparation"},{"floor":27.0,"key":"Orichalcum"},{"floor":28.0,"key":"FossilizedHelix"},{"floor":30.0,"key":"Question Card"}],"event_choices":[{"damage_healed":0.0,"max_hp_gain":0.0,"max_hp_loss":0.0,"gold_gain":75.0,"event_name":"World of Goop","player_choice":"Gather Gold","floor":2.0,"gold_loss":0.0,"damage_taken":11.0},{"damage_healed":0.0,"max_hp_gain":0.0,"max_hp_loss":0.0,"gold_gain":0.0,"event_name":"Living Wall","player_choice":"Grow","floor":3.0,"gold_loss":0.0,"damage_taken":0.0,"cards_upgraded":["Bash"]},{"damage_healed":0.0,"max_hp_gain":0.0,"max_hp_loss":0.0,"gold_gain":0.0,"event_name":"Lab","player_choice":"Got Potions","floor":11.0,"gold_loss":0.0,"damage_taken":0.0},{"damage_healed":0.0,"max_hp_gain":0.0,"max_hp_loss":0.0,"gold_gain":0.0,"event_name":"Duplicator","player_choice":"Copied","floor":31.0,"gold_loss":0.0,"damage_taken":0.0,"cards_obtained":["True Grit"]}],"is_beta":true,"boss_relics":[{"not_picked":["Snecko Eye","Black Star"],"picked":"Philosopher\u0027s Stone"}],"items_purged_floors":[],"is_endless":false,"potions_floor_spawned":[1,5,16,20,21,22,25],"killed_by":"Champ","ascension_level":18}