{"gold_per_floor":[111,111,111,131,131,156,23,23,23,23,39,66,82,102,102,181,181,194,207,207,207,218,218,218],"floor_reached":24,"playtime":770,"items_purged":[],"score":462,"play_id":"d5d1c5dd-cbae-41d6-9fa2-ff2ac941ad43","local_time":"20190215120529","is_ascension_mode":true,"campfire_choices":[{"data":"Zap","floor":8,"key":"SMITH"},{"data":"Biased Cognition","floor":10,"key":"SMITH"},{"data":"Creative AI","floor":15,"key":"SMITH"},{"floor":23,"key":"REST"}],"neow_cost":"NONE","seed_source_timestamp":94033064130600,"circlet_count":0,"master_deck":["AscendersBane","Strike_B","Defend_B+1","Defend_B+1","Defend_B+1","Zap+1","Dualcast+1","Gash","Self Repair","Biased Cognition+1","Gash","Reinforced Body","Creative AI+1","BootSequence","Cold Snap","Buffer","Leap","Blizzard","White Noise","Loop"],"relics":["Cracked Core","NeowsBlessing","Centennial Puzzle","Matryoshka","War Paint","Velvet Choker"],"potions_floor_usage":[12,12,16,22],"damage_taken":[{"damage":0,"enemies":"2 Louse","floor":1,"turns":1},{"damage":0,"enemies":"Small Slimes","floor":4,"turns":1},{"damage":0,"enemies":"3 Sentries","floor":6,"turns":1},{"damage":1,"enemies":"Cultist","floor":11,"turns":3},{"damage":7,"enemies":"Lagavulin","floor":12,"turns":6},{"damage":0,"enemies":"Large Slime","floor":13,"turns":5},{"damage":10,"enemies":"Lots of Slimes","floor":14,"turns":4},{"damage":32,"enemies":"The Guardian","floor":16,"turns":11},{"damage":31,"enemies":"3 Byrds","floor":18,"turns":6},{"damage":11,"enemies":"Spheric Guardian","floor":19,"turns":5},{"damage":12,"enemies":"3 Cultists","floor":22,"turns":6},{"damage":59,"enemies":"Slavers","floor":24,"turns":3}],"seed_played":"-4210862695412922774","potions_obtained":[{"floor":4,"key":"SkillPotion"},{"floor":6,"key":"Poison Potion"},{"floor":11,"key":"Poison Potion"},{"floor":12,"key":"Poison Potion"},{"floor":18,"key":"FearPotion"}],"is_trial":false,"path_per_floor":["M","?","?","M","?","E","$","R","T","R","M","E","M","M","R","B",null,"M","M","?","?","M","R","E"],"character_chosen":"DEFECT","items_purchased":["Biased Cognition","Gash"],"campfire_rested":1,"item_purchase_floors":[7,7],"current_hp_per_floor":[64,43,43,43,71,71,71,71,71,71,71,71,71,68,68,43,64,40,36,36,36,24,45,0],"gold":218,"neow_bonus":"THREE_ENEMY_KILL","is_prod":false,"is_daily":false,"chose_seed":false,"campfire_upgraded":3,"win_rate":0,"timestamp":1550199929,"path_taken":["M","?","?","?","?","E","$","R","T","R","?","E","M","M","R","BOSS","M","?","?","?","?","R","E"],"build_version":"2019-01-23","purchased_purges":0,"victory":false,"max_hp_per_floor":[71,71,71,71,71,71,71,71,71,71,71,71,71,71,71,71,71,71,71,71,71,71,71,71],"card_choices":[{"not_picked":["Sweeping Beam","Reprogram"],"picked":"Gash","floor":1},{"not_picked":["Beam Cell","Ball Lightning"],"picked":"Genetic Algorithm","floor":4},{"not_picked":["Doom and Gloom","Hologram"],"picked":"Self Repair","floor":6},{"not_picked":["Reprogram","Skim"],"picked":"Reinforced Body","floor":11},{"not_picked":["Lockon","Sweeping Beam"],"picked":"Creative AI","floor":12},{"not_picked":["Ball Lightning","Barrage"],"picked":"BootSequence","floor":13},{"not_picked":["Steam","Barrage"],"picked":"Cold Snap","floor":14},{"not_picked":["All For One","Rainbow"],"picked":"Buffer","floor":16},{"not_picked":["Hologram","Genetic Algorithm"],"picked":"Leap","floor":18},{"not_picked":["FTL","Steam Power"],"picked":"Blizzard","floor":19},{"not_picked":["Rip and Tear","Go for the Eyes","Force Field"],"picked":"SKIP","floor":22}],"player_experience":1584173,"relics_obtained":[{"floor":6,"key":"Centennial Puzzle"},{"floor":9,"key":"Matryoshka"},{"floor":12,"key":"War Paint"}],"event_choices":[{"damage_healed":0,"gold_gain":0,"player_choice":"Entered Light","damage_taken":21,"max_hp_gain":0,"max_hp_loss":0,"event_name":"Shining Light","floor":2,"gold_loss":0,"cards_upgraded":["Defend_B","Dualcast"]},{"cards_removed":["Defend_B"],"damage_healed":0,"gold_gain":0,"player_choice":"Purged","damage_taken":0,"max_hp_gain":0,"max_hp_loss":0,"event_name":"Purifier","floor":3,"gold_loss":0},{"cards_removed":["Genetic Algorithm"],"damage_healed":28,"gold_gain":0,"player_choice":"Offered Uncommon","damage_taken":0,"max_hp_gain":0,"max_hp_loss":0,"event_name":"Bonfire Elementals","floor":5,"gold_loss":0},{"damage_healed":0,"gold_gain":0,"cards_transformed":["Strike_B","Strike_B"],"player_choice":"Became Test Subject","damage_taken":0,"max_hp_gain":0,"max_hp_loss":0,"event_name":"Drug Dealer","floor":20,"gold_loss":0,"cards_obtained":["White Noise","Loop"]},{"cards_removed":["Strike_B"],"damage_healed":0,"gold_gain":0,"player_choice":"Purged","damage_taken":0,"max_hp_gain":0,"max_hp_loss":0,"event_name":"Purifier","floor":21,"gold_loss":0}],"is_beta":false,"boss_relics":[{"not_picked":["Runic Pyramid","White Beast Statue"],"picked":"Velvet Choker"}],"items_purged_floors":[],"is_endless":false,"potions_floor_spawned":[4,6,11,12,18],"killed_by":"Slavers","ascension_level":20}