{"gold_per_floor":[115,65,78,78,153,182,182,208,208,208,237,237,269,269,285,285,385,385,405,140,154,114,90,90,123,133,133,133,133,164,189,204,239,239,336,336,355,1354,1576,17,36,63,63,88,133,133,151,180,480,505,558,558,558,558,558,4,37,37],"floor_reached":59,"playtime":2407,"items_purged":[],"score":1949,"play_id":"ce726db1-ad2f-4478-8f62-1aac664708a9","local_time":"20190407223706","is_ascension_mode":true,"campfire_choices":[{"data":"Inflame","floor":7.0,"key":"SMITH"},{"data":"Inflame","floor":14.0,"key":"SMITH"},{"data":"Uppercut","floor":16.0,"key":"SMITH"},{"data":"Perfected Strike","floor":24,"key":"SMITH"},{"data":"Perfected Strike","floor":34,"key":"SMITH"},{"data":"Demon Form","floor":43,"key":"SMITH"},{"floor":52,"key":"RECALL"},{"data":"Panacea","floor":55,"key":"SMITH"}],"neow_cost":"NONE","seed_source_timestamp":72296624367000,"circlet_count":0,"master_deck":["Perfected Strike+1","Inflame+1","Twin Strike","Twin Strike","Twin Strike","Twin Strike+1","Inflame+1","Ghostly Armor+1","Impervious","Twin Strike","Perfected Strike+1","Feel No Pain","Impervious","Panacea+1","Feel No Pain","Uppercut+1","Reaper","Madness","Twin Strike+1","Disarm+1","Twin Strike","True Grit+1","Seeing Red+1","Flex+1","Shockwave+1","Demon Form+1","Pommel Strike+1","Warcry+1","Pommel Strike","Armaments+1","Offering+1"],"special_seed":0,"relics":["Runic Pyramid","WingedGreaves","Ginger","Peace Pipe","Champion Belt","Happy Flower","Runic Cube","Membership Card","Bottled Tornado","Paper Frog","Omamori","Red Mask","The Courier","Busted Crown","OrangePellets","Pen Nib","Mercury Hourglass","Sundial","Nunchaku","Du-Vu Doll","Whetstone","Shuriken","Tiny Chest","Meat on the Bone","Question Card","Toxic Egg 2","Thread and Needle","Strawberry","Red Skull","Mango","Incense Burner","Juzu Bracelet","Turnip","Singing Bowl","Oddly Smooth Stone","Gambling Chip","ClockworkSouvenir","Vajra","Bronze Scales","Pantograph","Anchor","War Paint","Bag of Preparation","Centennial Puzzle","Letter Opener"],"potions_floor_usage":[21,30,58,58,58],"damage_taken":[{"damage":0.0,"enemies":"2 Louse","floor":1.0,"turns":2.0},{"damage":0.0,"enemies":"Cultist","floor":3.0,"turns":2.0},{"damage":10.0,"enemies":"3 Sentries","floor":6.0,"turns":5.0},{"damage":18.0,"enemies":"Gremlin Nob","floor":8.0,"turns":3.0},{"damage":0.0,"enemies":"Lagavulin","floor":11.0,"turns":5.0},{"damage":0.0,"enemies":"3 Sentries","floor":13.0,"turns":5.0},{"damage":12.0,"enemies":"Jaw Worm","floor":15.0,"turns":3.0},{"damage":17.0,"enemies":"Hexaghost","floor":17.0,"turns":6.0},{"damage":12,"enemies":"Shell Parasite","floor":19,"turns":7},{"damage":0,"enemies":"Chosen","floor":21,"turns":3},{"damage":20,"enemies":"Gremlin Leader","floor":25,"turns":8},{"damage":1,"enemies":"Snecko","floor":26,"turns":5},{"damage":25,"enemies":"Book of Stabbing","floor":30,"turns":5},{"damage":41,"enemies":"Masked Bandits","floor":31,"turns":5},{"damage":9,"enemies":"3 Cultists","floor":32,"turns":6},{"damage":24,"enemies":"Gremlin Leader","floor":33,"turns":6},{"damage":57,"enemies":"Collector","floor":35,"turns":8},{"damage":0,"enemies":"3 Shapes","floor":37,"turns":5},{"damage":45,"enemies":"3 Darklings","floor":41,"turns":4},{"damage":0,"enemies":"Nemesis","floor":42,"turns":3},{"damage":57,"enemies":"Reptomancer","floor":44,"turns":5},{"damage":9,"enemies":"4 Shapes","floor":47,"turns":5},{"damage":17,"enemies":"Nemesis","floor":48,"turns":5},{"damage":2,"enemies":"Giant Head","floor":50,"turns":4},{"damage":18,"enemies":"2 Orb Walkers","floor":51,"turns":4},{"damage":45,"enemies":"Donu and Deca","floor":53,"turns":6},{"damage":22,"enemies":"Shield and Spear","floor":57,"turns":4},{"damage":15,"enemies":"The Heart","floor":58,"turns":7}],"seed_played":"-1559737416768117977","potions_obtained":[{"floor":1.0,"key":"SpeedPotion"},{"floor":6.0,"key":"BloodPotion"},{"floor":8.0,"key":"BloodPotion"},{"floor":17.0,"key":"BloodPotion"},{"floor":25,"key":"FearPotion"},{"floor":30,"key":"Regen Potion"},{"floor":31,"key":"Regen Potion"},{"floor":51,"key":"Swift Potion"}],"is_trial":false,"path_per_floor":["M","?","M","$","?","E","R","E","T","T","E","?","E","R","M","R","B",null,"M","$","M","?","$","R","E","M","T","T","?","E","?","M","E","R","B",null,"M","?","?","$","M","E","R","E","T","T","M","E","?","E","?","R","B",null,"R","$","E","B",null],"character_chosen":"IRONCLAD","items_purchased":["Membership Card","Madness","Twin Strike","Twin Strike","Pommel Strike","OrangePellets","Pen Nib","Mercury Hourglass","Sundial","Nunchaku","Du-Vu Doll","Whetstone","Shuriken","Tiny Chest","Meat on the Bone","Question Card","Toxic Egg 2","Thread and Needle","Strawberry","Red Skull","Mango","Incense Burner","ClockworkSouvenir","Vajra","Bronze Scales","Pantograph","Anchor","War Paint","Bag of Preparation","Centennial Puzzle"],"campfire_rested":0,"item_purchase_floors":[20,20,20,23,40,40,40,40,40,40,40,40,40,40,40,40,40,40,40,40,40,40,56,56,56,56,56,56,56,56],"current_hp_per_floor":[72,72,72,72,61,51,51,41,41,41,41,41,41,41,29,29,12,63,66,66,74,74,74,74,74,79,79,79,79,79,61,66,71,71,65,76,80,80,80,101,101,101,101,90,90,90,81,97,97,97,94,94,105,105,105,105,105,100],"gold":37,"neow_bonus":"BOSS_RELIC","is_prod":false,"is_daily":false,"chose_seed":false,"campfire_upgraded":7,"win_rate":0,"timestamp":1554644226,"path_taken":["M","?","M","$","?","E","R","E","T","E","?","E","R","M","R","BOSS","M","$","M","?","$","R","E","?","T","?","E","?","M","E","R","BOSS","M","?","?","$","M","E","R","E","T","M","E","?","E","?","R","BOSS","R","$","E","BOSS"],"build_version":"2019-01-23","purchased_purges":0,"victory":true,"max_hp_per_floor":[80,80,80,80,80,80,80,80,80,80,80,80,80,80,80,80,80,80,80,80,80,80,80,80,80,80,80,80,80,80,80,80,80,80,80,80,80,80,80,101,101,101,101,101,101,101,101,103,103,105,105,105,105,105,105,105,105,105],"card_choices":[{"not_picked":["Whirlwind","Thunderclap"],"picked":"Twin Strike","floor":1.0},{"not_picked":["Thunderclap","Flex"],"picked":"Perfected Strike","floor":3.0},{"not_picked":["Juggernaut","Warcry"],"picked":"Feel No Pain","floor":8.0},{"not_picked":["Flex","Bloodletting"],"picked":"Feel No Pain","floor":13.0},{"not_picked":["Havoc","Thunderclap"],"picked":"Uppercut","floor":15.0},{"not_picked":["Impervious","Exhume"],"picked":"Reaper","floor":17.0},{"not_picked":["Pummel","Rage"],"picked":"Disarm+1","floor":21},{"not_picked":["Perfected Strike+1","Sever Soul"],"picked":"True Grit","floor":25},{"not_picked":["Flame Barrier+1","Thunderclap"],"picked":"Seeing Red","floor":30},{"not_picked":["Carnage","True Grit+1"],"picked":"Flex+1","floor":31},{"not_picked":["Juggernaut","Metallicize+1"],"picked":"Shockwave+1","floor":33},{"not_picked":["Double Tap","Juggernaut"],"picked":"Demon Form","floor":35},{"not_picked":["Searing Blow+1"],"picked":"Warcry+1","floor":42},{"not_picked":["Cleave+1","Clothesline+1"],"picked":"SKIP","floor":44},{"not_picked":["Thunderclap+1"],"picked":"Pommel Strike","floor":47},{"not_picked":["Searing Blow","Burning Pact+1"],"picked":"Singing Bowl","floor":48},{"not_picked":["Twin Strike","Wild Strike+1"],"picked":"Singing Bowl","floor":50},{"not_picked":["Clothesline"],"picked":"Armaments+1","floor":51},{"not_picked":["Evolve+1"],"picked":"Offering+1","floor":57}],"player_experience":2960670,"relics_obtained":[{"floor":6.0,"key":"WingedGreaves"},{"floor":8.0,"key":"Ginger"},{"floor":9.0,"key":"Peace Pipe"},{"floor":11.0,"key":"Champion Belt"},{"floor":13.0,"key":"Happy Flower"},{"floor":25,"key":"Bottled Tornado"},{"floor":27,"key":"Paper Frog"},{"floor":30,"key":"Omamori"},{"floor":31,"key":"Red Mask"},{"floor":33,"key":"The Courier"},{"floor":42,"key":"Juzu Bracelet"},{"floor":44,"key":"Turnip"},{"floor":48,"key":"Singing Bowl"},{"floor":50,"key":"Oddly Smooth Stone"},{"floor":51,"key":"Gambling Chip"},{"floor":57,"key":"Letter Opener"}],"event_choices":[{"cards_removed":["Offering"],"damage_healed":0.0,"max_hp_gain":0.0,"max_hp_loss":0.0,"gold_gain":0.0,"event_name":"The Cleric","player_choice":"Card Removal","floor":2.0,"gold_loss":50.0,"damage_taken":0.0},{"damage_healed":0.0,"max_hp_gain":0.0,"max_hp_loss":0.0,"gold_gain":75.0,"event_name":"World of Goop","player_choice":"Gather Gold","floor":5.0,"gold_loss":0.0,"damage_taken":11.0},{"damage_healed":0.0,"max_hp_gain":0.0,"max_hp_loss":0.0,"gold_gain":0.0,"event_name":"Match and Keep!","player_choice":"2 cards matched","floor":12.0,"gold_loss":0.0,"damage_taken":0.0,"cards_obtained":["Impervious","Panacea"]},{"damage_healed":0,"gold_gain":0,"player_choice":"Upgraded Two","damage_taken":0,"max_hp_gain":0,"max_hp_loss":0,"event_name":"Designer","floor":22,"gold_loss":40,"cards_upgraded":["Twin Strike","Ghostly Armor"]},{"damage_healed":0,"gold_gain":0,"player_choice":"Ignored","damage_taken":0,"max_hp_gain":0,"max_hp_loss":0,"event_name":"Vampires","floor":29,"gold_loss":0},{"damage_healed":0,"gold_gain":0,"player_choice":"Fought Bandits","damage_taken":0,"max_hp_gain":0,"max_hp_loss":0,"event_name":"Masked Bandits","floor":31,"gold_loss":0},{"damage_healed":0,"gold_gain":999,"player_choice":"Gold","damage_taken":0,"max_hp_gain":0,"max_hp_loss":0,"event_name":"MindBloom","floor":38,"gold_loss":0,"cards_obtained":["Normality","Normality"]},{"damage_healed":0,"gold_gain":222,"player_choice":"Wore Mask","damage_taken":0,"max_hp_gain":0,"max_hp_loss":0,"event_name":"Tomb of Lord Red Mask","floor":39,"gold_loss":0},{"damage_healed":0,"gold_gain":300,"player_choice":"Gold","damage_taken":0,"max_hp_gain":0,"max_hp_loss":0,"event_name":"Wheel of Change","floor":49,"gold_loss":0},{"damage_healed":0,"gold_gain":0,"player_choice":"Fight","damage_taken":0,"max_hp_gain":0,"max_hp_loss":0,"event_name":"Mysterious Sphere","floor":51,"gold_loss":0}],"is_beta":false,"boss_relics":[{"not_picked":["Philosopher\u0027s Stone","Coffee Dripper"],"picked":"Runic Cube"},{"not_picked":["Black Star","Orrery"],"picked":"Busted Crown"}],"items_purged_floors":[],"is_endless":false,"potions_floor_spawned":[1,6,8,17,25,30,31,33,37,47,48,50,51],"ascension_level":7}