{"path_per_floor":["M","M","?","M","M","E","R","$","T","?","R","E","R","M","R","B",null,"M","?","?","?","M","R","$","?","T","R","E","R","E","M","R","B",null,"M","M","M","$"],"character_chosen":"DEFECT","items_purchased":["Self Repair","Meat on the Bone","Blaster"],"gold_per_floor":[112,128,128,147,161,189,189,114,140,140,140,175,175,193,193,319,319,344,344,344,375,392,392,219,219,245,245,276,276,307,326,326,426,426,443,460,475,28,28],"floor_reached":39,"campfire_rested":1,"playtime":3064,"current_hp_per_floor":[74,70,70,63,55,40,40,40,40,40,40,32,32,33,33,23,69,48,48,48,19,12,47,47,47,52,52,38,38,30,43,43,16,69,69,69,47,47,0],"items_purged":["Strike_B","Strike_B","Heatsinks"],"gold":28,"score":427,"play_id":"06b264c8-4df9-465c-819f-bad7ba90a9c4","local_time":"20180430151126","is_prod":false,"is_daily":false,"chose_seed":false,"is_ascension_mode":false,"campfire_upgraded":7,"timestamp":1525072286,"path_taken":["M","?","?","M","M","E","R","$","T","?","R","E","R","M","R","BOSS","M","?","?","?","M","R","$","?","T","R","E","R","E","M","R","BOSS","M","M","M","$","M"],"build_version":"2018-04-27v3","seed_source_timestamp":276955417027390,"purchased_purges":3,"victory":false,"master_deck":["Defend_B","Defend_B","Defend_B","Zap","Dualcast+1","Chaos+1","Capacitor+1","Chill","Impulse+1","Rainbow+1","Skim","Sweeping Beam","Fission+1","Chaos+1","Genetic Algorithm+1","Cold Snap+1","Skim+1","Prime+1","Self Repair","Blizzard+1","Go for the Eyes+1","Machine Learning","Streamline+1","Rebound+1","Ball Lightning+1","Blaster+1"],"max_hp_per_floor":[75,75,75,75,75,75,75,75,75,69,69,69,69,69,69,69,69,69,69,69,69,69,69,69,69,69,69,69,69,69,69,69,69,69,69,69,69,69,69],"relics":["Cracked Core","Bag of Marbles","Blood Vial","Vajra","Bloody Idol","Astrolabe","Red Mask","Nloth\u0027s Gift","Ancient Tea Set","Bronze Scales","Molten Egg 2","Black Star","Meat on the Bone"],"card_choices":[{"not_picked":["Cold Snap","Barrage"],"picked":"Chaos","floor":1},{"not_picked":["Barrage","Scrape"],"picked":"Capacitor","floor":2},{"not_picked":["Leap","Rebound"],"picked":"Chill","floor":4},{"not_picked":["Hologram","Streamline"],"picked":"Impulse","floor":5},{"not_picked":["Capacitor","Rip and Tear"],"picked":"Rainbow","floor":6},{"not_picked":["Auto Shields","Stack"],"picked":"Skim","floor":12},{"not_picked":["Streamline","Go for the Eyes"],"picked":"Sweeping Beam","floor":14},{"not_picked":["Thunder Strike","All For One"],"picked":"Fission","floor":16},{"not_picked":["Skim","Go for the Eyes"],"picked":"Cold Snap","floor":18},{"not_picked":["Heatsinks","Stack"],"picked":"Skim","floor":21},{"not_picked":["Impulse","Buffer"],"picked":"Prime","floor":22},{"not_picked":["Flux Capacitor","Leap"],"picked":"Blizzard","floor":28},{"not_picked":["Impulse","Creative AI"],"picked":"Go for the Eyes","floor":30},{"not_picked":["Reboot","Biased Cognition"],"picked":"Machine Learning","floor":33},{"not_picked":["Impulse","Fission"],"picked":"Streamline","floor":35},{"not_picked":["Capacitor","White Noise"],"picked":"Rebound","floor":36},{"not_picked":["Blizzard","FTL"],"picked":"Ball Lightning","floor":37}],"player_experience":292451,"potions_floor_usage":[16,16,18,28,28,30,33,36],"damage_taken":[{"damage":1,"enemies":"Cultist","floor":1,"turns":4},{"damage":4,"enemies":"2 Louse","floor":2,"turns":3},{"damage":7,"enemies":"Small Slimes","floor":4,"turns":4},{"damage":8,"enemies":"Looter","floor":5,"turns":4},{"damage":15,"enemies":"3 Sentries","floor":6,"turns":8},{"damage":10,"enemies":"Lagavulin","floor":12,"turns":6},{"damage":1,"enemies":"2 Fungi Beasts","floor":14,"turns":5},{"damage":12,"enemies":"The Guardian","floor":16,"turns":9},{"damage":21,"enemies":"2 Thieves","floor":18,"turns":4},{"damage":36,"enemies":"Masked Bandits","floor":21,"turns":6},{"damage":14,"enemies":"Spheric Guardian","floor":22,"turns":5},{"damage":43,"enemies":"Slavers","floor":28,"turns":7},{"damage":22,"enemies":"Gremlin Leader","floor":30,"turns":8},{"damage":1,"enemies":"Centurion and Healer","floor":31,"turns":5},{"damage":41,"enemies":"Collector","floor":33,"turns":10},{"damage":5,"enemies":"3 Shapes","floor":35,"turns":6},{"damage":4,"enemies":"3 Darklings","floor":36,"turns":5},{"damage":34,"enemies":"Maw","floor":37,"turns":9},{"damage":51,"enemies":"Spire Growth","floor":39,"turns":4}],"event_choices":[{"event_name":"Living Wall","player_choice":"Grow","floor":3,"damage_taken":0},{"event_name":"Golden Idol","player_choice":"Lose Max HP","floor":10,"damage_taken":0},{"event_name":"The Woman in Blue","player_choice":"Bought 0 Potions","floor":19,"damage_taken":0},{"event_name":"Forgotten Altar","player_choice":"Gave Idol","floor":20,"damage_taken":0},{"event_name":"Masked Bandits","player_choice":"Fought over 344 gold","floor":21,"damage_taken":0},{"event_name":"N\u0027loth","player_choice":"Traded a Regal Pillow","floor":25,"damage_taken":0}],"boss_relics":[{"not_picked":["Pandora\u0027s Box","Eternal Feather"],"picked":"Astrolabe"},{"not_picked":["Snecko Eye","Lizard Tail"],"picked":"Black Star"}],"potions_floor_spawned":[5,6,14,16,18,22,28,31,33],"seed_played":"3953021775949846752","killed_by":"Spire Growth","ascension_level":0,"is_trial":false}