{"gold_per_floor":[110,185,204,204,45,45,74,84,84,103,428,378,378,394,394,491,491,503,151,169,188,199,199,199],"floor_reached":24,"playtime":1346,"items_purged":["Strike_R"],"score":373,"play_id":"ed96a4fa-6b68-4b8c-b04c-f879077b6dac","local_time":"20180919225811","is_ascension_mode":true,"campfire_choices":[{"data":"True Grit","floor":6,"key":"SMITH"},{"data":"Armaments","floor":13,"key":"SMITH"},{"data":"Inflame","floor":15,"key":"SMITH"},{"data":"Metallicize","floor":23,"key":"SMITH"}],"neow_cost":"NONE","seed_source_timestamp":198130025505539,"circlet_count":0,"master_deck":["Strike_R","Strike_R","Defend_R","Defend_R","Defend_R","Bash","AscendersBane","Sword Boomerang+1","Spot Weakness","True Grit+1","Evolve","Immolate","Thunderclap","Armaments+1","Inflame+1","Twin Strike","Reaper","Headbutt+1","Disarm","Power Through","Reaper","Metallicize+1"],"special_seed":0,"relics":["Burning Blood","NeowsBlessing","Letter Opener","Bag of Marbles","Old Coin","Empty Cage"],"potions_floor_usage":[16,16,24],"damage_taken":[{"damage":0,"enemies":"Jaw Worm","floor":1,"turns":1},{"damage":0,"enemies":"2 Louse","floor":3,"turns":1},{"damage":0,"enemies":"3 Sentries","floor":7,"turns":2},{"damage":0,"enemies":"Cultist","floor":8,"turns":3},{"damage":1,"enemies":"3 Louse","floor":10,"turns":2},{"damage":33,"enemies":"Gremlin Nob","floor":11,"turns":4},{"damage":16,"enemies":"Blue Slaver","floor":14,"turns":4},{"damage":26,"enemies":"The Guardian","floor":16,"turns":10},{"damage":7,"enemies":"Chosen","floor":18,"turns":4},{"damage":51,"enemies":"Shell Parasite","floor":20,"turns":8},{"damage":33,"enemies":"3 Cultists","floor":21,"turns":4},{"damage":31,"enemies":"Centurion and Healer","floor":22,"turns":7},{"damage":29,"enemies":"Sentry and Sphere","floor":24,"turns":3}],"seed_played":"2542326375753343827","potions_obtained":[{"floor":3,"key":"Regen Potion"},{"floor":8,"key":"LiquidBronze"},{"floor":16,"key":"Explosive Potion"},{"floor":20,"key":"PowerPotion"}],"is_trial":false,"path_per_floor":["M","?","M","?","$","R","E","M","T","M","E","?","R","M","R","B",null,"M","$","M","M","M","R"],"character_chosen":"IRONCLAD","items_purchased":["Spot Weakness","True Grit","Evolve","Disarm","Power Through","Reaper"],"campfire_rested":0,"item_purchase_floors":[5,5,5,19,19,19],"current_hp_per_floor":[78,67,73,73,73,73,79,80,80,80,53,53,53,43,43,38,70,69,69,39,33,22,22,0],"gold":199,"neow_bonus":"THREE_ENEMY_KILL","is_prod":false,"is_daily":false,"chose_seed":false,"campfire_upgraded":4,"win_rate":0,"timestamp":1537369091,"path_taken":["M","?","?","?","$","R","E","M","T","M","E","?","R","M","R","BOSS","M","$","M","M","M","R","M"],"build_version":"2018-09-18v3","purchased_purges":1,"victory":false,"max_hp_per_floor":[80,80,80,80,80,80,80,80,80,80,80,80,80,80,80,80,80,80,80,80,80,80,80,80],"card_choices":[{"not_picked":["Perfected Strike","Clash"],"picked":"Sword Boomerang","floor":1},{"not_picked":["Heavy Blade","Havoc","Body Slam"],"picked":"SKIP","floor":3},{"not_picked":["Twin Strike","Pommel Strike"],"picked":"Immolate","floor":7},{"not_picked":["Flex","Perfected Strike"],"picked":"Thunderclap","floor":8},{"not_picked":["Seeing Red","Twin Strike"],"picked":"Armaments","floor":10},{"not_picked":["Twin Strike","Sever Soul"],"picked":"Inflame","floor":11},{"not_picked":["Havoc","Flex"],"picked":"Twin Strike","floor":14},{"not_picked":["Offering","Exhume"],"picked":"Reaper","floor":16},{"not_picked":["Havoc+1","Sword Boomerang"],"picked":"Headbutt+1","floor":18},{"not_picked":["Sever Soul","Fire Breathing","Hemokinesis+1"],"picked":"SKIP","floor":20},{"not_picked":["Carnage","Wild Strike","Inflame"],"picked":"SKIP","floor":21},{"not_picked":["Infernal Blade","Headbutt"],"picked":"Metallicize","floor":22}],"player_experience":474319,"relics_obtained":[{"floor":7,"key":"Letter Opener"},{"floor":9,"key":"Bag of Marbles"},{"floor":11,"key":"Old Coin"}],"event_choices":[{"event_name":"World of Goop","player_choice":"Gather Gold","floor":2,"damage_taken":0},{"event_name":"Living Wall","player_choice":"Grow","floor":4,"damage_taken":0},{"event_name":"The Cleric","player_choice":"Card Removal","floor":12,"damage_taken":0}],"is_beta":true,"boss_relics":[{"not_picked":["Eternal Feather","Calling Bell"],"picked":"Empty Cage"}],"items_purged_floors":[19],"is_endless":false,"potions_floor_spawned":[3,8,10,16,20],"killed_by":"Sentry and Sphere","ascension_level":12}