{"gold_per_floor":[209,12,12,12,12,12,46,63,86,106,106,122,122,137,137,236,236,253,303,187,205,77,146,146,121,194,213,241,254,282,296,296,399,399,410,460,510,586,319,352,352,363,363,363,107,127,197,247,247,247],"floor_reached":51,"playtime":566,"items_purged":["Decay","Inflame","Second Wind"],"score":813,"play_id":"9c05a698-a2d6-47f2-8bd3-f41bbd154aea","local_time":"20190415032238","is_ascension_mode":false,"campfire_choices":[{"data":"Whirlwind","floor":6.0,"key":"SMITH"},{"data":"Fiend Fire","floor":13.0,"key":"SMITH"},{"data":"Inflame","floor":15.0,"key":"SMITH"},{"data":"Double Tap","floor":24.0,"key":"SMITH"},{"data":"Thunderclap","floor":32.0,"key":"SMITH"},{"floor":41,"key":"RECALL"},{"floor":44,"key":"REST"},{"floor":49,"key":"REST"}],"neow_cost":"NONE","seed_source_timestamp":0,"circlet_count":0,"master_deck":["Thunderclap+1","Shrug It Off+1","Inflame+1","Inflame+1","Reaper+1","Fiend Fire+1","Whirlwind+1","Double Tap+1","Seeing Red+1","Shrug It Off+1"],"special_seed":0,"relics":["Burning Blood","Membership Card","Meat on the Bone","Bag of Preparation","SsserpentHead","Busted Crown","Omamori","Oddly Smooth Stone","Mercury Hourglass","Gremlin Horn","War Paint","Fusion Hammer","Vajra","Pear","Orichalcum","WingedGreaves","Darkstone Periapt","Blood Vial","ClockworkSouvenir","Regal Pillow"],"potions_floor_usage":[50,50,50,50],"damage_taken":[{"damage":0.0,"enemies":"2 Louse","floor":1.0,"turns":2.0},{"damage":11.0,"enemies":"3 Sentries","floor":7.0,"turns":2.0},{"damage":1.0,"enemies":"Jaw Worm","floor":8.0,"turns":3.0},{"damage":2.0,"enemies":"Cultist","floor":10.0,"turns":2.0},{"damage":0.0,"enemies":"3 Louse","floor":12.0,"turns":1.0},{"damage":13.0,"enemies":"Exordium Thugs","floor":14.0,"turns":2.0},{"damage":0.0,"enemies":"Slime Boss","floor":16.0,"turns":4.0},{"damage":20.0,"enemies":"2 Thieves","floor":18.0,"turns":3.0},{"damage":2.0,"enemies":"Spheric Guardian","floor":21.0,"turns":3.0},{"damage":0.0,"enemies":"3 Cultists","floor":23.0,"turns":1.0},{"damage":0.0,"enemies":"Centurion and Healer","floor":27.0,"turns":1.0},{"damage":18.0,"enemies":"Gremlin Leader","floor":28.0,"turns":3.0},{"damage":0.0,"enemies":"Snecko","floor":29.0,"turns":2.0},{"damage":15.0,"enemies":"Slavers","floor":30.0,"turns":2.0},{"damage":10.0,"enemies":"Cultist and Chosen","floor":31.0,"turns":3.0},{"damage":21.0,"enemies":"Collector","floor":33.0,"turns":4.0},{"damage":0.0,"enemies":"Orb Walker","floor":35.0,"turns":2.0},{"damage":0,"enemies":"Reptomancer","floor":40,"turns":2},{"damage":0,"enemies":"3 Darklings","floor":42,"turns":1},{"damage":0,"enemies":"4 Shapes","floor":47,"turns":1},{"damage":14,"enemies":"Donu and Deca","floor":50,"turns":3}],"seed_played":"4939459908280800043","potions_obtained":[{"floor":8.0,"key":"SkillPotion"},{"floor":10.0,"key":"SkillPotion"},{"floor":12.0,"key":"BloodPotion"},{"floor":28.0,"key":"Strength Potion"},{"floor":46,"key":"FearPotion"},{"floor":46,"key":"EntropicBrew"}],"is_trial":false,"path_per_floor":["M","$","?","$","?","R","E","M","T","M","?","M","R","M","R","B",null,"M","?","$","M","$","M","R","?","T","M","E","M","E","M","R","B",null,"M","?","?","T","$","E","R","M","T","R","$","?","M","?","R","B",null],"character_chosen":"IRONCLAD","items_purchased":["Membership Card","Omamori","Oddly Smooth Stone","Pear","Orichalcum","Blood Vial","ClockworkSouvenir","Regal Pillow"],"campfire_rested":2,"item_purchase_floors":[2,20,22,39,39,45,45,45],"current_hp_per_floor":[80,80,64,64,64,64,59,64,64,76,76,80,80,73,73,79,80,76,76,76,80,80,80,80,80,80,80,79,80,71,80,80,65,80,80,80,80,80,90,90,90,90,90,90,90,90,90,90,90,82],"gold":247,"neow_bonus":"HUNDRED_GOLD","is_prod":false,"is_daily":false,"chose_seed":false,"campfire_upgraded":5,"win_rate":0,"timestamp":1555266158,"path_taken":["M","$","?","$","?","R","E","M","T","?","?","M","R","M","R","BOSS","M","?","$","M","$","?","R","?","T","M","E","M","E","M","R","BOSS","M","?","?","?","$","E","R","M","T","R","$","?","?","?","R","BOSS"],"build_version":"2019-01-23","purchased_purges":3,"victory":true,"max_hp_per_floor":[80,80,80,80,80,80,80,80,80,80,80,80,80,80,80,80,80,80,80,80,80,80,80,80,80,80,80,80,80,80,80,80,80,80,80,80,80,80,90,90,90,90,90,90,90,90,90,90,90,90],"card_choices":[{"not_picked":["Thunderclap","Flame Barrier","Corruption"],"picked":"SKIP","floor":1.0},{"not_picked":["Metallicize","Searing Blow","Twin Strike"],"picked":"SKIP","floor":7.0},{"not_picked":["True Grit","Pommel Strike","Inflame"],"picked":"SKIP","floor":8.0},{"not_picked":["Metallicize","Flex","Rage"],"picked":"SKIP","floor":10.0},{"not_picked":["Wild Strike","Dropkick","Headbutt"],"picked":"SKIP","floor":12.0},{"not_picked":["Body Slam","Clash","Iron Wave"],"picked":"SKIP","floor":14.0},{"not_picked":["Reaper","Juggernaut"],"picked":"Double Tap","floor":16.0},{"not_picked":["Feel No Pain"],"picked":"SKIP","floor":18.0},{"not_picked":[],"picked":"Seeing Red","floor":21.0},{"not_picked":["Wild Strike"],"picked":"SKIP","floor":23.0},{"not_picked":[],"picked":"Shrug It Off+1","floor":27.0},{"not_picked":["Clothesline"],"picked":"SKIP","floor":28.0},{"not_picked":["Sentinel"],"picked":"SKIP","floor":29.0},{"not_picked":["Brutality"],"picked":"SKIP","floor":30.0},{"not_picked":["Twin Strike"],"picked":"SKIP","floor":31.0},{"not_picked":["Anger"],"picked":"SKIP","floor":35.0},{"not_picked":["Sentinel"],"picked":"SKIP","floor":40},{"not_picked":["Headbutt+1"],"picked":"SKIP","floor":42},{"not_picked":["Iron Wave"],"picked":"SKIP","floor":47}],"player_experience":3148000,"relics_obtained":[{"floor":7.0,"key":"Meat on the Bone"},{"floor":9.0,"key":"Bag of Preparation"},{"floor":26.0,"key":"Mercury Hourglass"},{"floor":28.0,"key":"Gremlin Horn"},{"floor":30.0,"key":"War Paint"},{"floor":38.0,"key":"Vajra"},{"floor":40,"key":"WingedGreaves"},{"floor":43,"key":"Darkstone Periapt"}],"event_choices":[{"damage_healed":0.0,"max_hp_gain":0.0,"max_hp_loss":0.0,"gold_gain":0.0,"event_name":"Shining Light","player_choice":"Entered Light","floor":3.0,"gold_loss":0.0,"damage_taken":16.0,"cards_upgraded":["Inflame","Reaper"]},{"damage_healed":0.0,"max_hp_gain":0.0,"max_hp_loss":0.0,"gold_gain":0.0,"event_name":"Wheel of Change","player_choice":"Cursed","floor":5.0,"gold_loss":0.0,"damage_taken":0.0,"cards_obtained":["Decay"]},{"damage_healed":0.0,"max_hp_gain":0.0,"max_hp_loss":0.0,"gold_gain":0.0,"event_name":"FaceTrader","player_choice":"Trade","floor":11.0,"gold_loss":0.0,"damage_taken":0.0,"relics_obtained":["SsserpentHead"]},{"damage_healed":0.0,"max_hp_gain":0.0,"max_hp_loss":0.0,"gold_gain":0.0,"event_name":"Duplicator","player_choice":"Copied","floor":19.0,"gold_loss":0.0,"damage_taken":0.0,"cards_obtained":["Whirlwind"]},{"cards_removed":["Shrug It Off"],"damage_healed":0.0,"max_hp_gain":0.0,"max_hp_loss":0.0,"gold_gain":0.0,"event_name":"Beggar","player_choice":"Gave Gold","floor":25.0,"gold_loss":75.0,"damage_taken":0.0},{"damage_healed":0.0,"max_hp_gain":0.0,"max_hp_loss":0.0,"gold_gain":0.0,"event_name":"Tomb of Lord Red Mask","player_choice":"Ignored","floor":36.0,"gold_loss":0.0,"damage_taken":0.0},{"damage_healed":0.0,"max_hp_gain":0.0,"max_hp_loss":0.0,"gold_gain":0.0,"event_name":"Mysterious Sphere","player_choice":"Ignored","floor":37.0,"gold_loss":0.0,"damage_taken":0.0},{"damage_healed":0,"gold_gain":0,"player_choice":"Bought 2 Potions","damage_taken":0,"max_hp_gain":0,"max_hp_loss":0,"event_name":"The Woman in Blue","floor":46,"gold_loss":0},{"cards_removed":["Whirlwind"],"damage_healed":0,"gold_gain":0,"player_choice":"Removed Attack","damage_taken":0,"max_hp_gain":0,"max_hp_loss":0,"event_name":"Falling","floor":48,"gold_loss":0}],"is_beta":false,"boss_relics":[{"not_picked":["Black Blood","Runic Cube"],"picked":"Busted Crown"},{"not_picked":["Mark of Pain","Orrery"],"picked":"Fusion Hammer"}],"items_purged_floors":[20,22,39],"is_endless":false,"potions_floor_spawned":[8,10,12,18,27,28,29,30,35],"ascension_level":0}