{"gold_per_floor":[115,115,126,144,36,63,63,73,73,73,73],"floor_reached":11,"playtime":218,"items_purged":[],"score":146,"play_id":"dc2560be-289b-4e93-9794-42c2006f300f","local_time":"20190320192126","is_ascension_mode":true,"campfire_choices":[{"data":"Sunder","floor":7,"key":"SMITH"}],"neow_cost":"NONE","seed_source_timestamp":89222131724200,"circlet_count":0,"master_deck":["AscendersBane","Strike_B","Strike_B","Strike_B","Strike_B","Defend_B","Defend_B","Defend_B","Defend_B","Zap","Dualcast","Sunder+1","Loop","Cold Snap","Capacitor","Creative AI","Barrage"],"relics":["Cracked Core","NeowsBlessing","Gambling Chip","Torii"],"potions_floor_usage":[],"damage_taken":[{"damage":0,"enemies":"Jaw Worm","floor":1,"turns":1},{"damage":0,"enemies":"Cultist","floor":3,"turns":1},{"damage":6,"enemies":"2 Louse","floor":4,"turns":2},{"damage":26,"enemies":"Lagavulin","floor":6,"turns":7},{"damage":12,"enemies":"Exordium Thugs","floor":8,"turns":4},{"damage":12,"enemies":"3 Sentries","floor":11,"turns":3}],"seed_played":"-7811064253343705135","potions_obtained":[{"floor":3,"key":"Ancient Potion"}],"is_trial":false,"path_per_floor":["M","?","M","M","$","E","R","M","T","$","E"],"character_chosen":"DEFECT","items_purchased":["Cold Snap","Capacitor"],"campfire_rested":0,"item_purchase_floors":[5,5],"current_hp_per_floor":[64,64,64,58,58,32,32,20,20,20,8],"gold":73,"neow_bonus":"THREE_ENEMY_KILL","is_prod":false,"is_daily":false,"chose_seed":false,"campfire_upgraded":1,"win_rate":0,"timestamp":1553077286,"path_taken":["M","?","?","M","$","E","R","M","T","?","E"],"build_version":"2019-01-23","purchased_purges":0,"victory":false,"max_hp_per_floor":[71,71,71,71,71,71,71,71,71,71,71],"card_choices":[{"not_picked":["Barrage","Leap"],"picked":"Sunder","floor":1},{"not_picked":["Redo","Chill"],"picked":"Loop","floor":3},{"not_picked":["Reprogram","Rebound","Double Energy"],"picked":"SKIP","floor":4},{"not_picked":["Ball Lightning","Auto Shields"],"picked":"Creative AI","floor":6},{"not_picked":["Hologram","Fusion"],"picked":"Barrage","floor":8}],"player_experience":2418651,"relics_obtained":[{"floor":6,"key":"Gambling Chip"},{"floor":9,"key":"Torii"}],"event_choices":[{"damage_healed":0,"gold_gain":0,"player_choice":"0 cards matched","damage_taken":0,"max_hp_gain":0,"max_hp_loss":0,"event_name":"Match and Keep!","floor":2,"gold_loss":0,"cards_obtained":[]}],"is_beta":false,"boss_relics":[],"items_purged_floors":[],"is_endless":false,"potions_floor_spawned":[3],"killed_by":"3 Sentries","ascension_level":20}