{"gold_per_floor":[15,115,125,125,26,26,41,41,41,52,64,15,15,25,25,124,124,134,144,144,164,164,164,174,89,89,189,201,211,226,126,126,231,231,251,251,251,262,262,262,281,281,281,281,72,89,44,92,92,92],"floor_reached":51,"playtime":4981,"items_purged":["Defend_R","Defend_R"],"score":839,"play_id":"9d926875-0d73-4b87-828d-f79d966d7c1c","local_time":"20190118202952","is_ascension_mode":false,"campfire_choices":[{"data":"Pommel Strike","floor":6.0,"key":"SMITH"},{"data":"Uppercut","floor":15.0,"key":"SMITH"},{"data":"Perfected Strike","floor":23.0,"key":"SMITH"},{"floor":32.0,"key":"REST"},{"data":"Whirlwind","floor":40.0,"key":"SMITH"},{"data":"Offering","floor":42.0,"key":"SMITH"},{"data":"Pommel Strike","floor":49.0,"key":"SMITH"}],"neow_cost":"NO_GOLD","seed_source_timestamp":0,"circlet_count":0,"master_deck":["Strike_R+1","Strike_R+1","Strike_R+1","Strike_R+1","Strike_R+1","Defend_R+1","Defend_R+1","Dark Shackles+1","Dramatic Entrance+1","Headbutt+1","Pommel Strike+1","Flex+1","Spot Weakness+1","Perfected Strike+1","Whirlwind+1","Perfected Strike+1","Offering+1","Intimidate+1","Iron Wave+1","Impatience+1","Uppercut+1","Impervious+1","Armaments+1","Pommel Strike+1","Ghostly Armor+1","Thunderclap+1","Twin Strike+1","Headbutt+1","Limit Break+1","Battle Trance+1","Dual Wield+1","Perfected Strike+1","Pommel Strike+1"],"special_seed":0,"relics":["Burning Blood","Ornamental Fan","Mark of Pain","Paper Frog","Shuriken","Coffee Dripper","Boot","Mark of the Bloom","DollysMirror","Juzu Bracelet"],"potions_floor_usage":[50],"damage_taken":[{"damage":0.0,"enemies":"2 Louse","floor":1.0,"turns":3.0},{"damage":6.0,"enemies":"Cultist","floor":3.0,"turns":3.0},{"damage":6.0,"enemies":"Jaw Worm","floor":7.0,"turns":2.0},{"damage":8.0,"enemies":"Large Slime","floor":10.0,"turns":4.0},{"damage":2.0,"enemies":"Exordium Wildlife","floor":11.0,"turns":3.0},{"damage":0.0,"enemies":"Lots of Slimes","floor":14.0,"turns":3.0},{"damage":41.0,"enemies":"The Guardian","floor":16.0,"turns":7.0},{"damage":1.0,"enemies":"3 Byrds","floor":18.0,"turns":6.0},{"damage":16.0,"enemies":"Spheric Guardian","floor":19.0,"turns":3.0},{"damage":18.0,"enemies":"Shelled Parasite and Fungi","floor":21.0,"turns":4.0},{"damage":2.0,"enemies":"Colosseum Slavers","floor":22.0,"turns":3.0},{"damage":8.0,"enemies":"Chosen and Byrds","floor":24.0,"turns":5.0},{"damage":6.0,"enemies":"3 Cultists","floor":28.0,"turns":4.0},{"damage":8.0,"enemies":"Snake Plant","floor":29.0,"turns":3.0},{"damage":12.0,"enemies":"Centurion and Healer","floor":30.0,"turns":4.0},{"damage":7.0,"enemies":"Collector","floor":33.0,"turns":3.0},{"damage":13.0,"enemies":"3 Darklings","floor":35.0,"turns":4.0},{"damage":6.0,"enemies":"Orb Walker","floor":38.0,"turns":2.0},{"damage":5.0,"enemies":"Jaw Worm Horde","floor":41.0,"turns":2.0},{"damage":7.0,"enemies":"4 Shapes","floor":46.0,"turns":4.0},{"damage":52,"enemies":"Awakened One","floor":50,"turns":7}],"seed_played":"-74710100122207018","potions_obtained":[{"floor":7.0,"key":"Regen Potion"},{"floor":10.0,"key":"AttackPotion"},{"floor":14.0,"key":"Poison Potion"},{"floor":16.0,"key":"PowerPotion"},{"floor":24.0,"key":"Energy Potion"},{"floor":28.0,"key":"Ancient Potion"},{"floor":35.0,"key":"SkillPotion"}],"is_trial":false,"path_per_floor":["M","?","M","?","$","R","M","?","T","M","M","$","?","M","R","B",null,"M","M","?","M","?","R","M","?","T","?","M","M","M","$","R","B",null,"M","?","?","M","?","R","M","R","T","?","$","M","$","T","R","B",null],"character_chosen":"IRONCLAD","items_purchased":["Flex","Perfected Strike","DollysMirror","Pommel Strike"],"campfire_rested":1,"item_purchase_floors":[5,12,45,47],"current_hp_per_floor":[80,80,80,85,85,85,85,85,85,83,85,85,85,85,85,64,85,85,75,75,63,67,67,65,65,65,65,65,63,57,57,82,81,85,78,78,78,78,78,78,79,79,79,79,79,72,72,72,72,20],"gold":92,"neow_bonus":"RANDOM_COLORLESS_2","is_prod":false,"is_daily":false,"chose_seed":false,"campfire_upgraded":6,"win_rate":0,"timestamp":1547810992,"path_taken":["M","?","?","?","$","R","M","?","T","M","M","?","?","?","R","BOSS","M","M","?","M","?","R","M","?","T","?","?","M","M","?","R","BOSS","M","?","?","?","?","R","?","R","T","?","?","M","$","?","R","BOSS"],"build_version":"2019-01-17","purchased_purges":2,"victory":true,"max_hp_per_floor":[80,80,80,85,85,85,85,85,85,85,85,85,85,85,85,85,85,85,85,85,85,85,85,85,85,85,85,85,85,85,85,85,85,85,85,85,85,85,85,85,85,85,85,85,85,85,85,85,85,85],"card_choices":[{"not_picked":["Clothesline","Twin Strike"],"picked":"Headbutt","floor":1.0},{"not_picked":["Warcry","Power Through"],"picked":"Pommel Strike","floor":3.0},{"not_picked":["Iron Wave","Power Through"],"picked":"Spot Weakness","floor":7.0},{"not_picked":["Headbutt","Cleave"],"picked":"Perfected Strike","floor":10.0},{"not_picked":["Thunderclap","Shockwave"],"picked":"Whirlwind","floor":11.0},{"not_picked":["Second Wind","Warcry"],"picked":"Uppercut","floor":14.0},{"not_picked":["Barricade","Exhume"],"picked":"Impervious","floor":16.0},{"not_picked":["Warcry","Second Wind"],"picked":"Armaments","floor":18.0},{"not_picked":["Sever Soul","Body Slam"],"picked":"Pommel Strike","floor":19.0},{"not_picked":["Clothesline+1","Searing Blow+1"],"picked":"Ghostly Armor","floor":21.0},{"not_picked":["Body Slam","Warcry"],"picked":"Thunderclap","floor":24.0},{"not_picked":["Armaments","Sword Boomerang"],"picked":"Twin Strike","floor":28.0},{"not_picked":["True Grit","Infernal Blade"],"picked":"Headbutt","floor":29.0},{"not_picked":["Clash","Heavy Blade+1","Anger"],"picked":"SKIP","floor":30.0},{"not_picked":["Dark Embrace","Barricade"],"picked":"Limit Break","floor":33.0},{"not_picked":["True Grit+1","Anger"],"picked":"Battle Trance+1","floor":35.0},{"not_picked":["Sever Soul","Carnage"],"picked":"Dual Wield+1","floor":38.0},{"not_picked":["Clothesline","Sword Boomerang","Headbutt"],"picked":"SKIP","floor":41.0},{"not_picked":["Wild Strike","Shrug It Off","Sever Soul"],"picked":"SKIP","floor":46.0}],"player_experience":55297,"relics_obtained":[{"floor":9.0,"key":"Ornamental Fan"},{"floor":26.0,"key":"Shuriken"},{"floor":43.0,"key":"Boot"},{"floor":48.0,"key":"Juzu Bracelet"}],"event_choices":[{"damage_healed":0.0,"max_hp_gain":0.0,"max_hp_loss":0.0,"gold_gain":100.0,"event_name":"Golden Shrine","player_choice":"Pray","floor":2.0,"gold_loss":0.0,"damage_taken":0.0},{"damage_healed":0.0,"max_hp_gain":5.0,"max_hp_loss":0.0,"gold_gain":0.0,"event_name":"Big Fish","player_choice":"Donut","floor":4.0,"gold_loss":0.0,"damage_taken":0.0},{"damage_healed":0.0,"max_hp_gain":0.0,"max_hp_loss":0.0,"gold_gain":0.0,"event_name":"Liars Game","player_choice":"Ignored","floor":8.0,"gold_loss":0.0,"damage_taken":0.0},{"damage_healed":0.0,"max_hp_gain":0.0,"max_hp_loss":0.0,"gold_gain":0.0,"event_name":"Match and Keep!","player_choice":"4 cards matched","floor":13.0,"gold_loss":0.0,"damage_taken":0.0,"cards_obtained":["Offering","Intimidate","Iron Wave","Impatience"]},{"damage_healed":0.0,"max_hp_gain":0.0,"max_hp_loss":0.0,"gold_gain":0.0,"event_name":"Match and Keep!","player_choice":"4 cards matched","floor":13.0,"gold_loss":0.0,"damage_taken":0.0,"cards_obtained":["Offering","Intimidate","Iron Wave","Impatience"]},{"damage_healed":0.0,"max_hp_gain":0.0,"max_hp_loss":0.0,"gold_gain":0.0,"event_name":"Vampires","player_choice":"Ignored","floor":20.0,"gold_loss":0.0,"damage_taken":0.0},{"damage_healed":0.0,"max_hp_gain":0.0,"max_hp_loss":0.0,"gold_gain":0.0,"event_name":"Colosseum","player_choice":"Fight","floor":22.0,"gold_loss":0.0,"damage_taken":0.0},{"damage_healed":0.0,"max_hp_gain":0.0,"max_hp_loss":0.0,"gold_gain":0.0,"event_name":"Colosseum","player_choice":"Fled From Nobs","floor":22.0,"gold_loss":0.0,"damage_taken":0.0},{"damage_healed":0.0,"max_hp_gain":0.0,"max_hp_loss":0.0,"gold_gain":0.0,"event_name":"Addict","player_choice":"Obtained Relic","floor":25.0,"gold_loss":85.0,"damage_taken":0.0,"relics_obtained":["Paper Frog"]},{"damage_healed":0.0,"max_hp_gain":0.0,"max_hp_loss":0.0,"gold_gain":100.0,"event_name":"Golden Shrine","player_choice":"Pray","floor":27.0,"gold_loss":0.0,"damage_taken":0.0},{"cards_removed":["Bash"],"damage_healed":0.0,"max_hp_gain":0.0,"max_hp_loss":0.0,"gold_gain":0.0,"event_name":"Falling","player_choice":"Removed Attack","floor":36.0,"gold_loss":0.0,"damage_taken":0.0},{"damage_healed":0.0,"max_hp_gain":0.0,"max_hp_loss":0.0,"gold_gain":0.0,"event_name":"Accursed Blacksmith","player_choice":"Forge","floor":37.0,"gold_loss":0.0,"damage_taken":0.0,"cards_upgraded":["Perfected Strike"]},{"damage_healed":0.0,"max_hp_gain":0.0,"max_hp_loss":0.0,"gold_gain":0.0,"event_name":"Upgrade Shrine","player_choice":"Upgraded","floor":39.0,"gold_loss":0.0,"damage_taken":0.0,"cards_upgraded":["Ghostly Armor"]},{"damage_healed":0.0,"max_hp_gain":0.0,"max_hp_loss":0.0,"gold_gain":0.0,"event_name":"MindBloom","player_choice":"Upgrade","floor":44.0,"gold_loss":0.0,"damage_taken":0.0,"cards_upgraded":["Strike_R","Strike_R","Strike_R","Strike_R","Strike_R","Defend_R","Defend_R","Dark Shackles","Dramatic Entrance","Headbutt","Flex","Spot Weakness","Intimidate","Iron Wave","Impatience","Impervious","Armaments","Pommel Strike","Thunderclap","Twin Strike","Headbutt","Limit Break"],"relics_obtained":["Mark of the Bloom"]}],"is_beta":false,"boss_relics":[{"not_picked":["Orrery","Tiny House"],"picked":"Mark of Pain"},{"not_picked":["Eternal Feather","Black Star"],"picked":"Coffee Dripper"}],"items_purged_floors":[5,31],"is_endless":false,"potions_floor_spawned":[7,10,14,16,22,24,28,35],"ascension_level":0}