{"gold_per_floor":[109,129,129,129,129,129,161,178,203,52,78,89,89,120,120,120],"floor_reached":16,"playtime":372,"items_purged":["Regret"],"score":336,"play_id":"10961ccd-6491-4d15-8048-6cb2f4a71efb","local_time":"20190221132454","is_ascension_mode":true,"campfire_choices":[{"data":"Hyperbeam","floor":6,"key":"SMITH"},{"floor":13,"key":"REST"},{"data":"Hologram","floor":15,"key":"SMITH"}],"neow_cost":"PERCENT_DAMAGE","seed_source_timestamp":92115935564400,"circlet_count":0,"master_deck":["AscendersBane","Strike_B","Strike_B","Strike_B","Strike_B","Defend_B","Defend_B","Defend_B","Defend_B","Zap","Dualcast","Hyperbeam+1","Beam Cell","Hologram+1","Recycle","Defragment","Self Repair","Conserve Battery","Core Surge","Leap"],"relics":["Cracked Core","Blood Vial","Girya","Lantern","PreservedInsect","Boot"],"potions_floor_usage":[16],"damage_taken":[{"damage":4,"enemies":"Jaw Worm","floor":1,"turns":3},{"damage":1,"enemies":"2 Louse","floor":2,"turns":3},{"damage":30,"enemies":"Lagavulin","floor":7,"turns":7},{"damage":0,"enemies":"Small Slimes","floor":8,"turns":1},{"damage":0,"enemies":"Gremlin Nob","floor":11,"turns":2},{"damage":3,"enemies":"Exordium Wildlife","floor":12,"turns":3},{"damage":0,"enemies":"3 Sentries","floor":14,"turns":1},{"damage":36,"enemies":"The Guardian","floor":16,"turns":5}],"seed_played":"-4772906258931938304","potions_obtained":[{"floor":8,"key":"SpeedPotion"},{"floor":11,"key":"Strength Potion"}],"is_trial":false,"path_per_floor":["M","M","?","?","?","R","E","M","T","$","E","M","R","E","R","B"],"character_chosen":"DEFECT","items_purchased":["Self Repair"],"campfire_rested":1,"item_purchase_floors":[10],"current_hp_per_floor":[42,41,41,41,36,36,8,10,10,10,12,18,39,48,48,14],"gold":120,"neow_bonus":"THREE_RARE_CARDS","is_prod":false,"is_daily":false,"chose_seed":false,"campfire_upgraded":2,"win_rate":0,"timestamp":1550723094,"path_taken":["M","M","?","?","?","R","E","?","T","?","E","M","R","E","R","BOSS"],"build_version":"2019-01-23","purchased_purges":1,"victory":false,"max_hp_per_floor":[71,71,71,71,71,71,71,71,71,71,71,71,71,71,71,71],"card_choices":[{"not_picked":["Seek","Amplify"],"picked":"Hyperbeam","floor":0},{"not_picked":["Gash","Conserve Battery"],"picked":"Beam Cell","floor":1},{"not_picked":["Sweeping Beam","Go for the Eyes"],"picked":"Hologram","floor":2},{"not_picked":["Aggregate","Blizzard"],"picked":"Recycle","floor":7},{"not_picked":["Redo","Coolheaded"],"picked":"Defragment","floor":8},{"not_picked":["Rip and Tear","Genetic Algorithm"],"picked":"Conserve Battery","floor":11},{"not_picked":["Steam","Static Discharge"],"picked":"Core Surge","floor":12},{"not_picked":["Force Field","Skim"],"picked":"Leap","floor":14}],"player_experience":1687753,"relics_obtained":[{"floor":7,"key":"Lantern"},{"floor":9,"key":"PreservedInsect"},{"floor":11,"key":"Boot"}],"event_choices":[{"damage_healed":0,"gold_gain":0,"player_choice":"Box","damage_taken":0,"relics_obtained":["Blood Vial"],"max_hp_gain":0,"max_hp_loss":0,"event_name":"Big Fish","floor":3,"gold_loss":0,"cards_obtained":["Regret"]},{"damage_healed":0,"gold_gain":0,"player_choice":"Ignored","damage_taken":0,"max_hp_gain":0,"max_hp_loss":0,"event_name":"Liars Game","floor":4,"gold_loss":0},{"damage_healed":0,"gold_gain":0,"player_choice":"Success","damage_taken":5,"relics_obtained":["Girya"],"max_hp_gain":0,"max_hp_loss":0,"event_name":"Scrap Ooze","floor":5,"gold_loss":0}],"is_beta":false,"boss_relics":[],"items_purged_floors":[10],"is_endless":false,"potions_floor_spawned":[8,11,12],"killed_by":"The Guardian","ascension_level":20}