{"gold_per_floor":[113,38,38,57,57,88,101,132,186,204,204,215,215,215,215,287,287,301,226,226,246,263,263,263],"floor_reached":24,"playtime":944,"items_purged":["Steam Power"],"score":462,"play_id":"4e22b55e-079c-46e7-8ffb-7d8a4ed72a94","local_time":"20190215140020","is_ascension_mode":true,"campfire_choices":[{"floor":11,"key":"REST"},{"data":"Blizzard","floor":13,"key":"SMITH"},{"data":"Coolheaded","floor":15,"key":"SMITH"},{"floor":23,"key":"REST"}],"neow_cost":"NONE","seed_source_timestamp":100749116905700,"circlet_count":0,"master_deck":["AscendersBane","Zap+1","Dualcast","Ball Lightning","Leap","Echo Form","Glacier","Blizzard+1","Coolheaded+1","Fission","Genetic Algorithm","Force Field","Storm","Redo","Chill","Capacitor","Gash","Double Energy+1"],"relics":["Cracked Core","NeowsBlessing","Oddly Smooth Stone","Bag of Marbles","Tiny Chest","Pear","Pandora\u0027s Box"],"potions_floor_usage":[10,20,22,22,22,22],"damage_taken":[{"damage":0,"enemies":"Jaw Worm","floor":1,"turns":1},{"damage":0,"enemies":"2 Louse","floor":4,"turns":1},{"damage":0,"enemies":"Lagavulin","floor":6,"turns":1},{"damage":0,"enemies":"Small Slimes","floor":7,"turns":3},{"damage":20,"enemies":"3 Sentries","floor":8,"turns":7},{"damage":8,"enemies":"Exordium Thugs","floor":10,"turns":3},{"damage":5,"enemies":"Looter","floor":12,"turns":3},{"damage":4,"enemies":"Slime Boss","floor":16,"turns":9},{"damage":11,"enemies":"Shell Parasite","floor":18,"turns":6},{"damage":24,"enemies":"Colosseum Slavers","floor":20,"turns":4},{"damage":3,"enemies":"2 Thieves","floor":21,"turns":4},{"damage":31,"enemies":"Chosen and Byrds","floor":22,"turns":7},{"damage":21,"enemies":"Gremlin Leader","floor":24,"turns":2}],"seed_played":"3301710140285161272","potions_obtained":[{"floor":4,"key":"EntropicBrew"},{"floor":7,"key":"Energy Potion"},{"floor":10,"key":"Explosive Potion"},{"floor":21,"key":"FearPotion"}],"is_trial":false,"path_per_floor":["M","?","?","M","?","E","M","E","T","M","R","M","R","T","R","B",null,"M","$","?","M","M","R","E"],"character_chosen":"DEFECT","items_purchased":[],"campfire_rested":2,"item_purchase_floors":[],"current_hp_per_floor":[64,64,43,43,43,43,43,23,23,15,36,31,31,41,41,37,70,59,59,35,32,1,25,4],"gold":263,"neow_bonus":"THREE_ENEMY_KILL","is_prod":false,"is_daily":false,"chose_seed":false,"campfire_upgraded":2,"win_rate":0,"timestamp":1550206820,"path_taken":["M","?","?","M","?","E","?","E","T","M","R","M","R","?","R","BOSS","M","$","?","M","M","R","E"],"build_version":"2019-01-23","purchased_purges":1,"victory":false,"max_hp_per_floor":[71,71,71,71,71,71,71,71,71,71,71,71,71,81,81,81,81,81,81,81,81,81,81,81],"card_choices":[{"not_picked":["Hologram","Sweeping Beam","Compile Driver"],"picked":"SKIP","floor":1},{"not_picked":["Compile Driver","Conserve Battery"],"picked":"Ball Lightning","floor":4},{"not_picked":["Sweeping Beam","Barrage"],"picked":"Leap","floor":6},{"not_picked":["Steam","Cold Snap"],"picked":"Echo Form","floor":7},{"not_picked":["Auto Shields","Steam"],"picked":"Glacier","floor":8},{"not_picked":["Recycle","Gash"],"picked":"Blizzard","floor":10},{"not_picked":["Streamline","Leap"],"picked":"Coolheaded","floor":12},{"not_picked":["Meteor Strike","Hyperbeam"],"picked":"Fission","floor":16},{"not_picked":["Turbo","Melter"],"picked":"Capacitor","floor":18},{"not_picked":["Sunder","Force Field"],"picked":"Gash","floor":21},{"not_picked":["Skim","Rebound"],"picked":"Double Energy+1","floor":22}],"player_experience":1590835,"relics_obtained":[{"floor":6,"key":"Oddly Smooth Stone"},{"floor":8,"key":"Bag of Marbles"},{"floor":9,"key":"Tiny Chest"},{"floor":14,"key":"Pear"}],"event_choices":[{"cards_removed":["Defend_B"],"damage_healed":0,"gold_gain":0,"player_choice":"Card Removal","damage_taken":0,"max_hp_gain":0,"max_hp_loss":0,"event_name":"The Cleric","floor":2,"gold_loss":75},{"damage_healed":0,"gold_gain":0,"player_choice":"Entered Light","damage_taken":21,"max_hp_gain":0,"max_hp_loss":0,"event_name":"Shining Light","floor":3,"gold_loss":0,"cards_upgraded":["Zap","Defend_B"]},{"cards_removed":["Strike_B"],"damage_healed":0,"gold_gain":0,"player_choice":"Card Removal","damage_taken":0,"max_hp_gain":0,"max_hp_loss":0,"event_name":"Wheel of Change","floor":5,"gold_loss":0},{"damage_healed":0,"gold_gain":0,"player_choice":"Fight","damage_taken":0,"max_hp_gain":0,"max_hp_loss":0,"event_name":"Colosseum","floor":20,"gold_loss":0},{"damage_healed":0,"gold_gain":0,"player_choice":"Fled From Nobs","damage_taken":0,"max_hp_gain":0,"max_hp_loss":0,"event_name":"Colosseum","floor":20,"gold_loss":0}],"is_beta":false,"boss_relics":[{"not_picked":["Velvet Choker","Orrery"],"picked":"Pandora\u0027s Box"}],"items_purged_floors":[19],"is_endless":false,"potions_floor_spawned":[4,7,10,21],"killed_by":"Gremlin Leader","ascension_level":20}