{"gold_per_floor":[112,187,187,207,207,242,260,260,260,260,299,299,338,356,356,356],"floor_reached":16,"playtime":342,"items_purged":[],"score":286,"play_id":"c1c072e0-94ba-445d-bb38-070110389920","local_time":"20190402182120","is_ascension_mode":true,"campfire_choices":[{"data":"Seeing Red","floor":8,"key":"SMITH"},{"floor":10,"key":"REST"},{"data":"Strike_R","floor":15,"key":"SMITH"}],"neow_cost":"NONE","seed_source_timestamp":371812187390000,"circlet_count":0,"master_deck":["AscendersBane","Strike_R","Strike_R","Strike_R+1","Strike_R","Strike_R","Defend_R","Defend_R","Defend_R","Defend_R+1","Bash+1","Ghostly Armor","Seeing Red+1","Battle Trance","Headbutt"],"relics":["Burning Blood","NeowsBlessing","Golden Idol","Mummified Hand","Pantograph","Bag of Preparation","Anchor"],"potions_floor_usage":[16,16],"damage_taken":[{"damage":0,"enemies":"Small Slimes","floor":1,"turns":1},{"damage":0,"enemies":"Cultist","floor":4,"turns":1},{"damage":0,"enemies":"Gremlin Nob","floor":6,"turns":1},{"damage":1,"enemies":"2 Louse","floor":7,"turns":3},{"damage":48,"enemies":"Lagavulin","floor":11,"turns":10},{"damage":44,"enemies":"3 Sentries","floor":13,"turns":11},{"damage":0,"enemies":"Large Slime","floor":14,"turns":4},{"damage":57,"enemies":"Hexaghost","floor":16,"turns":8}],"seed_played":"-4274710460439195589","potions_obtained":[{"floor":1,"key":"FearPotion"},{"floor":11,"key":"Weak Potion"}],"is_trial":false,"path_per_floor":["M","?","?","M","?","E","M","R","T","R","E","?","E","M","R","B"],"character_chosen":"IRONCLAD","items_purchased":[],"campfire_rested":1,"item_purchase_floors":[],"current_hp_per_floor":[74,63,40,46,20,26,31,31,31,53,11,75,37,43,43,11],"gold":356,"neow_bonus":"THREE_ENEMY_KILL","is_prod":false,"is_daily":false,"chose_seed":false,"campfire_upgraded":2,"win_rate":0,"timestamp":1554196880,"path_taken":["M","?","?","M","?","E","M","R","T","R","E","?","E","M","R","BOSS"],"build_version":"2019-01-23","purchased_purges":0,"victory":false,"max_hp_per_floor":[75,75,75,75,75,75,75,75,75,75,75,75,75,75,75,75],"card_choices":[{"not_picked":["Sever Soul","Headbutt","Cleave"],"picked":"SKIP","floor":1},{"not_picked":["Body Slam","Clothesline"],"picked":"Ghostly Armor","floor":4},{"not_picked":["Perfected Strike","Headbutt"],"picked":"Seeing Red","floor":6},{"not_picked":["Clothesline","Body Slam","Power Through"],"picked":"SKIP","floor":7},{"not_picked":["Heavy Blade","Warcry"],"picked":"Battle Trance","floor":11},{"not_picked":["Iron Wave","Twin Strike","Rupture"],"picked":"SKIP","floor":13},{"not_picked":["Brutality","Shrug It Off"],"picked":"Headbutt","floor":14}],"player_experience":2815182,"relics_obtained":[{"floor":6,"key":"Mummified Hand"},{"floor":9,"key":"Pantograph"},{"floor":11,"key":"Bag of Preparation"},{"floor":13,"key":"Anchor"}],"event_choices":[{"damage_healed":0,"gold_gain":75,"player_choice":"Gather Gold","damage_taken":11,"max_hp_gain":0,"max_hp_loss":0,"event_name":"World of Goop","floor":2,"gold_loss":0},{"damage_healed":0,"gold_gain":0,"player_choice":"Entered Light","damage_taken":23,"max_hp_gain":0,"max_hp_loss":0,"event_name":"Shining Light","floor":3,"gold_loss":0,"cards_upgraded":["Bash","Defend_R"]},{"damage_healed":0,"gold_gain":0,"player_choice":"Take Damage","damage_taken":26,"relics_obtained":["Golden Idol"],"max_hp_gain":0,"max_hp_loss":0,"event_name":"Golden Idol","floor":5,"gold_loss":0},{"damage_healed":64,"gold_gain":0,"player_choice":"Full Heal","damage_taken":0,"max_hp_gain":0,"max_hp_loss":0,"event_name":"Wheel of Change","floor":12,"gold_loss":0}],"is_beta":false,"boss_relics":[],"items_purged_floors":[],"is_endless":false,"potions_floor_spawned":[1,11],"killed_by":"Hexaghost","ascension_level":20}