{"gold_per_floor":[115,129,204,204,223,223,241,241,315,315,64,64,93,109,109,109],"floor_reached":16,"playtime":372,"items_purged":[],"score":200,"play_id":"1e1f60f0-041f-436e-89b3-8b2395103e77","local_time":"20190315205653","is_ascension_mode":true,"campfire_choices":[{"data":"Combust","floor":6,"key":"SMITH"},{"data":"Carnage","floor":10,"key":"SMITH"},{"data":"Whirlwind","floor":12,"key":"SMITH"},{"data":"Bash","floor":15,"key":"SMITH"}],"neow_cost":"NONE","seed_source_timestamp":125468141917900,"circlet_count":0,"master_deck":["AscendersBane","Strike_R","Strike_R","Strike_R","Strike_R","Defend_R","Defend_R+1","Defend_R","Defend_R+1","Bash+1","Feel No Pain","Combust+1","Corruption","Carnage+1","Whirlwind+1","Flame Barrier"],"relics":["Burning Blood","NeowsBlessing","FaceOfCleric","Question Card","Lantern","War Paint"],"potions_floor_usage":[16,16],"damage_taken":[{"damage":0,"enemies":"Jaw Worm","floor":1,"turns":1},{"damage":0,"enemies":"2 Louse","floor":2,"turns":1},{"damage":0,"enemies":"Cultist","floor":5,"turns":1},{"damage":12,"enemies":"3 Louse","floor":7,"turns":5},{"damage":51,"enemies":"Gremlin Nob","floor":13,"turns":5},{"damage":0,"enemies":"Looter","floor":14,"turns":1},{"damage":21,"enemies":"Slime Boss","floor":16,"turns":8}],"seed_played":"6751821633116914590","potions_obtained":[{"floor":2,"key":"Dexterity Potion"},{"floor":7,"key":"LiquidBronze"},{"floor":13,"key":"Energy Potion"},{"floor":14,"key":"Energy Potion"}],"is_trial":false,"path_per_floor":["M","M","?","?","M","R","M","?","T","R","$","R","E","M","R","B"],"character_chosen":"IRONCLAD","items_purchased":["Lantern","Whirlwind"],"campfire_rested":0,"item_purchase_floors":[11,11],"current_hp_per_floor":[74,75,64,64,71,71,66,59,59,59,59,59,15,22,22,1],"gold":109,"neow_bonus":"THREE_ENEMY_KILL","is_prod":false,"is_daily":false,"chose_seed":false,"campfire_upgraded":4,"win_rate":0,"timestamp":1552651013,"path_taken":["M","M","?","?","?","R","M","?","T","R","$","R","E","M","R","BOSS"],"build_version":"2019-01-23","purchased_purges":0,"victory":false,"max_hp_per_floor":[75,75,75,75,76,76,77,77,77,77,77,77,78,79,79,79],"card_choices":[{"not_picked":["Armaments","Havoc"],"picked":"Feel No Pain","floor":1},{"not_picked":["Twin Strike","Headbutt"],"picked":"Combust","floor":2},{"not_picked":["Intimidate","Armaments"],"picked":"Corruption","floor":5},{"not_picked":["Thunderclap","Spot Weakness"],"picked":"Carnage","floor":7},{"not_picked":["Havoc","Body Slam","Pommel Strike"],"picked":"Flame Barrier","floor":13},{"not_picked":["Uppercut","Rampage","Perfected Strike","Armaments"],"picked":"SKIP","floor":14},{"not_picked":["Uppercut","Rampage","Perfected Strike","Armaments"],"picked":"SKIP","floor":14}],"player_experience":2298261,"relics_obtained":[{"floor":9,"key":"Question Card"},{"floor":13,"key":"War Paint"}],"event_choices":[{"damage_healed":0,"gold_gain":75,"player_choice":"Gather Gold","damage_taken":11,"max_hp_gain":0,"max_hp_loss":0,"event_name":"World of Goop","floor":3,"gold_loss":0},{"damage_healed":0,"gold_gain":0,"player_choice":"Trade","damage_taken":0,"relics_obtained":["FaceOfCleric"],"max_hp_gain":0,"max_hp_loss":0,"event_name":"FaceTrader","floor":4,"gold_loss":0},{"cards_removed":["Strike_R"],"damage_healed":0,"gold_gain":0,"player_choice":"Card Removal","damage_taken":7,"max_hp_gain":0,"max_hp_loss":0,"event_name":"Golden Wing","floor":8,"gold_loss":0}],"is_beta":false,"boss_relics":[],"items_purged_floors":[],"is_endless":false,"potions_floor_spawned":[2,7,13,14],"killed_by":"Slime Boss","ascension_level":20}