{"gold_per_floor":[115,135,135,210,224,224,258,2,29,29,29,39,39,54,54,145,145,163,183,133,154,58,58,102,117,117,117,133,177,198,237,237,237],"floor_reached":33,"playtime":2842,"items_purged":[],"score":502,"play_id":"3b66d4b8-f8cf-46c6-af77-b3ae1dc6c7df","local_time":"20181118203233","is_ascension_mode":true,"campfire_choices":[{"floor":6,"key":"REST"},{"floor":10,"key":"REST"},{"data":"Storm","floor":15,"key":"SMITH"},{"floor":23,"key":"REST"},{"floor":27,"key":"REST"},{"floor":32,"key":"REST"}],"neow_cost":"NONE","seed_source_timestamp":88898123239760,"circlet_count":0,"master_deck":["AscendersBane","Strike_B","Strike_B","Strike_B","Strike_B","Defend_B","Defend_B","Defend_B","Defend_B","Zap+1","Dualcast+1","Storm+1","Chill","Hologram","Self Repair","White Noise","Static Discharge","Darkness","Injury","Electrodynamics","Conserve Battery","Ball Lightning","Force Field","Storm","Conserve Battery","Core Surge","Hello World","Defragment","Doom and Gloom+1","Redo"],"relics":["Cracked Core","Anchor","Oddly Smooth Stone","DataDisk","Blood Vial","Golden Idol","White Beast Statue","PreservedInsect","Molten Egg 2","Dream Catcher","Red Mask"],"potions_floor_usage":[7,7,14,19,30,31,33],"damage_taken":[{"damage":0,"enemies":"Small Slimes","floor":1,"turns":3},{"damage":0,"enemies":"Jaw Worm","floor":2,"turns":3},{"damage":0,"enemies":"2 Louse","floor":5,"turns":5},{"damage":29,"enemies":"Gremlin Nob","floor":7,"turns":5},{"damage":11,"enemies":"Looter","floor":12,"turns":3},{"damage":6,"enemies":"Lots of Slimes","floor":14,"turns":7},{"damage":63,"enemies":"Hexaghost","floor":16,"turns":9},{"damage":6,"enemies":"Chosen","floor":18,"turns":4},{"damage":17,"enemies":"2 Thieves","floor":19,"turns":3},{"damage":8,"enemies":"Snecko","floor":21,"turns":4},{"damage":28,"enemies":"Slavers","floor":24,"turns":5},{"damage":14,"enemies":"Snake Plant","floor":25,"turns":3},{"damage":0,"enemies":"3 Cultists","floor":28,"turns":3},{"damage":39,"enemies":"Book of Stabbing","floor":29,"turns":5},{"damage":17,"enemies":"Centurion and Healer","floor":30,"turns":3},{"damage":16,"enemies":"Masked Bandits","floor":31,"turns":3},{"damage":72,"enemies":"Collector","floor":33,"turns":6}],"seed_played":"-466885969263136307","potions_obtained":[{"floor":1,"key":"PowerPotion"},{"floor":2,"key":"Poison Potion"},{"floor":12,"key":"SpeedPotion"},{"floor":18,"key":"EssenceOfSteel"},{"floor":19,"key":"FearPotion"},{"floor":21,"key":"Ancient Potion"},{"floor":28,"key":"Regen Potion"},{"floor":30,"key":"EssenceOfSteel"},{"floor":31,"key":"Block Potion"}],"is_trial":false,"path_per_floor":["M","M","?","?","M","R","E","$","T","R","$","M","?","M","R","B",null,"M","M","?","M","$","R","E","M","T","R","M","E","M","?","R","B"],"character_chosen":"DEFECT","items_purchased":["DataDisk","White Noise","Static Discharge","Storm","Conserve Battery"],"campfire_rested":5,"item_purchase_floors":[8,8,8,22,22],"current_hp_per_floor":[64,64,64,53,53,71,42,42,42,63,63,61,61,64,64,10,56,59,51,51,52,52,71,50,45,45,66,71,39,40,26,47,0],"gold":237,"neow_bonus":"RANDOM_COMMON_RELIC","is_prod":false,"is_daily":false,"chose_seed":false,"campfire_upgraded":1,"win_rate":0,"timestamp":1542565953,"path_taken":["M","M","?","?","M","R","E","$","T","R","$","M","?","M","R","BOSS","M","M","?","?","$","R","E","M","T","R","M","E","M","?","R","BOSS"],"build_version":"2018-11-15","purchased_purges":0,"victory":false,"max_hp_per_floor":[71,71,71,71,71,71,71,71,71,71,71,71,71,71,71,71,71,71,71,71,71,71,71,71,71,71,71,71,71,71,71,71,71],"card_choices":[{"not_picked":["Melter","Gash"],"picked":"Storm","floor":1},{"not_picked":["Steam","Conserve Battery"],"picked":"Chill","floor":2},{"not_picked":["Reprogram","Coolheaded"],"picked":"Hologram","floor":5},{"not_picked":["Undo","Hologram"],"picked":"Self Repair","floor":7},{"not_picked":["Streamline","Rip and Tear"],"picked":"Darkness","floor":12},{"not_picked":["Double Energy","Steam","Rebound"],"picked":"SKIP","floor":14},{"not_picked":["Machine Learning","All For One"],"picked":"Electrodynamics","floor":16},{"not_picked":["Coolheaded","Leap"],"picked":"Conserve Battery","floor":18},{"not_picked":["Turbo","Compile Driver"],"picked":"Ball Lightning","floor":19},{"not_picked":["Redo","Hologram"],"picked":"Force Field","floor":21},{"not_picked":["Leap","Go for the Eyes"],"picked":"Core Surge","floor":24},{"not_picked":["Cold Snap+1","Coolheaded"],"picked":"Hello World","floor":25},{"not_picked":["Hologram","Go for the Eyes+1","Reprogram"],"picked":"SKIP","floor":28},{"not_picked":["Rebound+1","Gash+1","Recycle"],"picked":"SKIP","floor":29},{"not_picked":["Stack","Cold Snap+1"],"picked":"Defragment","floor":30},{"not_picked":["Beam Cell+1","Barrage+1"],"picked":"Doom and Gloom+1","floor":31},{"not_picked":["Blizzard+1","Stack"],"picked":"Redo","floor":32}],"player_experience":777610,"relics_obtained":[{"floor":7,"key":"Oddly Smooth Stone"},{"floor":9,"key":"Blood Vial"},{"floor":24,"key":"PreservedInsect"},{"floor":26,"key":"Molten Egg 2"},{"floor":29,"key":"Dream Catcher"},{"floor":31,"key":"Red Mask"}],"event_choices":[{"damage_healed":0,"gold_gain":0,"player_choice":"Ignored","damage_taken":0,"max_hp_gain":0,"max_hp_loss":0,"event_name":"Shining Light","floor":3,"gold_loss":0},{"damage_healed":0,"gold_gain":75,"player_choice":"Gather Gold","damage_taken":11,"max_hp_gain":0,"max_hp_loss":0,"event_name":"World of Goop","floor":4,"gold_loss":0},{"damage_healed":0,"gold_gain":0,"player_choice":"Take Wound","damage_taken":0,"relics_obtained":["Golden Idol"],"max_hp_gain":0,"max_hp_loss":0,"event_name":"Golden Idol","floor":13,"gold_loss":0,"cards_obtained":["Injury"]},{"damage_healed":0,"gold_gain":0,"player_choice":"Upgraded Two","damage_taken":0,"max_hp_gain":0,"max_hp_loss":0,"event_name":"Designer","floor":20,"gold_loss":50,"cards_upgraded":["Zap","Dualcast"]},{"damage_healed":0,"gold_gain":0,"player_choice":"Fought Bandits","damage_taken":0,"max_hp_gain":0,"max_hp_loss":0,"event_name":"Masked Bandits","floor":31,"gold_loss":0}],"is_beta":false,"boss_relics":[{"not_picked":["Busted Crown","Cursed Key"],"picked":"White Beast Statue"}],"items_purged_floors":[],"is_endless":false,"potions_floor_spawned":[1,2,5,12,18,19,21,24,25,28,29,30,31],"killed_by":"Collector","ascension_level":15}