{"gold_per_floor":[360,371,13,24,35,35,63,63,89,99,64,64,99,114,114,191,191,202,221,221,221,221,221,238,238],"floor_reached":25,"playtime":731,"items_purged":["Regret"],"score":426,"play_id":"6b8bbdde-bb99-4b4a-9cda-c8a17069a73d","local_time":"20190215154938","is_ascension_mode":true,"campfire_choices":[{"data":"Rip and Tear","floor":6,"key":"SMITH"},{"data":"Self Repair","floor":8,"key":"SMITH"},{"data":"Zap","floor":12,"key":"SMITH"},{"floor":15,"key":"REST"},{"data":"Creative AI","floor":23,"key":"SMITH"}],"neow_cost":"CURSE","seed_source_timestamp":107520312824200,"circlet_count":0,"master_deck":["AscendersBane","Strike_B","Strike_B","Strike_B","Defend_B","Defend_B","Defend_B","Zap+1","Dualcast","Rip and Tear+1","Self Repair+1","Leap","Reinforced Body","Gash","White Noise","Creative AI+1"],"relics":["Cracked Core","Mummified Hand","Strawberry","Juzu Bracelet","Bronze Scales","Busted Crown"],"potions_floor_usage":[7,16,16,25,25],"damage_taken":[{"damage":11,"enemies":"Small Slimes","floor":1,"turns":3},{"damage":11,"enemies":"2 Louse","floor":2,"turns":3},{"damage":1,"enemies":"Cultist","floor":4,"turns":4},{"damage":11,"enemies":"Blue Slaver","floor":5,"turns":3},{"damage":20,"enemies":"Lagavulin","floor":7,"turns":6},{"damage":2,"enemies":"Looter","floor":10,"turns":3},{"damage":37,"enemies":"3 Sentries","floor":13,"turns":8},{"damage":16,"enemies":"3 Louse","floor":14,"turns":2},{"damage":8,"enemies":"The Guardian","floor":16,"turns":10},{"damage":6,"enemies":"Chosen","floor":18,"turns":5},{"damage":12,"enemies":"Spheric Guardian","floor":19,"turns":4},{"damage":48,"enemies":"Cultist and Chosen","floor":24,"turns":7},{"damage":29,"enemies":"Slavers","floor":25,"turns":2}],"seed_played":"2411059535066842314","potions_obtained":[{"floor":5,"key":"AttackPotion"},{"floor":7,"key":"SteroidPotion"},{"floor":13,"key":"Fire Potion"},{"floor":16,"key":"FearPotion"},{"floor":24,"key":"Strength Potion"}],"is_trial":false,"path_per_floor":["M","M","$","M","M","R","E","R","T","M","?","R","E","M","R","B",null,"M","M","?","?","?","R","M","E"],"character_chosen":"DEFECT","items_purchased":["Mummified Hand"],"campfire_rested":1,"item_purchase_floors":[3],"current_hp_per_floor":[53,42,42,41,30,30,24,24,24,32,51,51,24,18,41,43,69,73,71,71,71,71,71,33,4],"gold":238,"neow_bonus":"TWO_FIFTY_GOLD","is_prod":false,"is_daily":false,"chose_seed":false,"campfire_upgraded":4,"win_rate":0,"timestamp":1550213378,"path_taken":["M","M","$","M","M","R","E","R","T","M","?","R","E","M","R","BOSS","M","M","?","?","?","R","M","E"],"build_version":"2019-01-23","purchased_purges":1,"victory":false,"max_hp_per_floor":[71,71,71,71,71,71,78,78,78,78,78,78,78,78,78,78,78,78,78,78,78,78,78,78,78],"card_choices":[{"not_picked":["Stack","Redo","Steam"],"picked":"SKIP","floor":1},{"not_picked":["Force Field","Ball Lightning"],"picked":"Rip and Tear","floor":2},{"not_picked":["Conserve Battery","Steam","Barrage"],"picked":"SKIP","floor":4},{"not_picked":["Go for the Eyes","Gash"],"picked":"Self Repair","floor":5},{"not_picked":["Barrage","Steam"],"picked":"Leap","floor":7},{"not_picked":["Redo","Undo"],"picked":"Reinforced Body","floor":10},{"not_picked":["Hologram","Compile Driver"],"picked":"Gash","floor":13},{"not_picked":["Leap","Go for the Eyes"],"picked":"White Noise","floor":14},{"not_picked":["Multi-Cast","Buffer"],"picked":"Creative AI","floor":16},{"not_picked":["Gash"],"picked":"SKIP","floor":18},{"not_picked":["Doom and Gloom+1"],"picked":"SKIP","floor":19},{"not_picked":["Redo+1"],"picked":"SKIP","floor":24}],"player_experience":1597436,"relics_obtained":[{"floor":7,"key":"Strawberry"},{"floor":9,"key":"Juzu Bracelet"},{"floor":13,"key":"Bronze Scales"}],"event_choices":[{"damage_healed":19,"gold_gain":0,"player_choice":"Healed","damage_taken":0,"max_hp_gain":0,"max_hp_loss":0,"event_name":"The Cleric","floor":11,"gold_loss":35},{"cards_removed":["Strike_B"],"damage_healed":0,"gold_gain":0,"player_choice":"Elegance","damage_taken":0,"max_hp_gain":0,"max_hp_loss":0,"event_name":"Back to Basics","floor":20,"gold_loss":0},{"cards_removed":["Defend_B"],"damage_healed":0,"gold_gain":0,"player_choice":"Offered Basic","damage_taken":0,"max_hp_gain":0,"max_hp_loss":0,"event_name":"Bonfire Elementals","floor":21,"gold_loss":0},{"damage_healed":0,"gold_gain":0,"player_choice":"Ignored","damage_taken":0,"max_hp_gain":0,"max_hp_loss":0,"event_name":"The Mausoleum","floor":22,"gold_loss":0}],"is_beta":false,"boss_relics":[{"not_picked":["Tiny House","Eternal Feather"],"picked":"Busted Crown"}],"items_purged_floors":[3],"is_endless":false,"potions_floor_spawned":[5,7,13,16,24],"killed_by":"Slavers","ascension_level":20}