{"gold_per_floor":[109,109,109,109,17,17,35,70,93,137,155,155],"floor_reached":12,"playtime":303,"items_purged":[],"score":197,"play_id":"03ea3875-fc3c-4c04-bba0-790e55ed4458","local_time":"20190401213213","is_ascension_mode":true,"campfire_choices":[{"data":"Dualcast","floor":6,"key":"SMITH"}],"neow_cost":"","seed_source_timestamp":290532847164600,"circlet_count":0,"master_deck":["Defend_B","Defend_B","Defend_B","Defend_B","Dualcast+1","Zap+1","Gash+1","Gash+1","Gash","Gash","Impatience","Consume","All For One"],"relics":["Cracked Core","PrismaticShard","Golden Idol","Whetstone","Oddly Smooth Stone","Gremlin Horn"],"potions_floor_usage":[10],"damage_taken":[{"damage":0,"enemies":"Small Slimes","floor":1,"turns":3},{"damage":2,"enemies":"Jaw Worm","floor":7,"turns":2},{"damage":45,"enemies":"3 Sentries","floor":8,"turns":8},{"damage":14,"enemies":"Gremlin Nob","floor":10,"turns":3},{"damage":0,"enemies":"Cultist","floor":11,"turns":2},{"damage":0,"enemies":"Blue Slaver","floor":12,"turns":1}],"seed_played":"1378142341408259793","potions_obtained":[{"floor":1,"key":"FearPotion"}],"is_trial":true,"path_per_floor":["M","?","?","?","$","R","M","E","T","E","M","M"],"character_chosen":"DEFECT","items_purchased":["Impatience"],"campfire_rested":0,"item_purchase_floors":[5],"current_hp_per_floor":[64,64,64,64,64,64,62,17,17,3,3,3],"gold":155,"neow_bonus":"","is_prod":false,"is_daily":false,"chose_seed":false,"campfire_upgraded":1,"win_rate":0,"timestamp":1554121933,"path_taken":["M","?","?","?","$","R","M","E","T","E","M","?"],"build_version":"2019-01-23","purchased_purges":0,"victory":false,"max_hp_per_floor":[71,64,64,64,64,64,64,64,64,64,64,64],"card_choices":[{"not_picked":["Wild Strike","Beam Cell","Acrobatics"],"picked":"SKIP","floor":1},{"not_picked":["Warcry","Steam"],"picked":"Consume","floor":7},{"not_picked":["Undo","Madness","Twin Strike"],"picked":"SKIP","floor":8},{"not_picked":["Thunderclap","Gash"],"picked":"All For One","floor":10},{"not_picked":["Sunder","Dodge and Roll","Anger"],"picked":"SKIP","floor":11}],"player_experience":2814376,"relics_obtained":[{"floor":8,"key":"Whetstone"},{"floor":9,"key":"Oddly Smooth Stone"},{"floor":10,"key":"Gremlin Horn"}],"event_choices":[{"damage_healed":0,"gold_gain":0,"player_choice":"Lose Max HP","damage_taken":0,"relics_obtained":["Golden Idol"],"max_hp_gain":0,"max_hp_loss":7,"event_name":"Golden Idol","floor":2,"gold_loss":0},{"damage_healed":0,"gold_gain":0,"player_choice":"Grow","damage_taken":0,"max_hp_gain":0,"max_hp_loss":0,"event_name":"Living Wall","floor":3,"gold_loss":0,"cards_upgraded":["Zap"]},{"cards_removed":["Ghostly"],"damage_healed":5,"gold_gain":0,"player_choice":"Offered Special","damage_taken":0,"max_hp_gain":0,"max_hp_loss":0,"event_name":"Bonfire Elementals","floor":4,"gold_loss":0}],"is_beta":false,"boss_relics":[],"items_purged_floors":[],"is_endless":false,"potions_floor_spawned":[1],"killed_by":"Blue Slaver","ascension_level":20}