{"gold_per_floor":[119,94,94,37,63,63,63,79,105,105,120,120,120,148,148,222,222,122,34,34],"floor_reached":20,"playtime":426,"items_purged":[],"score":332,"play_id":"83d3343a-e68f-4b3a-bf33-9e2fc3b90d04","local_time":"20190228150041","is_ascension_mode":true,"campfire_choices":[{"data":"Zap","floor":6,"key":"SMITH"},{"data":"Blizzard","floor":10,"key":"SMITH"},{"data":"Capacitor","floor":13,"key":"SMITH"},{"data":"Chaos","floor":15,"key":"SMITH"}],"neow_cost":"NONE","seed_source_timestamp":195948393858200,"circlet_count":0,"master_deck":["AscendersBane","Strike_B","Strike_B","Strike_B","Defend_B","Defend_B","Defend_B","Defend_B","Zap+1","Dualcast","Self Repair","Cold Snap","Blizzard+1","Capacitor+1","Chaos+1","Buffer","Normality","Writhe","Writhe","Defragment+1","Glacier+1"],"relics":["Cracked Core","NeowsBlessing","Strawberry","Centennial Puzzle","Bronze Scales","Ancient Tea Set","Calling Bell","Pen Nib","Toxic Egg 2","Ice Cream"],"potions_floor_usage":[14],"damage_taken":[{"damage":0,"enemies":"Small Slimes","floor":1,"turns":1},{"damage":0,"enemies":"Cultist","floor":8,"turns":1},{"damage":0,"enemies":"2 Louse","floor":11,"turns":1},{"damage":22,"enemies":"Lagavulin","floor":14,"turns":7},{"damage":61,"enemies":"The Guardian","floor":16,"turns":12},{"damage":43,"enemies":"2 Thieves","floor":18,"turns":5},{"damage":0,"enemies":"3 Byrds","floor":20,"turns":1}],"seed_played":"7976303922658008181","potions_obtained":[{"floor":1,"key":"AttackPotion"},{"floor":16,"key":"EssenceOfSteel"}],"is_trial":false,"path_per_floor":["M","$","?","$","T","R","?","M","T","R","M","?","R","E","R","B",null,"M","$","M"],"character_chosen":"DEFECT","items_purchased":["Cold Snap","AttackPotion","Glacier+1"],"campfire_rested":0,"item_purchase_floors":[2,4,19],"current_hp_per_floor":[64,64,71,71,71,71,71,71,71,71,78,78,78,63,63,9,61,25,25,25],"gold":34,"neow_bonus":"THREE_ENEMY_KILL","is_prod":false,"is_daily":false,"chose_seed":false,"campfire_upgraded":4,"win_rate":0,"timestamp":1551333641,"path_taken":["M","$","?","$","?","R","?","M","T","R","M","?","R","E","R","BOSS","M","$","M"],"build_version":"2019-01-23","purchased_purges":0,"victory":false,"max_hp_per_floor":[71,71,78,78,78,78,78,78,78,78,78,78,78,78,78,78,78,78,78,78],"card_choices":[{"not_picked":["Go for the Eyes","Skim"],"picked":"Self Repair","floor":1},{"not_picked":["Stack","Ball Lightning"],"picked":"Blizzard","floor":8},{"not_picked":["Rebound","Streamline","Aggregate"],"picked":"SKIP","floor":11},{"not_picked":["Steam","Force Field"],"picked":"Chaos","floor":14},{"not_picked":["Multi-Cast","Thunder Strike"],"picked":"Buffer","floor":16},{"not_picked":["Loop","Steam+1"],"picked":"Defragment+1","floor":18}],"player_experience":1884333,"relics_obtained":[{"floor":5,"key":"Centennial Puzzle"},{"floor":9,"key":"Bronze Scales"},{"floor":14,"key":"Ancient Tea Set"},{"floor":17,"key":"Pen Nib"},{"floor":17,"key":"Toxic Egg 2"},{"floor":17,"key":"Ice Cream"}],"event_choices":[{"damage_healed":0,"gold_gain":0,"player_choice":"Gave Potion","damage_taken":0,"relics_obtained":["Strawberry"],"max_hp_gain":0,"max_hp_loss":0,"event_name":"WeMeetAgain","floor":3,"gold_loss":0},{"damage_healed":0,"gold_gain":0,"player_choice":"Ignored","damage_taken":0,"max_hp_gain":0,"max_hp_loss":0,"event_name":"Liars Game","floor":7,"gold_loss":0},{"damage_healed":0,"gold_gain":0,"cards_transformed":["Strike_B"],"player_choice":"Change","damage_taken":0,"max_hp_gain":0,"max_hp_loss":0,"event_name":"Living Wall","floor":12,"gold_loss":0,"cards_obtained":["Capacitor"]}],"is_beta":false,"boss_relics":[{"not_picked":["Eternal Feather","Tiny House"],"picked":"Calling Bell"}],"items_purged_floors":[],"is_endless":false,"potions_floor_spawned":[1,16],"killed_by":"3 Byrds","ascension_level":20}