{"gold_per_floor":[109,79,79,94,105,131,144,159,159,159,186,204,204,229,229,300,300,311,322,322,55,55,55,83,83,159,159,179,49,64,77,77,154,154,173,196],"floor_reached":36,"playtime":1430,"items_purged":["Regret"],"score":808,"play_id":"90ad56f0-d4fa-4dc4-aa16-af8f0b46e574","local_time":"20190304173543","is_ascension_mode":true,"campfire_choices":[{"data":"Sunder","floor":10,"key":"SMITH"},{"floor":13,"key":"REST"},{"data":"Consume","floor":15,"key":"SMITH"},{"data":"Loop","floor":23,"key":"SMITH"},{"data":"Capacitor","floor":25,"key":"SMITH"},{"floor":27,"key":"REST"},{"floor":32,"key":"REST"}],"neow_cost":"NONE","seed_source_timestamp":234782309410800,"circlet_count":0,"master_deck":["AscendersBane","Strike_B","Strike_B","Strike_B","Strike_B","Defend_B","Defend_B","Defend_B","Defend_B","Zap","Dualcast","Sunder+1","Leap","Consume+1","Ball Lightning","Gash","White Noise","Echo Form","Electrodynamics","Beam Cell","Loop+1","Cold Snap","Capacitor+1","Cold Snap+1","Regret","Cold Snap+1","Capacitor","Amplify","Coolheaded","Pain"],"relics":["Cracked Core","NeowsBlessing","Orichalcum","Ice Cream","WingedGreaves","Turnip","Cursed Key","Bag of Preparation","Molten Egg 2","Darkstone Periapt","Sozu","Bronze Scales"],"potions_floor_usage":[6,16,16,16,18,24,24,30,33],"damage_taken":[{"damage":0,"enemies":"2 Louse","floor":1,"turns":1},{"damage":0,"enemies":"Cultist","floor":4,"turns":1},{"damage":0,"enemies":"Small Slimes","floor":5,"turns":1},{"damage":10,"enemies":"Lagavulin","floor":6,"turns":7},{"damage":2,"enemies":"Exordium Thugs","floor":7,"turns":4},{"damage":10,"enemies":"Lots of Slimes","floor":8,"turns":3},{"damage":27,"enemies":"Gremlin Nob","floor":11,"turns":4},{"damage":7,"enemies":"Red Slaver","floor":12,"turns":3},{"damage":2,"enemies":"Lagavulin","floor":14,"turns":4},{"damage":6,"enemies":"The Guardian","floor":16,"turns":10},{"damage":15,"enemies":"Shell Parasite","floor":18,"turns":6},{"damage":0,"enemies":"Chosen","floor":19,"turns":3},{"damage":18,"enemies":"Gremlin Leader","floor":24,"turns":6},{"damage":20,"enemies":"Centurion and Healer","floor":28,"turns":5},{"damage":12,"enemies":"Cultist and Chosen","floor":30,"turns":5},{"damage":18,"enemies":"Snake Plant","floor":31,"turns":3},{"damage":13,"enemies":"Champ","floor":33,"turns":16},{"damage":44,"enemies":"3 Darklings","floor":35,"turns":6}],"seed_played":"-5279810811075607232","potions_obtained":[{"floor":2,"key":"Dexterity Potion"},{"floor":2,"key":"EntropicBrew"},{"floor":5,"key":"AttackPotion"},{"floor":6,"key":"Weak Potion"},{"floor":19,"key":"SkillPotion"},{"floor":30,"key":"FocusPotion"}],"is_trial":false,"path_per_floor":["M","?","$","M","M","E","M","M","T","R","E","M","R","E","R","B",null,"M","M","?","$","T","R","E","R","T","R","M","$","M","M","R","B",null,"M","T"],"character_chosen":"DEFECT","items_purchased":["Capacitor","Bag of Preparation","Explosive Potion","SkillPotion"],"campfire_rested":3,"item_purchase_floors":[21,21,21,29],"current_hp_per_floor":[64,64,64,64,64,54,52,42,42,42,15,8,29,27,27,36,62,47,47,47,47,47,47,29,29,35,58,38,38,26,8,31,18,62,18,24],"gold":196,"neow_bonus":"THREE_ENEMY_KILL","is_prod":false,"is_daily":false,"chose_seed":false,"campfire_upgraded":4,"win_rate":0,"timestamp":1551688543,"path_taken":["M","?","$","?","?","E","M","?","T","R","E","?","R","E","R","BOSS","M","M","?","$","?","R","E","R","T","R","M","$","M","?","R","BOSS","M","?"],"build_version":"2019-01-23","purchased_purges":1,"victory":false,"max_hp_per_floor":[71,71,71,71,71,71,71,71,71,71,71,71,71,71,71,71,71,71,71,71,71,71,71,71,71,77,77,77,77,77,77,77,77,77,77,83],"card_choices":[{"not_picked":["Go for the Eyes","Stack"],"picked":"Sunder","floor":1},{"not_picked":["Turbo","Rebound"],"picked":"Leap","floor":4},{"not_picked":["Rebound","Doom and Gloom"],"picked":"Consume","floor":5},{"not_picked":["Force Field","Rebound"],"picked":"Ball Lightning","floor":6},{"not_picked":["Conserve Battery","Go for the Eyes"],"picked":"Gash","floor":7},{"not_picked":["Barrage","Stack"],"picked":"White Noise","floor":8},{"not_picked":["Stack","Hello World","Go for the Eyes"],"picked":"SKIP","floor":11},{"not_picked":["Steam Power","Redo"],"picked":"Echo Form","floor":12},{"not_picked":["Aggregate","Ball Lightning","Tempest"],"picked":"SKIP","floor":14},{"not_picked":["Machine Learning","Buffer"],"picked":"Electrodynamics","floor":16},{"not_picked":["Stack","Steam"],"picked":"Beam Cell","floor":18},{"not_picked":["Sunder","Darkness"],"picked":"Loop","floor":19},{"not_picked":["Steam","Genetic Algorithm"],"picked":"Cold Snap+1","floor":24},{"not_picked":["Sunder+1","Compile Driver+1"],"picked":"Cold Snap+1","floor":28},{"not_picked":["Go for the Eyes+1","Beam Cell+1","Melter+1"],"picked":"SKIP","floor":30},{"not_picked":["Buffer","Gash+1"],"picked":"Capacitor","floor":31},{"not_picked":["Thunder Strike+1","Fission"],"picked":"Amplify","floor":33},{"not_picked":["Auto Shields","Static Discharge"],"picked":"Coolheaded","floor":35}],"player_experience":2005535,"relics_obtained":[{"floor":6,"key":"Orichalcum"},{"floor":9,"key":"Ice Cream"},{"floor":11,"key":"WingedGreaves"},{"floor":14,"key":"Turnip"},{"floor":22,"key":"Molten Egg 2"},{"floor":24,"key":"Darkstone Periapt"},{"floor":36,"key":"Bronze Scales"}],"event_choices":[{"damage_healed":0,"gold_gain":0,"player_choice":"Bought 2 Potions","damage_taken":0,"max_hp_gain":0,"max_hp_loss":0,"event_name":"The Woman in Blue","floor":2,"gold_loss":0},{"damage_healed":0,"gold_gain":0,"player_choice":"1 cards matched","damage_taken":0,"max_hp_gain":0,"max_hp_loss":0,"event_name":"Match and Keep!","floor":20,"gold_loss":0,"cards_obtained":["Cold Snap"]}],"is_beta":false,"boss_relics":[{"not_picked":["Busted Crown","Tiny House"],"picked":"Cursed Key"},{"not_picked":["Black Star","Velvet Choker"],"picked":"Sozu"}],"items_purged_floors":[29],"is_endless":false,"potions_floor_spawned":[4,5,6,11,19,30,35],"ascension_level":20}