{"gold_per_floor":[111,111,122,47,47,47,47,72,72,72,106,106,126,155,155,228,228,247,263,286,305,329,329,364,364,389,369,381,4,39,57,57,132,132,149,161,86,86,86,115,115,115,115,115,135,135,155,12,12,12,12,12,12,12,41,41],"floor_reached":57,"playtime":2311,"items_purged":["Strike_R","Strike_R"],"score":2743,"play_id":"284789bc-b795-4048-a8ec-e93bd6701884","local_time":"20190330163503","is_ascension_mode":true,"campfire_choices":[{"data":"Rampage","floor":6,"key":"SMITH"},{"data":"Bash","floor":10,"key":"SMITH"},{"data":"Whirlwind","floor":12,"key":"SMITH"},{"data":"Defend_R","floor":15,"key":"SMITH"},{"data":"Impervious","floor":23,"key":"SMITH"},{"data":"Shrug It Off","floor":25,"key":"SMITH"},{"floor":32,"key":"REST"},{"floor":42,"key":"REST"},{"floor":44,"key":"RECALL"},{"data":"Apotheosis","floor":46,"key":"SMITH"},{"floor":49,"key":"REST"},{"data":"Evolve","floor":53,"key":"SMITH"}],"neow_cost":"NONE","seed_source_timestamp":104254805044100,"circlet_count":0,"master_deck":["AscendersBane","Strike_R","Strike_R","Defend_R","Defend_R","Defend_R+1","Defend_R+1","Bash+1","Rampage+1","Impervious+1","True Grit+1","Shrug It Off+1","Feel No Pain","Entrench","Evolve+1","Fiend Fire","Feel No Pain","Madness","Madness","Impatience","Finesse","Apotheosis+1","Parasite","Second Wind"],"relics":["Burning Blood","NeowsBlessing","Oddly Smooth Stone","Champion Belt","Pocketwatch","Darkstone Periapt","Kunai","Runic Dome","War Paint","Anchor","Sundial","Incense Burner","Lantern","Lizard Tail","FossilizedHelix","Letter Opener","Centennial Puzzle"],"potions_floor_usage":[11,16,33,56,56],"damage_taken":[{"damage":0,"enemies":"2 Louse","floor":1,"turns":1},{"damage":0,"enemies":"Cultist","floor":3,"turns":1},{"damage":0,"enemies":"Gremlin Nob","floor":8,"turns":1},{"damage":15,"enemies":"Lagavulin","floor":11,"turns":5},{"damage":0,"enemies":"Jaw Worm","floor":13,"turns":3},{"damage":24,"enemies":"3 Sentries","floor":14,"turns":5},{"damage":49,"enemies":"Hexaghost","floor":16,"turns":9},{"damage":15,"enemies":"Shell Parasite","floor":18,"turns":5},{"damage":3,"enemies":"Chosen","floor":19,"turns":6},{"damage":1,"enemies":"Snecko","floor":21,"turns":4},{"damage":4,"enemies":"Gremlin Leader","floor":24,"turns":5},{"damage":3,"enemies":"Snake Plant","floor":28,"turns":5},{"damage":56,"enemies":"Slavers","floor":30,"turns":9},{"damage":0,"enemies":"Cultist and Chosen","floor":31,"turns":9},{"damage":7,"enemies":"Automaton","floor":33,"turns":12},{"damage":3,"enemies":"3 Shapes","floor":35,"turns":3},{"damage":18,"enemies":"3 Darklings","floor":36,"turns":5},{"damage":10,"enemies":"Giant Head","floor":40,"turns":7},{"damage":0,"enemies":"Writhing Mass","floor":45,"turns":8},{"damage":18,"enemies":"Maw","floor":47,"turns":9},{"damage":15,"enemies":"Time Eater","floor":50,"turns":9},{"damage":15,"enemies":"Donu and Deca","floor":51,"turns":8},{"damage":32,"enemies":"Shield and Spear","floor":55,"turns":7},{"damage":18,"enemies":"The Heart","floor":56,"turns":10}],"seed_played":"2214526909085251831","potions_obtained":[{"floor":2,"key":"SpeedPotion"},{"floor":2,"key":"Weak Potion"},{"floor":11,"key":"Swift Potion"},{"floor":16,"key":"Fruit Juice"},{"floor":19,"key":"Dexterity Potion"},{"floor":28,"key":"PowerPotion"},{"floor":40,"key":"Fire Potion"},{"floor":47,"key":"PowerPotion"}],"is_trial":false,"path_per_floor":["M","?","M","$","?","R","T","E","T","R","E","R","M","E","R","B",null,"M","M","T","M","T","R","E","R","T","?","M","$","E","M","R","B",null,"M","M","$","?","?","E","?","R","T","R","M","R","M","$","R","B","B",null,"R","$","E","B",null],"character_chosen":"IRONCLAD","items_purchased":["Rampage","Incense Burner","Feel No Pain","Second Wind"],"campfire_rested":3,"item_purchase_floors":[4,29,29,48],"current_hp_per_floor":[74,74,75,75,68,68,68,74,74,74,65,65,71,53,53,15,64,55,58,58,63,63,63,65,65,65,65,68,68,18,24,48,47,72,75,63,63,49,39,35,35,59,59,59,71,71,59,59,84,75,66,81,81,81,55,43],"gold":41,"neow_bonus":"THREE_ENEMY_KILL","is_prod":false,"is_daily":false,"chose_seed":false,"campfire_upgraded":8,"win_rate":0,"timestamp":1553931303,"path_taken":["M","?","?","$","?","R","?","E","T","R","E","R","?","E","R","BOSS","M","M","?","?","?","R","E","R","T","?","M","$","E","M","R","BOSS","M","?","$","?","?","E","?","R","T","R","?","R","M","?","R","BOSS","BOSS","R","$","E","BOSS"],"build_version":"2019-01-23","purchased_purges":2,"victory":true,"max_hp_per_floor":[75,75,75,75,75,75,75,75,75,75,75,75,75,75,75,80,80,80,80,80,80,80,80,80,80,80,80,80,80,80,80,80,80,80,80,80,80,80,80,80,80,80,80,80,86,86,86,86,86,86,86,86,86,86,86,86],"card_choices":[{"not_picked":["Cleave","Sever Soul","Clothesline"],"picked":"SKIP","floor":1},{"not_picked":["Intimidate","Combust","Anger"],"picked":"SKIP","floor":3},{"not_picked":["Clash","Brutality","Combust"],"picked":"SKIP","floor":8},{"not_picked":["Rage","Dual Wield"],"picked":"Whirlwind","floor":11},{"not_picked":["Perfected Strike","Heavy Blade","Searing Blow"],"picked":"SKIP","floor":13},{"not_picked":["Intimidate","Wild Strike","Clothesline"],"picked":"SKIP","floor":14},{"not_picked":["Dark Embrace","Double Tap"],"picked":"Impervious","floor":16},{"not_picked":["Seeing Red","Metallicize"],"picked":"True Grit","floor":18},{"not_picked":["Uppercut","Twin Strike"],"picked":"Shrug It Off","floor":19},{"not_picked":["Clash","Pommel Strike","Twin Strike"],"picked":"SKIP","floor":21},{"not_picked":["Wild Strike","Perfected Strike","Headbutt"],"picked":"SKIP","floor":24},{"not_picked":["Clothesline","Anger","Thunderclap"],"picked":"SKIP","floor":28},{"not_picked":["True Grit","Sentinel+1"],"picked":"Entrench","floor":30},{"not_picked":["Pummel","Anger"],"picked":"Evolve","floor":31},{"not_picked":["Exhume","Berserk"],"picked":"Fiend Fire","floor":33},{"not_picked":["Rupture","Evolve"],"picked":"Feel No Pain","floor":35},{"not_picked":["Rupture","Wild Strike","Perfected Strike+1"],"picked":"SKIP","floor":36},{"not_picked":["Enlightenment","Jack Of All Trades"],"picked":"Impatience","floor":39},{"not_picked":["Jack Of All Trades","Trip"],"picked":"Finesse","floor":39},{"not_picked":["Swift Strike","Metamorphosis"],"picked":"Apotheosis","floor":39},{"not_picked":["Spot Weakness","Heavy Blade","Sever Soul"],"picked":"SKIP","floor":40},{"not_picked":["Clash","Blood for Blood","Cleave"],"picked":"SKIP","floor":45},{"not_picked":["Cleave","Pommel Strike","Whirlwind"],"picked":"SKIP","floor":47},{"not_picked":["Feed","Perfected Strike","Clash"],"picked":"SKIP","floor":55}],"player_experience":2750261,"relics_obtained":[{"floor":7,"key":"Oddly Smooth Stone"},{"floor":8,"key":"Champion Belt"},{"floor":9,"key":"Pocketwatch"},{"floor":11,"key":"Darkstone Periapt"},{"floor":14,"key":"Kunai"},{"floor":20,"key":"War Paint"},{"floor":22,"key":"Anchor"},{"floor":24,"key":"Sundial"},{"floor":30,"key":"Lantern"},{"floor":40,"key":"FossilizedHelix"},{"floor":43,"key":"Letter Opener"},{"floor":55,"key":"Centennial Puzzle"}],"event_choices":[{"damage_healed":0,"gold_gain":0,"player_choice":"Got Potions","damage_taken":0,"max_hp_gain":0,"max_hp_loss":0,"event_name":"Lab","floor":2,"gold_loss":0},{"cards_removed":["Strike_R"],"damage_healed":0,"gold_gain":0,"player_choice":"Card Removal","damage_taken":7,"max_hp_gain":0,"max_hp_loss":0,"event_name":"Golden Wing","floor":5,"gold_loss":0},{"damage_healed":0,"gold_gain":0,"player_choice":"Bought 1 Potion","damage_taken":0,"max_hp_gain":0,"max_hp_loss":0,"event_name":"The Woman in Blue","floor":27,"gold_loss":0},{"damage_healed":0,"gold_gain":0,"player_choice":"Embrace Madness","damage_taken":14,"max_hp_gain":0,"max_hp_loss":0,"event_name":"Winding Halls","floor":38,"gold_loss":0,"cards_obtained":["Madness","Madness"]},{"damage_healed":0,"gold_gain":0,"player_choice":"Memory 3","damage_taken":10,"max_hp_gain":0,"max_hp_loss":0,"event_name":"SensoryStone","floor":39,"gold_loss":0},{"cards_removed":["Whirlwind"],"damage_healed":0,"gold_gain":0,"player_choice":"Removed Attack","damage_taken":0,"max_hp_gain":0,"max_hp_loss":0,"event_name":"Falling","floor":41,"gold_loss":0}],"is_beta":false,"boss_relics":[{"not_picked":["Runic Cube","Sozu"],"picked":"Runic Dome"},{"not_picked":["Philosopher\u0027s Stone","Black Blood"],"picked":"Lizard Tail"}],"items_purged_floors":[37,48],"is_endless":false,"potions_floor_spawned":[8,11,16,19,21,28,31,40,47],"ascension_level":20}