{"gold_per_floor":[13,33,48,48,68,101,101,119,119,137,147,161,195,75,75,170,170,182,202,56,83,83,83],"floor_reached":23,"playtime":1824,"items_purged":["Strike_R"],"score":256,"play_id":"0429ebc3-84d7-4a52-b593-77b0eca771d6","local_time":"20190330212532","is_ascension_mode":true,"campfire_choices":[{"data":"Clothesline","floor":7,"key":"SMITH"},{"data":"Armaments","floor":15,"key":"SMITH"}],"neow_cost":"NO_GOLD","seed_source_timestamp":1489912893823000,"circlet_count":0,"master_deck":["Strike_R","Strike_R","Defend_R","Defend_R","Defend_R","Defend_R","Bash","Corruption","Clothesline+1","Rampage","Cleave","Feel No Pain","Evolve","Armaments+1","Battle Trance","Iron Wave","Impervious","Burning Pact","True Grit","Dark Embrace"],"relics":["Burning Blood","Bag of Marbles","Art of War","Blood Vial","Sozu","Dream Catcher","Red Mask"],"potions_floor_usage":[6,16],"damage_taken":[{"damage":5,"enemies":"Cultist","floor":1,"turns":5},{"damage":1,"enemies":"Small Slimes","floor":2,"turns":4},{"damage":5,"enemies":"Jaw Worm","floor":3,"turns":4},{"damage":33,"enemies":"Gremlin Gang","floor":5,"turns":6},{"damage":6,"enemies":"Gremlin Nob","floor":6,"turns":3},{"damage":2,"enemies":"Looter","floor":8,"turns":4},{"damage":0,"enemies":"Lots of Slimes","floor":10,"turns":1},{"damage":0,"enemies":"3 Louse","floor":11,"turns":2},{"damage":14,"enemies":"Large Slime","floor":12,"turns":6},{"damage":18,"enemies":"Lagavulin","floor":13,"turns":7},{"damage":30,"enemies":"Hexaghost","floor":16,"turns":11},{"damage":4,"enemies":"Shell Parasite","floor":18,"turns":6},{"damage":0,"enemies":"Chosen","floor":19,"turns":5},{"damage":62,"enemies":"Masked Bandits","floor":21,"turns":6},{"damage":33,"enemies":"Book of Stabbing","floor":23,"turns":6}],"seed_played":"3263107494052431452","potions_obtained":[{"floor":1,"key":"Fire Potion"},{"floor":3,"key":"Energy Potion"},{"floor":8,"key":"FearPotion"},{"floor":10,"key":"Weak Potion"}],"is_trial":false,"path_per_floor":["M","M","M","?","M","E","R","M","T","M","M","M","E","$","R","B",null,"M","M","$","?","?","E"],"character_chosen":"IRONCLAD","items_purchased":["Iron Wave","Dream Catcher"],"campfire_rested":0,"item_purchase_floors":[14,20],"current_hp_per_floor":[80,80,80,85,58,58,58,62,62,68,74,66,54,54,54,32,72,76,84,84,29,29,0],"gold":83,"neow_bonus":"REMOVE_TWO","is_prod":false,"is_daily":false,"chose_seed":false,"campfire_upgraded":2,"win_rate":0,"timestamp":1553995532,"path_taken":["M","?","M","?","M","E","R","M","T","M","M","M","E","$","R","BOSS","M","M","$","?","?","E"],"build_version":"2019-01-23","purchased_purges":1,"victory":false,"max_hp_per_floor":[80,80,80,85,85,85,85,85,85,85,85,85,85,85,85,85,85,85,85,85,85,85,85],"card_choices":[{"not_picked":["Clothesline","Combust"],"picked":"Corruption","floor":1},{"not_picked":["Sword Boomerang","Evolve"],"picked":"Clothesline","floor":2},{"not_picked":["Ghostly Armor","Cleave"],"picked":"Rampage","floor":3},{"not_picked":["Headbutt","Rage"],"picked":"Cleave","floor":5},{"not_picked":["Twin Strike","Body Slam","Wild Strike"],"picked":"SKIP","floor":6},{"not_picked":["Blood for Blood","Seeing Red","Perfected Strike"],"picked":"SKIP","floor":8},{"not_picked":["Wild Strike","Carnage"],"picked":"Feel No Pain","floor":10},{"not_picked":["Cleave","Heavy Blade"],"picked":"Evolve","floor":11},{"not_picked":["Searing Blow","Feel No Pain"],"picked":"Armaments","floor":12},{"not_picked":["Perfected Strike","Hemokinesis"],"picked":"Battle Trance","floor":13},{"not_picked":["Barricade","Limit Break"],"picked":"Impervious","floor":16},{"not_picked":["Intimidate","Rupture"],"picked":"Burning Pact","floor":18},{"not_picked":["Thunderclap","Fire Breathing"],"picked":"True Grit","floor":19}],"player_experience":222945,"relics_obtained":[{"floor":6,"key":"Bag of Marbles"},{"floor":9,"key":"Art of War"},{"floor":13,"key":"Blood Vial"},{"floor":21,"key":"Red Mask"}],"event_choices":[{"damage_healed":0,"gold_gain":0,"player_choice":"Donut","damage_taken":0,"max_hp_gain":5,"max_hp_loss":0,"event_name":"Big Fish","floor":4,"gold_loss":0},{"damage_healed":0,"gold_gain":0,"player_choice":"Fought Bandits","damage_taken":0,"max_hp_gain":0,"max_hp_loss":0,"event_name":"Masked Bandits","floor":21,"gold_loss":0},{"damage_healed":0,"gold_gain":0,"player_choice":"Read","damage_taken":0,"max_hp_gain":0,"max_hp_loss":0,"event_name":"The Library","floor":22,"gold_loss":0,"cards_obtained":["Dark Embrace"]}],"is_beta":false,"boss_relics":[{"not_picked":["Lizard Tail","Cursed Key"],"picked":"Sozu"}],"items_purged_floors":[14],"is_endless":false,"potions_floor_spawned":[1,3,8,10,12,18],"killed_by":"Book of Stabbing","ascension_level":5}