{"gold_per_floor":[116,191,156,175,55,119,119,269,269,269,8,8,8,8,8,8],"floor_reached":16,"playtime":293,"items_purged":[],"score":188,"play_id":"9cd6b6a9-e99c-4489-b69f-e104d6dc4b07","local_time":"20190330213128","is_ascension_mode":true,"campfire_choices":[{"floor":7,"key":"REST"},{"data":"Discovery","floor":15,"key":"SMITH"}],"neow_cost":"NONE","seed_source_timestamp":124066409321900,"circlet_count":0,"master_deck":["AscendersBane","Strike_B","Strike_B","Strike_B","Defend_B","Defend_B","Defend_B","Defend_B","Zap","Dualcast","Loop","Discovery+1","Hologram","Doubt","Recycle","Reinforced Body"],"relics":["Cracked Core","Juzu Bracelet","Tiny Chest","Regal Pillow","OrangePellets"],"potions_floor_usage":[6],"damage_taken":[{"damage":7,"enemies":"Jaw Worm","floor":1,"turns":3},{"damage":2,"enemies":"2 Louse","floor":4,"turns":3},{"damage":44,"enemies":"Gremlin Nob","floor":6,"turns":4},{"damage":23,"enemies":"Hexaghost","floor":16,"turns":9}],"seed_played":"4543035022417857296","potions_obtained":[{"floor":4,"key":"Swift Potion"}],"is_trial":false,"path_per_floor":["M","?","?","M","$","E","R","?","T","T","$","?","$","$","R","B"],"character_chosen":"DEFECT","items_purchased":["Discovery","Hologram","OrangePellets","Recycle"],"campfire_rested":1,"item_purchase_floors":[5,5,11,11],"current_hp_per_floor":[57,46,63,61,61,17,38,38,38,38,38,38,38,38,38,15],"gold":8,"neow_bonus":"RANDOM_COMMON_RELIC","is_prod":false,"is_daily":false,"chose_seed":false,"campfire_upgraded":1,"win_rate":0,"timestamp":1553949088,"path_taken":["M","?","?","M","$","E","R","?","T","?","$","?","?","$","R","BOSS"],"build_version":"2019-01-23","purchased_purges":0,"victory":false,"max_hp_per_floor":[71,71,71,71,71,71,71,71,71,71,71,71,71,71,71,71],"card_choices":[{"not_picked":["Sweeping Beam","Turbo"],"picked":"Loop","floor":1},{"not_picked":["Conserve Battery","Reinforced Body","Beam Cell"],"picked":"SKIP","floor":4},{"not_picked":["Stack","Redo","Chaos"],"picked":"SKIP","floor":6}],"player_experience":2759465,"relics_obtained":[{"floor":6,"key":"Tiny Chest"},{"floor":10,"key":"Regal Pillow"}],"event_choices":[{"damage_healed":0,"gold_gain":75,"player_choice":"Gather Gold","damage_taken":11,"max_hp_gain":0,"max_hp_loss":0,"event_name":"World of Goop","floor":2,"gold_loss":0},{"damage_healed":17,"gold_gain":0,"player_choice":"Healed","damage_taken":0,"max_hp_gain":0,"max_hp_loss":0,"event_name":"The Cleric","floor":3,"gold_loss":35},{"damage_healed":0,"gold_gain":150,"player_choice":"AGREE","damage_taken":0,"max_hp_gain":0,"max_hp_loss":0,"event_name":"Liars Game","floor":8,"gold_loss":0,"cards_obtained":["Doubt"]},{"damage_healed":0,"gold_gain":0,"cards_transformed":["Strike_B"],"player_choice":"Transformed","damage_taken":0,"max_hp_gain":0,"max_hp_loss":0,"event_name":"Transmorgrifier","floor":12,"gold_loss":0,"cards_obtained":["Reinforced Body"]}],"is_beta":false,"boss_relics":[],"items_purged_floors":[],"is_endless":false,"potions_floor_spawned":[4],"killed_by":"Hexaghost","ascension_level":20}