{"gold_per_floor":[114,114,79,99,99,99,15,40,40,56,56,71,100,114,114,191,191,209,209,221,221,221],"floor_reached":22,"playtime":500,"items_purged":[],"score":438,"play_id":"93c7fd61-fb34-4777-b252-de7cf35094de","local_time":"20190314212152","is_ascension_mode":true,"campfire_choices":[{"data":"Whirlwind","floor":6,"key":"SMITH"},{"data":"Limit Break","floor":11,"key":"SMITH"},{"floor":15,"key":"REST"}],"neow_cost":"NONE","seed_source_timestamp":40437578785600,"circlet_count":0,"master_deck":["AscendersBane","Strike_R","Strike_R","Strike_R","Strike_R+1","Strike_R","Defend_R","Defend_R","Defend_R+1","Defend_R","Bash","Whirlwind+1","Limit Break+1","Evolve","Shrug It Off","Entrench","Offering","True Grit","Power Through"],"relics":["Burning Blood","NeowsBlessing","Du-Vu Doll","Art of War","Blue Candle","Kunai","Runic Dome"],"potions_floor_usage":[16,20,22],"damage_taken":[{"damage":12,"enemies":"Jaw Worm","floor":1,"turns":2},{"damage":0,"enemies":"2 Louse","floor":4,"turns":1},{"damage":0,"enemies":"3 Sentries","floor":8,"turns":1},{"damage":0,"enemies":"Small Slimes","floor":10,"turns":2},{"damage":24,"enemies":"Exordium Thugs","floor":12,"turns":4},{"damage":36,"enemies":"Lagavulin","floor":13,"turns":8},{"damage":10,"enemies":"Large Slime","floor":14,"turns":6},{"damage":2,"enemies":"Slime Boss","floor":16,"turns":9},{"damage":29,"enemies":"Spheric Guardian","floor":18,"turns":6},{"damage":37,"enemies":"Shell Parasite","floor":20,"turns":10},{"damage":5,"enemies":"Masked Bandits","floor":22,"turns":2}],"seed_played":"-5254659045679414180","potions_obtained":[{"floor":1,"key":"SpeedPotion"},{"floor":13,"key":"Poison Potion"},{"floor":14,"key":"FearPotion"},{"floor":18,"key":"Swift Potion"}],"is_trial":false,"path_per_floor":["M","?","?","M","T","R","$","E","T","M","R","M","E","M","R","B",null,"M","?","M","?","?"],"character_chosen":"IRONCLAD","items_purchased":["Limit Break"],"campfire_rested":1,"item_purchase_floors":[7],"current_hp_per_floor":[62,39,57,63,63,63,63,69,69,75,75,57,27,23,45,49,69,46,46,15,15,10],"gold":221,"neow_bonus":"THREE_ENEMY_KILL","is_prod":false,"is_daily":false,"chose_seed":false,"campfire_upgraded":2,"win_rate":0,"timestamp":1552566112,"path_taken":["M","?","?","M","?","R","$","E","T","M","R","M","E","M","R","BOSS","M","?","M","?","?"],"build_version":"2019-01-23","purchased_purges":0,"victory":false,"max_hp_per_floor":[75,75,75,75,75,75,75,75,75,75,75,75,75,75,75,75,75,75,75,75,75,75],"card_choices":[{"not_picked":["Infernal Blade","Heavy Blade","Clothesline"],"picked":"SKIP","floor":1},{"not_picked":["Entrench","Headbutt"],"picked":"Whirlwind","floor":4},{"not_picked":["Clothesline","Seeing Red"],"picked":"Evolve","floor":8},{"not_picked":["Body Slam","Sword Boomerang","Thunderclap"],"picked":"SKIP","floor":10},{"not_picked":["Bloodletting","Wild Strike","Pommel Strike"],"picked":"SKIP","floor":12},{"not_picked":["Carnage","Metallicize"],"picked":"Shrug It Off","floor":13},{"not_picked":["Heavy Blade","True Grit"],"picked":"Entrench","floor":14},{"not_picked":["Berserk","Brutality"],"picked":"Offering","floor":16},{"not_picked":["Perfected Strike","Clash"],"picked":"True Grit","floor":18},{"not_picked":["Perfected Strike","Iron Wave"],"picked":"Power Through","floor":20}],"player_experience":2278221,"relics_obtained":[{"floor":5,"key":"Du-Vu Doll"},{"floor":8,"key":"Art of War"},{"floor":9,"key":"Blue Candle"},{"floor":13,"key":"Kunai"}],"event_choices":[{"damage_healed":0,"gold_gain":0,"player_choice":"Entered Light","damage_taken":23,"max_hp_gain":0,"max_hp_loss":0,"event_name":"Shining Light","floor":2,"gold_loss":0,"cards_upgraded":["Strike_R","Defend_R"]},{"damage_healed":18,"gold_gain":0,"player_choice":"Healed","damage_taken":0,"max_hp_gain":0,"max_hp_loss":0,"event_name":"The Cleric","floor":3,"gold_loss":35},{"damage_healed":0,"gold_gain":0,"player_choice":"Ignored","damage_taken":0,"max_hp_gain":0,"max_hp_loss":0,"event_name":"Ghosts","floor":19,"gold_loss":0},{"damage_healed":0,"gold_gain":0,"player_choice":"Ignored","damage_taken":0,"max_hp_gain":0,"max_hp_loss":0,"event_name":"Cursed Tome","floor":21,"gold_loss":0},{"damage_healed":0,"gold_gain":0,"player_choice":"Fought Bandits","damage_taken":0,"max_hp_gain":0,"max_hp_loss":0,"event_name":"Masked Bandits","floor":22,"gold_loss":0}],"is_beta":false,"boss_relics":[{"not_picked":["Fusion Hammer","Coffee Dripper"],"picked":"Runic Dome"}],"items_purged_floors":[],"is_endless":false,"potions_floor_spawned":[1,13,14,18],"killed_by":"Masked Bandits","ascension_level":20}