{"path_per_floor":["M","M","M","M","M","R","E","?","T","T","$","E","R","M","R","B",null,"M","?","$","?","?","E","R","M","T","M","R","T","M","?","R"],"character_chosen":"IRONCLAD","items_purchased":["Juggernaut","Good Instincts","Ancient Tea Set","Infernal Blade"],"gold_per_floor":[110,124,141,159,170,170,200,275,327,327,75,110,110,120,120,222,222,234,234,2,2,2,29,29,41,41,58,58,58,75,75,75],"floor_reached":33,"campfire_rested":3,"playtime":1945,"current_hp_per_floor":[80,80,80,79,83,83,83,72,72,72,72,37,61,71,71,31,87,87,93,93,93,93,53,80,68,68,44,71,71,60,91,91],"items_purged":[],"gold":75,"play_id":"97328546-4732-4b70-ae54-9da36a215c4e","is_prod":false,"is_daily":false,"is_ascension_mode":false,"campfire_upgraded":3,"path_taken":["M","M","M","M","M","R","E","?","T","?","$","E","R","M","R","BOSS","M","?","$","?","?","E","R","M","T","M","R","?","?","?","R","BOSS"],"build_version":"2018-02-01-PROD3","purchased_purges":0,"victory":false,"master_deck":["Strike_R","Strike_R","Strike_R+1","Strike_R","Strike_R","Defend_R+1","Defend_R","Defend_R","Defend_R","Bash","Cleave+1","Anger","Feed+1","Flex","Power Through","Perfected Strike","Juggernaut+1","Good Instincts+1","True Grit","Second Wind","Fiend Fire","Rage","Writhe","Infernal Blade","Juggernaut+1","Body Slam+1","Searing Blow+1","Clash"],"max_hp_per_floor":[80,80,80,83,83,83,83,83,83,83,83,83,83,87,87,87,87,87,93,93,93,93,93,93,93,93,93,93,93,93,93,93],"relics":["Burning Blood","Anchor","Blue Candle","Oddly Smooth Stone","Peace Pipe","Pen Nib","Black Star","Darkstone Periapt","Ancient Tea Set","Whetstone","War Paint","Kunai","Frozen Eye"],"card_choices":[{"not_picked":["True Grit","Body Slam"],"picked":"Cleave"},{"not_picked":["Warcry","Iron Wave"],"picked":"Anger"},{"not_picked":["Infernal Blade","Havoc"],"picked":"Feed"},{"not_picked":["Clothesline","Shrug It Off"],"picked":"Flex"},{"not_picked":["Wild Strike","Thunderclap"],"picked":"Power Through"},{"not_picked":["Intimidate","Pommel Strike"],"picked":"Perfected Strike"},{"not_picked":["Whirlwind","Uppercut"],"picked":"True Grit"},{"not_picked":["Perfected Strike","Inflame"],"picked":"Second Wind"},{"not_picked":["Bludgeon","Immolate"],"picked":"Fiend Fire"},{"not_picked":["Sever Soul","Sword Boomerang"],"picked":"Rage"},{"not_picked":["Perfected Strike","Bloodletting"],"picked":"Juggernaut"},{"not_picked":["Dropkick","Clothesline"],"picked":"Body Slam"},{"not_picked":["Thunderclap","Disarm"],"picked":"Searing Blow"},{"not_picked":["Twin Strike","Wild Strike"],"picked":"Clash"}],"player_experience":99319,"potions_floor_usage":[5,7,16,18,23,23,25,30],"damage_taken":[{"damage":0,"enemies":"Small Slimes","floor":1,"turns":3},{"damage":3,"enemies":"2 Louse","floor":2,"turns":2},{"damage":1,"enemies":"Cultist","floor":3,"turns":3},{"damage":10,"enemies":"Looter","floor":4,"turns":3},{"damage":0,"enemies":"Large Slime","floor":5,"turns":4},{"damage":6,"enemies":"3 Sentries","floor":7,"turns":6},{"damage":41,"enemies":"Lagavulin","floor":12,"turns":7},{"damage":0,"enemies":"2 Fungi Beasts","floor":14,"turns":3},{"damage":61,"enemies":"Hexaghost","floor":16,"turns":11},{"damage":2,"enemies":"3 Byrds","floor":18,"turns":5},{"damage":46,"enemies":"Slavers","floor":23,"turns":6},{"damage":18,"enemies":"Spheric Guardian","floor":25,"turns":5},{"damage":30,"enemies":"Centurion and Healer","floor":27,"turns":9},{"damage":17,"enemies":"Snake Plant","floor":30,"turns":4},{"damage":98,"enemies":"Automaton","floor":33,"turns":6}],"event_choices":[{"event_name":"World of Goop","player_choice":"Gather Gold","floor":8,"damage_taken":0},{"event_name":"The Mausoleum","player_choice":"Yes","floor":19,"damage_taken":0},{"event_name":"Addict","player_choice":"Ignored","floor":21,"damage_taken":0},{"event_name":"Vampires","player_choice":"Ignored","floor":22,"damage_taken":0},{"event_name":"The Library","player_choice":"Heal","floor":31,"damage_taken":0}],"boss_relics":[{"not_picked":["Runic Pyramid","Sozu"],"picked":"Black Star"}],"potions_floor_spawned":[2,5,12,14,16,18,23,27],"seed_played":"-1325525608362120782","killed_by":"Automaton","ascension_level":0,"is_trial":false}