{"gold_per_floor":[113,188,188,188,25,25,50,50,50,85,85,102,114,114,114,191,191,205,219,219],"floor_reached":20,"playtime":460,"items_purged":["Regret"],"score":460,"play_id":"a9e02fc3-bfa8-49c1-b066-c70eeffb360d","local_time":"20190228174244","is_ascension_mode":true,"campfire_choices":[{"data":"Bash","floor":6,"key":"SMITH"},{"data":"Second Wind","floor":8,"key":"SMITH"},{"data":"Combust","floor":15,"key":"SMITH"}],"neow_cost":"NONE","seed_source_timestamp":205637460348200,"circlet_count":0,"master_deck":["AscendersBane","Strike_R","Strike_R+1","Strike_R","Strike_R","Defend_R","Defend_R+1","Defend_R","Defend_R","Bash+1","Second Wind+1","Limit Break","Combust+1","Feel No Pain","Immolate","Disarm"],"relics":["Burning Blood","NeowsBlessing","Letter Opener","Bird Faced Urn","Meat on the Bone","Oddly Smooth Stone","Matryoshka","Runic Dome"],"potions_floor_usage":[20],"damage_taken":[{"damage":0,"enemies":"2 Louse","floor":1,"turns":2},{"damage":0,"enemies":"Lagavulin","floor":7,"turns":1},{"damage":0,"enemies":"Gremlin Nob","floor":10,"turns":1},{"damage":10,"enemies":"Small Slimes","floor":12,"turns":3},{"damage":0,"enemies":"Cultist","floor":13,"turns":4},{"damage":45,"enemies":"Slime Boss","floor":16,"turns":10},{"damage":37,"enemies":"Shell Parasite","floor":18,"turns":6},{"damage":31,"enemies":"2 Thieves","floor":19,"turns":4},{"damage":44,"enemies":"Masked Bandits","floor":20,"turns":3}],"seed_played":"-5271697049117779178","potions_obtained":[{"floor":1,"key":"Dexterity Potion"},{"floor":10,"key":"LiquidBronze"}],"is_trial":false,"path_per_floor":["M","?","?","?","$","R","E","R","T","E","?","M","M","?","R","B",null,"M","M","?"],"character_chosen":"IRONCLAD","items_purchased":["Second Wind"],"campfire_rested":0,"item_purchase_floors":[5],"current_hp_per_floor":[74,63,63,40,40,40,46,46,46,52,45,53,59,59,59,36,65,50,41,0],"gold":219,"neow_bonus":"THREE_ENEMY_KILL","is_prod":false,"is_daily":false,"chose_seed":false,"campfire_upgraded":3,"win_rate":0,"timestamp":1551343364,"path_taken":["M","?","?","?","$","R","E","R","T","E","?","M","M","?","R","BOSS","M","?","?"],"build_version":"2019-01-23","purchased_purges":1,"victory":false,"max_hp_per_floor":[75,75,75,75,75,75,75,75,75,75,75,75,75,75,75,75,75,75,75,75],"card_choices":[{"not_picked":["Pummel","Anger","Burning Pact"],"picked":"SKIP","floor":1},{"not_picked":["Wild Strike","Flex","Perfected Strike"],"picked":"SKIP","floor":7},{"not_picked":["Heavy Blade","Sever Soul"],"picked":"Limit Break","floor":10},{"not_picked":["Wild Strike","Flex"],"picked":"Combust","floor":12},{"not_picked":["Fire Breathing","Combust"],"picked":"Feel No Pain","floor":13},{"not_picked":["Bludgeon","Reaper"],"picked":"Immolate","floor":16},{"not_picked":["Iron Wave","Rampage","Warcry"],"picked":"SKIP","floor":18},{"not_picked":["Dual Wield","Warcry"],"picked":"Disarm","floor":19}],"player_experience":1893652,"relics_obtained":[{"floor":7,"key":"Bird Faced Urn"},{"floor":9,"key":"Meat on the Bone"},{"floor":10,"key":"Oddly Smooth Stone"}],"event_choices":[{"damage_healed":0,"gold_gain":75,"player_choice":"Gather Gold","damage_taken":11,"max_hp_gain":0,"max_hp_loss":0,"event_name":"World of Goop","floor":2,"gold_loss":0},{"damage_healed":0,"gold_gain":0,"player_choice":"Box","damage_taken":0,"relics_obtained":["Letter Opener"],"max_hp_gain":0,"max_hp_loss":0,"event_name":"Big Fish","floor":3,"gold_loss":0,"cards_obtained":["Regret"]},{"damage_healed":0,"gold_gain":0,"player_choice":"Entered Light","damage_taken":23,"max_hp_gain":0,"max_hp_loss":0,"event_name":"Shining Light","floor":4,"gold_loss":0,"cards_upgraded":["Strike_R","Defend_R"]},{"cards_removed":["Strike_R"],"damage_healed":0,"gold_gain":0,"player_choice":"Card Removal","damage_taken":7,"max_hp_gain":0,"max_hp_loss":0,"event_name":"Golden Wing","floor":11,"gold_loss":0},{"damage_healed":0,"gold_gain":0,"player_choice":"Gave Potion","damage_taken":0,"relics_obtained":["Matryoshka"],"max_hp_gain":0,"max_hp_loss":0,"event_name":"WeMeetAgain","floor":14,"gold_loss":0},{"damage_healed":0,"gold_gain":0,"player_choice":"Fought Bandits","damage_taken":0,"max_hp_gain":0,"max_hp_loss":0,"event_name":"Masked Bandits","floor":20,"gold_loss":0}],"is_beta":false,"boss_relics":[{"not_picked":["Busted Crown","Ectoplasm"],"picked":"Runic Dome"}],"items_purged_floors":[5],"is_endless":false,"potions_floor_spawned":[1,10],"killed_by":"Masked Bandits","ascension_level":20}