{"gold_per_floor":[20,20,32,49,66,96,96,130,130,149,149,164,189,208,208,282,282,293,23,35,46,70,70,70,70],"floor_reached":25,"playtime":1029,"items_purged":[],"score":450,"play_id":"9cb3b1b7-fd7e-47e1-8bdf-426af102c0dc","local_time":"20190309182001","is_ascension_mode":true,"campfire_choices":[{"floor":7,"key":"REST"},{"floor":11,"key":"REST"},{"floor":15,"key":"REST"},{"data":"Fission","floor":23,"key":"SMITH"}],"neow_cost":"NO_GOLD","seed_source_timestamp":28524337398400,"circlet_count":0,"master_deck":["AscendersBane","Strike_B","Strike_B+1","Strike_B","Defend_B","Defend_B","Defend_B","Defend_B","Zap","Dualcast","Ball Lightning","Capacitor","Consume","Rip and Tear","Cold Snap+1","Hologram","Fission+1","Self Repair","Core Surge","Capacitor","Chill+1"],"relics":["Cracked Core","Dead Branch","Calipers","Lantern","Bag of Preparation","Nuclear Battery","Toxic Egg 2","Whetstone"],"potions_floor_usage":[5,8,12,13,16,21],"damage_taken":[{"damage":12,"enemies":"Small Slimes","floor":1,"turns":2},{"damage":1,"enemies":"Cultist","floor":3,"turns":3},{"damage":0,"enemies":"2 Louse","floor":4,"turns":1},{"damage":0,"enemies":"2 Fungi Beasts","floor":5,"turns":3},{"damage":30,"enemies":"3 Sentries","floor":6,"turns":6},{"damage":8,"enemies":"Gremlin Nob","floor":8,"turns":3},{"damage":11,"enemies":"Exordium Wildlife","floor":10,"turns":3},{"damage":8,"enemies":"Lots of Slimes","floor":12,"turns":3},{"damage":24,"enemies":"Lagavulin","floor":13,"turns":6},{"damage":0,"enemies":"Looter","floor":14,"turns":2},{"damage":36,"enemies":"Slime Boss","floor":16,"turns":12},{"damage":1,"enemies":"Spheric Guardian","floor":18,"turns":3},{"damage":13,"enemies":"2 Thieves","floor":20,"turns":3},{"damage":29,"enemies":"Snecko","floor":21,"turns":7},{"damage":43,"enemies":"Slavers","floor":25,"turns":6}],"seed_played":"1371969685214440872","potions_obtained":[{"floor":1,"key":"Block Potion"},{"floor":3,"key":"FocusPotion"},{"floor":6,"key":"LiquidBronze"},{"floor":8,"key":"Dexterity Potion"},{"floor":12,"key":"SneckoOil"},{"floor":13,"key":"Fruit Juice"},{"floor":20,"key":"Regen Potion"}],"is_trial":false,"path_per_floor":["M","?","M","M","M","E","R","E","T","M","R","M","E","M","R","B",null,"M","$","M","M","T","R","?","E"],"character_chosen":"DEFECT","items_purchased":["Toxic Egg 2"],"campfire_rested":3,"item_purchase_floors":[19],"current_hp_per_floor":[52,52,51,51,51,21,42,34,34,23,44,36,17,17,39,10,60,66,66,53,46,46,46,46,3],"gold":70,"neow_bonus":"ONE_RARE_RELIC","is_prod":false,"is_daily":false,"chose_seed":false,"campfire_upgraded":1,"win_rate":0,"timestamp":1552123201,"path_taken":["M","?","M","?","M","E","R","E","T","M","R","M","E","M","R","BOSS","M","$","M","M","?","R","?","E"],"build_version":"2019-01-23","purchased_purges":0,"victory":false,"max_hp_per_floor":[71,71,71,71,71,71,71,71,71,71,71,71,76,76,76,76,76,76,76,76,76,76,76,76,76],"card_choices":[{"not_picked":["Scrape","Redo"],"picked":"Ball Lightning","floor":1},{"not_picked":["Rebound","Coolheaded"],"picked":"Capacitor","floor":3},{"not_picked":["Lockon","Conserve Battery","Redo"],"picked":"SKIP","floor":4},{"not_picked":["Steam","Barrage"],"picked":"Consume","floor":5},{"not_picked":["Barrage","Skim"],"picked":"Rip and Tear","floor":6},{"not_picked":["Tempest","Redo"],"picked":"Cold Snap","floor":8},{"not_picked":["Beam Cell","Auto Shields"],"picked":"Hologram","floor":10},{"not_picked":["Stack","Barrage","Compile Driver"],"picked":"SKIP","floor":12},{"not_picked":["Skim","Fusion"],"picked":"Fission","floor":13},{"not_picked":["Redo","Turbo"],"picked":"Self Repair","floor":14},{"not_picked":["Seek","Meteor Strike"],"picked":"Core Surge","floor":16},{"not_picked":["Static Discharge","Compile Driver"],"picked":"Capacitor","floor":18},{"not_picked":["Leap+1","Hologram+1"],"picked":"Chill+1","floor":20},{"not_picked":["Force Field+1","Streamline","Go for the Eyes"],"picked":"SKIP","floor":21}],"player_experience":2101880,"relics_obtained":[{"floor":6,"key":"Calipers"},{"floor":8,"key":"Lantern"},{"floor":9,"key":"Bag of Preparation"},{"floor":22,"key":"Whetstone"}],"event_choices":[{"cards_removed":["Strike_B"],"damage_healed":0,"gold_gain":0,"player_choice":"Offered Basic","damage_taken":0,"max_hp_gain":0,"max_hp_loss":0,"event_name":"Bonfire Elementals","floor":2,"gold_loss":0},{"damage_healed":0,"gold_gain":0,"player_choice":"Ignored","damage_taken":0,"max_hp_gain":0,"max_hp_loss":0,"event_name":"Beggar","floor":24,"gold_loss":0}],"is_beta":false,"boss_relics":[{"not_picked":["Coffee Dripper","Orrery"],"picked":"Nuclear Battery"}],"items_purged_floors":[],"is_endless":false,"potions_floor_spawned":[1,3,6,8,12,13,20],"killed_by":"Slavers","ascension_level":20}