{"gold_per_floor":[111,111,111,123,123,150,150,184,211,225,239,249,276,291,291,362,362,381,401,415,365,465,465,204,204,227,245,280,280,57,57,57,130,130,146,146,166,516,532,566,566,566,590,590,590,368,318,328,328,328],"floor_reached":50,"playtime":1780,"items_purged":["Pain","Strike_R","Strike_R","Strike_R","Strike_R"],"score":1051,"play_id":"beffcfe8-8b0c-492a-8616-1c321e016f0c","local_time":"20190407121733","is_ascension_mode":true,"campfire_choices":[{"data":"Carnage","floor":7,"key":"SMITH"},{"data":"Whirlwind","floor":15,"key":"SMITH"},{"data":"Juggernaut","floor":23,"key":"SMITH"},{"data":"Shockwave","floor":25,"key":"SMITH"},{"data":"Exhume","floor":29,"key":"SMITH"},{"data":"Second Wind","floor":32,"key":"SMITH"},{"floor":41,"key":"RECALL"},{"data":"Madness","floor":42,"key":"SMITH"},{"data":"Madness","floor":49,"key":"SMITH"}],"neow_cost":"NONE","seed_source_timestamp":0,"circlet_count":0,"master_deck":["AscendersBane","Strike_R","Defend_R","Defend_R","Defend_R","Defend_R","Second Wind+1","Carnage+1","Shrug It Off","Whirlwind+1","Shrug It Off","Juggernaut+1","Shockwave+1","Exhume+1","Offering","Madness+1","Madness+1","Shrug It Off","Flash of Steel","Purity","Secret Technique"],"relics":["Burning Blood","NeowsBlessing","Smiling Mask","Sundial","WarpedTongs","Ornamental Fan","Bag of Marbles","Centennial Puzzle","Meat on the Bone","Mark of Pain","WingedGreaves","Kunai","Medical Kit","Art of War","Red Mask","Bag of Preparation","Coffee Dripper","Old Coin","Regal Pillow","Lantern"],"potions_floor_usage":[13,16,16,33],"damage_taken":[{"damage":0,"enemies":"Jaw Worm","floor":1,"turns":1},{"damage":0,"enemies":"Small Slimes","floor":4,"turns":1},{"damage":1,"enemies":"Gremlin Nob","floor":6,"turns":1},{"damage":32,"enemies":"Lagavulin","floor":8,"turns":5},{"damage":3,"enemies":"Cultist","floor":10,"turns":3},{"damage":7,"enemies":"Blue Slaver","floor":11,"turns":2},{"damage":0,"enemies":"Lots of Slimes","floor":12,"turns":1},{"damage":24,"enemies":"3 Sentries","floor":13,"turns":5},{"damage":3,"enemies":"Gremlin Gang","floor":14,"turns":5},{"damage":38,"enemies":"The Guardian","floor":16,"turns":9},{"damage":26,"enemies":"Shell Parasite","floor":18,"turns":3},{"damage":14,"enemies":"2 Thieves","floor":19,"turns":4},{"damage":7,"enemies":"3 Cultists","floor":20,"turns":3},{"damage":22,"enemies":"Colosseum Slavers","floor":22,"turns":2},{"damage":12,"enemies":"Colosseum Nobs","floor":22,"turns":5},{"damage":15,"enemies":"Snake Plant","floor":27,"turns":3},{"damage":24,"enemies":"Masked Bandits","floor":28,"turns":3},{"damage":33,"enemies":"Collector","floor":33,"turns":8},{"damage":0,"enemies":"Orb Walker","floor":35,"turns":4},{"damage":0,"enemies":"3 Darklings","floor":37,"turns":1},{"damage":44,"enemies":"2 Orb Walkers","floor":38,"turns":5},{"damage":6,"enemies":"4 Shapes","floor":39,"turns":6},{"damage":7,"enemies":"Reptomancer","floor":40,"turns":5},{"damage":6,"enemies":"Sphere and 2 Shapes","floor":48,"turns":2},{"damage":53,"enemies":"Time Eater","floor":50,"turns":11}],"seed_played":"-7178029283583755362","potions_obtained":[{"floor":6,"key":"Fire Potion"},{"floor":8,"key":"BloodPotion"},{"floor":10,"key":"PowerPotion"},{"floor":14,"key":"AttackPotion"},{"floor":18,"key":"Dexterity Potion"},{"floor":19,"key":"Swift Potion"},{"floor":27,"key":"PowerPotion"},{"floor":33,"key":"Poison Potion"},{"floor":35,"key":"Dexterity Potion"},{"floor":38,"key":"GamblersBrew"}],"is_trial":false,"path_per_floor":["M","?","?","M","?","E","R","E","T","M","M","M","E","M","R","B",null,"M","M","M","$","?","R","$","R","T","M","?","R","$","?","R","B",null,"M","?","M","?","M","E","R","R","T","?","?","$","$","M","R","B"],"character_chosen":"IRONCLAD","items_purchased":["Medical Kit","Bag of Preparation","Lantern"],"campfire_rested":0,"item_purchase_floors":[24,30,46],"current_hp_per_floor":[74,69,69,75,75,75,75,49,49,52,51,57,39,54,54,34,65,45,49,48,48,50,50,50,50,50,53,47,47,47,47,47,32,64,70,56,62,36,48,47,47,47,47,37,37,37,37,49,49,0],"gold":328,"neow_bonus":"THREE_ENEMY_KILL","is_prod":false,"is_daily":false,"chose_seed":true,"campfire_upgraded":8,"win_rate":0,"timestamp":1554607053,"path_taken":["M","?","?","?","?","E","R","E","T","?","M","M","E","M","R","BOSS","M","M","?","$","?","R","$","R","T","M","?","R","$","?","R","BOSS","M","?","M","?","M","E","R","R","T","?","?","?","$","M","R","BOSS"],"build_version":"2019-01-23","purchased_purges":5,"victory":false,"max_hp_per_floor":[75,75,75,75,75,75,75,75,75,75,75,75,75,75,75,75,75,75,75,75,75,75,75,75,75,75,75,75,75,75,75,75,75,75,75,75,75,75,75,75,75,75,75,75,75,75,75,75,75,75],"card_choices":[{"not_picked":["Armaments","Pommel Strike"],"picked":"Second Wind","floor":1},{"not_picked":["Flex","Iron Wave"],"picked":"Second Wind","floor":4},{"not_picked":["Intimidate","Havoc"],"picked":"Carnage","floor":6},{"not_picked":["Exhume","Sword Boomerang"],"picked":"Shrug It Off","floor":8},{"not_picked":["Sword Boomerang","Evolve"],"picked":"Whirlwind","floor":10},{"not_picked":["Perfected Strike","Iron Wave","Cleave"],"picked":"SKIP","floor":11},{"not_picked":["Perfected Strike","Clothesline","Reckless Charge"],"picked":"SKIP","floor":12},{"not_picked":["Wild Strike","Cleave","Fire Breathing"],"picked":"SKIP","floor":13},{"not_picked":["Perfected Strike","Rage"],"picked":"Shrug It Off","floor":14},{"not_picked":["Reaper","Exhume"],"picked":"Juggernaut","floor":16},{"not_picked":["Sever Soul","Heavy Blade","Rage+1"],"picked":"SKIP","floor":18},{"not_picked":["Clothesline","Rage+1"],"picked":"Shockwave","floor":19},{"not_picked":["Rage","Hemokinesis","Headbutt"],"picked":"SKIP","floor":20},{"not_picked":["Iron Wave","Anger"],"picked":"Exhume","floor":27},{"not_picked":["Demon Form","Fiend Fire"],"picked":"Offering","floor":33},{"not_picked":["Anger","Thunderclap","Combust"],"picked":"SKIP","floor":35},{"not_picked":["Shockwave","Perfected Strike","Havoc+1"],"picked":"SKIP","floor":37},{"not_picked":["Immolate","Metallicize","Havoc"],"picked":"SKIP","floor":39},{"not_picked":["Sever Soul","Twin Strike"],"picked":"Shrug It Off","floor":40},{"not_picked":["The Bomb","Discovery"],"picked":"Flash of Steel","floor":44},{"not_picked":["HandOfGreed","Forethought"],"picked":"Purity","floor":44},{"not_picked":["Blind","Violence"],"picked":"Secret Technique","floor":44},{"not_picked":["Inflame","Thunderclap","Clothesline"],"picked":"SKIP","floor":48}],"player_experience":2934530,"relics_obtained":[{"floor":6,"key":"Ornamental Fan"},{"floor":8,"key":"Bag of Marbles"},{"floor":9,"key":"Centennial Puzzle"},{"floor":13,"key":"Meat on the Bone"},{"floor":22,"key":"WingedGreaves"},{"floor":22,"key":"Kunai"},{"floor":26,"key":"Art of War"},{"floor":28,"key":"Red Mask"},{"floor":38,"key":"Old Coin"},{"floor":40,"key":"Regal Pillow"}],"event_choices":[{"damage_healed":0,"gold_gain":0,"player_choice":"Success","damage_taken":5,"relics_obtained":["Smiling Mask"],"max_hp_gain":0,"max_hp_loss":0,"event_name":"Scrap Ooze","floor":2,"gold_loss":0},{"cards_removed":["Second Wind"],"damage_healed":0,"gold_gain":0,"player_choice":"Gave Card","damage_taken":0,"relics_obtained":["Sundial"],"max_hp_gain":0,"max_hp_loss":0,"event_name":"WeMeetAgain","floor":3,"gold_loss":0},{"damage_healed":0,"gold_gain":0,"player_choice":"Rummage","damage_taken":0,"relics_obtained":["WarpedTongs"],"max_hp_gain":0,"max_hp_loss":0,"event_name":"Accursed Blacksmith","floor":5,"gold_loss":0,"cards_obtained":["Pain"]},{"damage_healed":0,"gold_gain":0,"player_choice":"Fight","damage_taken":0,"max_hp_gain":0,"max_hp_loss":0,"event_name":"Colosseum","floor":22,"gold_loss":0},{"damage_healed":0,"gold_gain":0,"player_choice":"Fought Nobs","damage_taken":0,"max_hp_gain":0,"max_hp_loss":0,"event_name":"Colosseum","floor":22,"gold_loss":0},{"damage_healed":0,"gold_gain":0,"player_choice":"Fought Bandits","damage_taken":0,"max_hp_gain":0,"max_hp_loss":0,"event_name":"Masked Bandits","floor":28,"gold_loss":0},{"damage_healed":0,"gold_gain":0,"player_choice":"Ignored","damage_taken":0,"max_hp_gain":0,"max_hp_loss":0,"event_name":"Beggar","floor":31,"gold_loss":0},{"damage_healed":0,"gold_gain":0,"player_choice":"Embrace Madness","damage_taken":14,"max_hp_gain":0,"max_hp_loss":0,"event_name":"Winding Halls","floor":36,"gold_loss":0,"cards_obtained":["Madness","Madness"]},{"damage_healed":0,"gold_gain":0,"player_choice":"Fight","damage_taken":0,"max_hp_gain":0,"max_hp_loss":0,"event_name":"Mysterious Sphere","floor":38,"gold_loss":0},{"damage_healed":0,"gold_gain":0,"player_choice":"Memory 3","damage_taken":10,"max_hp_gain":0,"max_hp_loss":0,"event_name":"SensoryStone","floor":44,"gold_loss":0},{"cards_removed":["Bash"],"damage_healed":0,"gold_gain":0,"player_choice":"Removed Attack","damage_taken":0,"max_hp_gain":0,"max_hp_loss":0,"event_name":"Falling","floor":45,"gold_loss":0}],"is_beta":false,"boss_relics":[{"not_picked":["Ectoplasm","Cursed Key"],"picked":"Mark of Pain"},{"not_picked":["Busted Crown","Snecko Eye"],"picked":"Coffee Dripper"}],"items_purged_floors":[21,24,30,46,47],"is_endless":false,"potions_floor_spawned":[6,8,10,11,12,14,18,19,27,28,33,35,37,38],"killed_by":"Time Eater","ascension_level":20}