{"path_per_floor":["M","$","M","$","?","M","M","R","T","M","$","M","R","?","R","B",null,"M","$","M"],"character_chosen":"IRONCLAD","items_purchased":["Havoc","Gremlin Horn"],"gold_per_floor":[215,215,231,231,231,247,259,259,282,293,293,313,313,313,313,410,410,429,44,56],"floor_reached":21,"campfire_rested":0,"playtime":2724,"current_hp_per_floor":[80,80,80,80,80,80,74,74,74,77,77,80,80,80,80,13,80,76,76,43],"items_purged":["Doubt"],"gold":56,"score":197,"play_id":"51e77dc4-0944-4700-981d-4bb247492006","is_prod":false,"is_daily":false,"is_ascension_mode":true,"campfire_upgraded":3,"path_taken":["M","$","M","$","?","M","M","R","T","M","$","M","R","?","R","BOSS","M","$","M","M"],"build_version":"2018-02-22-PROD2","purchased_purges":1,"victory":false,"master_deck":["Strike_R","Strike_R","Strike_R","Strike_R","Strike_R","Defend_R","Defend_R","Defend_R","Defend_R","Bash","Feel No Pain+1","Carnage+1","Seeing Red+1","Feed","Dark Embrace","Injury","Injury","Havoc"],"max_hp_per_floor":[80,80,80,80,80,80,80,80,80,80,80,80,80,80,80,80,80,80,80,80],"relics":["Burning Blood","Shuriken","Blood Vial","Calling Bell","Calipers","Torii","Meat on the Bone","Gremlin Horn"],"card_choices":[{"not_picked":["Disarm","Heavy Blade"],"picked":"Feel No Pain"},{"not_picked":["Body Slam","Iron Wave"],"picked":"Carnage"},{"not_picked":["Havoc","Heavy Blade"],"picked":"Seeing Red"},{"not_picked":["Flex","Armaments"],"picked":"Feed"},{"not_picked":["Berserk","Brutality"],"picked":"Dark Embrace"}],"player_experience":193027,"potions_floor_usage":[10,12,16,18,21],"damage_taken":[{"damage":6,"enemies":"Small Slimes","floor":1,"turns":4},{"damage":1,"enemies":"Cultist","floor":3,"turns":4},{"damage":6,"enemies":"2 Louse","floor":6,"turns":2},{"damage":12,"enemies":"Looter","floor":7,"turns":3},{"damage":5,"enemies":"Gremlin Gang","floor":10,"turns":5},{"damage":17,"enemies":"Lots of Slimes","floor":12,"turns":6},{"damage":86,"enemies":"Slime Boss","floor":16,"turns":12},{"damage":10,"enemies":"Chosen","floor":18,"turns":4},{"damage":53,"enemies":"Spheric Guardian","floor":20,"turns":8},{"damage":57,"enemies":"Centurion and Healer","floor":21,"turns":4}],"event_choices":[{"event_name":"Accursed Blacksmith","player_choice":"Rummage","floor":5,"damage_taken":0},{"event_name":"The Cleric","player_choice":"Leave","floor":14,"damage_taken":0}],"boss_relics":[{"not_picked":["Question Card","Mark of Pain"],"picked":"Calling Bell"}],"potions_floor_spawned":[1,7,10,16,20],"seed_played":"3630326080212064505","killed_by":"Centurion and Healer","ascension_level":3,"is_trial":false}