{"gold_per_floor":[118,193,209,31,31,31,62,62,62,73,98,113,113,130,130,204,204,218,218,231,231,231,231,247,280,280,330,330,349,349,349,349,425,425,437,437,457,363,382,443,443,443,443,543,543,560,595,595,595,595,595,595,595,55,84,84],"floor_reached":57,"playtime":3071,"items_purged":["Pain","Strike_R+1"],"score":2697,"play_id":"f3d9d44f-947f-4d2f-8464-45f0e24624ce","local_time":"20190416135121","is_ascension_mode":true,"campfire_choices":[{"data":"Bash","floor":6.0,"key":"SMITH"},{"data":"Spot Weakness","floor":8.0,"key":"SMITH"},{"data":"Whirlwind","floor":13.0,"key":"SMITH"},{"data":"Shockwave","floor":15.0,"key":"SMITH"},{"data":"Rampage","floor":23.0,"key":"SMITH"},{"floor":30.0,"key":"REST"},{"floor":32.0,"key":"REST"},{"data":"Evolve","floor":41.0,"key":"SMITH"},{"data":"Second Wind","floor":42.0,"key":"SMITH"},{"floor":45.0,"key":"RECALL"},{"data":"Dark Embrace","floor":49.0,"key":"SMITH"},{"data":"Power Through","floor":53.0,"key":"SMITH"}],"neow_cost":"NONE","seed_source_timestamp":32741222882200,"circlet_count":0,"master_deck":["AscendersBane","Strike_R+1","Defend_R+1","Defend_R+1","Defend_R+1","Defend_R+1","Bash+1","Shrug It Off","Spot Weakness+1","Offering+1","Rampage+1","Whirlwind+1","Shockwave+1","Sword Boomerang","Reaper","Infernal Blade","Evolve+1","Second Wind+1","Ghostly","Ghostly","Ghostly","Disarm","Seeing Red","Fiend Fire","True Grit+1","Power Through+1","Flame Barrier+1","Shrug It Off+1","Dark Embrace+1","Disarm+1","Feel No Pain","Offering","Body Slam"],"special_seed":0,"relics":["Burning Blood","NeowsBlessing","Bird Faced Urn","Bag of Marbles","The Courier","Orrery","Ice Cream","WingedGreaves","Ginger","Runic Dome","WarpedTongs","Tiny Chest","Charon\u0027s Ashes","Oddly Smooth Stone","OrangePellets","Vajra"],"potions_floor_usage":[],"damage_taken":[{"damage":0.0,"enemies":"Jaw Worm","floor":1.0,"turns":1.0},{"damage":0.0,"enemies":"Small Slimes","floor":3.0,"turns":1.0},{"damage":0.0,"enemies":"3 Sentries","floor":7.0,"turns":2.0},{"damage":0.0,"enemies":"Cultist","floor":10.0,"turns":4.0},{"damage":17.0,"enemies":"Gremlin Nob","floor":11.0,"turns":3.0},{"damage":0.0,"enemies":"3 Louse","floor":12.0,"turns":1.0},{"damage":0.0,"enemies":"2 Fungi Beasts","floor":14.0,"turns":1.0},{"damage":77.0,"enemies":"Hexaghost","floor":16.0,"turns":9.0},{"damage":42.0,"enemies":"2 Thieves","floor":18.0,"turns":4.0},{"damage":31.0,"enemies":"Shell Parasite","floor":20.0,"turns":5.0},{"damage":1.0,"enemies":"Snecko","floor":24.0,"turns":3.0},{"damage":40.0,"enemies":"Gremlin Leader","floor":25.0,"turns":8.0},{"damage":19.0,"enemies":"Centurion and Healer","floor":29.0,"turns":7.0},{"damage":14.0,"enemies":"Champ","floor":33.0,"turns":13.0},{"damage":17.0,"enemies":"Orb Walker","floor":35.0,"turns":4.0},{"damage":7.0,"enemies":"3 Darklings","floor":37.0,"turns":1.0},{"damage":9.0,"enemies":"Transient","floor":39.0,"turns":6.0},{"damage":42.0,"enemies":"Giant Head","floor":40.0,"turns":6.0},{"damage":6.0,"enemies":"Mind Bloom Boss Battle","floor":44.0,"turns":9.0},{"damage":0.0,"enemies":"4 Shapes","floor":46.0,"turns":4.0},{"damage":13.0,"enemies":"Reptomancer","floor":47.0,"turns":8.0},{"damage":2.0,"enemies":"Time Eater","floor":50.0,"turns":11.0},{"damage":26.0,"enemies":"Donu and Deca","floor":51.0,"turns":13.0},{"damage":5.0,"enemies":"Shield and Spear","floor":55.0,"turns":6.0},{"damage":40,"enemies":"The Heart","floor":56,"turns":11}],"seed_played":"-8478579267392670785","potions_obtained":[{"floor":7.0,"key":"Poison Potion"},{"floor":12.0,"key":"Swift Potion"},{"floor":14.0,"key":"Fruit Juice"},{"floor":20.0,"key":"Strength Potion"},{"floor":25.0,"key":"FearPotion"},{"floor":29.0,"key":"GamblersBrew"},{"floor":35.0,"key":"GamblersBrew"},{"floor":40.0,"key":"Weak Potion"},{"floor":44.0,"key":"GamblersBrew"},{"floor":46.0,"key":"FairyPotion"}],"is_trial":false,"path_per_floor":["M","?","M","$","?","R","E","R","T","M","E","M","R","M","R","B",null,"M","?","M","?","?","R","M","E","T","?","?","M","R","T","R","B",null,"M","?","M","$","M","E","R","R","T","?","R","M","E","?","R","B","B",null,"R","$","E","B",null],"character_chosen":"IRONCLAD","items_purchased":["Offering","Power Through","PowerPotion","Feel No Pain","Offering","Body Slam","OrangePellets"],"campfire_rested":2,"item_purchase_floors":[4,38,54,54,54,54,54],"current_hp_per_floor":[74,63,69,69,62,62,68,68,68,74,63,69,69,80,80,9,62,42,42,29,29,29,29,36,11,11,11,11,12,24,24,36,30,38,29,29,28,28,40,23,23,23,23,32,32,40,39,39,39,40,37,39,39,39,40,23],"gold":84,"neow_bonus":"THREE_ENEMY_KILL","is_prod":false,"is_daily":false,"chose_seed":false,"campfire_upgraded":9,"win_rate":0,"timestamp":1555390281,"path_taken":["M","?","M","$","?","R","E","R","T","M","E","M","R","M","R","BOSS","M","?","?","?","?","R","M","E","T","?","?","?","R","?","R","BOSS","M","?","M","$","?","E","R","R","T","?","R","M","E","?","R","BOSS","BOSS","R","$","E","BOSS"],"build_version":"2019-01-23","purchased_purges":2,"victory":true,"max_hp_per_floor":[75,75,75,75,75,75,75,75,75,75,75,75,75,80,80,80,80,80,80,80,40,40,40,40,40,40,40,40,40,40,40,40,40,40,40,40,40,40,40,40,40,40,40,40,40,40,40,40,40,40,40,40,40,40,40,40],"card_choices":[{"not_picked":["True Grit","Body Slam"],"picked":"Shrug It Off","floor":1.0},{"not_picked":["Fire Breathing","Body Slam"],"picked":"Spot Weakness","floor":3.0},{"not_picked":["Havoc","Sentinel","Perfected Strike"],"picked":"SKIP","floor":7.0},{"not_picked":["Pommel Strike","Rupture"],"picked":"Rampage","floor":10.0},{"not_picked":["Inflame","Fire Breathing"],"picked":"Whirlwind","floor":11.0},{"not_picked":["Dropkick","Warcry"],"picked":"Shockwave","floor":12.0},{"not_picked":["Twin Strike","Iron Wave"],"picked":"Sword Boomerang","floor":14.0},{"not_picked":["Brutality","Bludgeon"],"picked":"Reaper","floor":16.0},{"not_picked":["Armaments","Clothesline"],"picked":"Infernal Blade","floor":17.0},{"not_picked":["Combust+1","Uppercut"],"picked":"Evolve","floor":18.0},{"not_picked":["Uppercut","Headbutt"],"picked":"Second Wind","floor":20.0},{"not_picked":["Twin Strike","Uppercut","Evolve+1"],"picked":"SKIP","floor":24.0},{"not_picked":["Carnage","Blood for Blood"],"picked":"Disarm","floor":25.0},{"not_picked":["Anger","Flex","Clothesline"],"picked":"SKIP","floor":29.0},{"not_picked":["Dark Embrace","Bludgeon"],"picked":"Fiend Fire","floor":33.0},{"not_picked":["Pommel Strike","Second Wind+1"],"picked":"True Grit+1","floor":35.0},{"not_picked":["Blood for Blood+1","Armaments","Rupture+1"],"picked":"SKIP","floor":37.0},{"not_picked":["Wild Strike","Heavy Blade+1"],"picked":"Flame Barrier+1","floor":39.0},{"not_picked":["Rupture+1","Warcry"],"picked":"Shrug It Off+1","floor":40.0},{"not_picked":["Battle Trance","Iron Wave"],"picked":"Dark Embrace","floor":46.0},{"not_picked":["Thunderclap","Impervious"],"picked":"Disarm+1","floor":47.0},{"not_picked":["Pommel Strike","Sword Boomerang","Thunderclap+1"],"picked":"SKIP","floor":55.0}],"player_experience":3175122,"relics_obtained":[{"floor":7.0,"key":"Bird Faced Urn"},{"floor":9.0,"key":"Bag of Marbles"},{"floor":11.0,"key":"The Courier"},{"floor":25.0,"key":"Ice Cream"},{"floor":26.0,"key":"WingedGreaves"},{"floor":31.0,"key":"Ginger"},{"floor":40.0,"key":"Tiny Chest"},{"floor":44.0,"key":"Charon\u0027s Ashes"},{"floor":47.0,"key":"Oddly Smooth Stone"},{"floor":55.0,"key":"Vajra"}],"event_choices":[{"damage_healed":0.0,"max_hp_gain":0.0,"max_hp_loss":0.0,"gold_gain":75.0,"event_name":"World of Goop","player_choice":"Gather Gold","floor":2.0,"gold_loss":0.0,"damage_taken":11.0},{"cards_removed":["Strike_R"],"damage_healed":0.0,"max_hp_gain":0.0,"max_hp_loss":0.0,"gold_gain":0.0,"event_name":"Golden Wing","player_choice":"Card Removal","floor":5.0,"gold_loss":0.0,"damage_taken":7.0},{"damage_healed":0.0,"max_hp_gain":0.0,"max_hp_loss":0.0,"gold_gain":0.0,"event_name":"Upgrade Shrine","player_choice":"Upgraded","floor":19.0,"gold_loss":0.0,"damage_taken":0.0,"cards_upgraded":["Offering"]},{"damage_healed":0.0,"max_hp_gain":0.0,"max_hp_loss":40.0,"gold_gain":0.0,"event_name":"Ghosts","player_choice":"Became a Ghost","floor":21.0,"gold_loss":0.0,"damage_taken":0.0,"cards_obtained":["Ghostly","Ghostly","Ghostly"]},{"damage_healed":0.0,"max_hp_gain":0.0,"max_hp_loss":0.0,"gold_gain":0.0,"event_name":"Back to Basics","player_choice":"Simplicity","floor":22.0,"gold_loss":0.0,"damage_taken":0.0,"cards_upgraded":["Strike_R","Strike_R","Strike_R","Strike_R","Defend_R","Defend_R","Defend_R","Defend_R"]},{"damage_healed":0.0,"max_hp_gain":0.0,"max_hp_loss":0.0,"gold_gain":50.0,"event_name":"Nest","player_choice":"Stole From Cult","floor":27.0,"gold_loss":0.0,"damage_taken":0.0},{"damage_healed":0.0,"max_hp_gain":0.0,"max_hp_loss":0.0,"gold_gain":0.0,"cards_transformed":["Strike_R"],"event_name":"Transmorgrifier","player_choice":"Transformed","floor":28.0,"gold_loss":0.0,"damage_taken":0.0,"cards_obtained":["Seeing Red"]},{"damage_healed":0.0,"max_hp_gain":0.0,"max_hp_loss":0.0,"gold_gain":0.0,"event_name":"Accursed Blacksmith","player_choice":"Rummage","floor":36.0,"gold_loss":0.0,"damage_taken":0.0,"relics_obtained":["WarpedTongs"],"cards_obtained":["Pain"]},{"damage_healed":0.0,"max_hp_gain":0.0,"max_hp_loss":0.0,"gold_gain":0.0,"event_name":"MindBloom","player_choice":"Fight","floor":44.0,"gold_loss":0.0,"damage_taken":0.0},{"cards_removed":["Strike_R"],"damage_healed":0.0,"max_hp_gain":0.0,"max_hp_loss":0.0,"gold_gain":0.0,"event_name":"Falling","player_choice":"Removed Attack","floor":48.0,"gold_loss":0.0,"damage_taken":0.0}],"is_beta":false,"boss_relics":[{"not_picked":["Tiny House","Runic Pyramid"],"picked":"Orrery"},{"not_picked":["Astrolabe","Lizard Tail"],"picked":"Runic Dome"}],"items_purged_floors":[38,54],"is_endless":false,"potions_floor_spawned":[7,12,14,20,25,29,35,40,44,46],"ascension_level":20}