{"gold_per_floor":[114,189,24,24,24,24,62,12,36,79,79,92,92,115,115,210,210,229,10,10,10,10,10,49,49,124,124,143,157,157,167,167,245,245,260,173,173,34,309,342,362,380,434,434,465,465,478,491,491,491,491,491,491,19,44,44],"floor_reached":57,"playtime":1580,"items_purged":["Strike_R","Strike_R","Strike_R","Strike_R","Bash+1"],"score":2942,"play_id":"02801f28-6045-451b-b10a-6d4ad13470d0","local_time":"20190420193244","is_ascension_mode":true,"campfire_choices":[{"data":"Defend_R","floor":6.0,"key":"SMITH"},{"data":"Uppercut","floor":11.0,"key":"SMITH"},{"data":"Offering","floor":13.0,"key":"SMITH"},{"data":"Rampage","floor":15.0,"key":"SMITH"},{"data":"Immolate","floor":23.0,"key":"SMITH"},{"data":"Shrug It Off","floor":25.0,"key":"SMITH"},{"floor":27.0,"key":"REST"},{"data":"Shockwave","floor":32.0,"key":"SMITH"},{"floor":46.0,"key":"RECALL"},{"floor":49.0,"key":"REST"},{"data":"Evolve","floor":53.0,"key":"SMITH"}],"neow_cost":"NONE","seed_source_timestamp":400439022751700,"circlet_count":0,"master_deck":["AscendersBane","Defend_R","Defend_R","Defend_R","Defend_R+1","True Grit+1","Uppercut+1","Offering+1","Rampage+1","Immolate+1","Shrug It Off+1","Body Slam+1","Shockwave+1","Impervious","Evolve+1","Disarm","Second Wind","Flame Barrier+1","Feel No Pain","Dark Embrace"],"special_seed":0,"relics":["Burning Blood","NeowsBlessing","Art of War","Bloody Idol","Smiling Mask","Regal Pillow","Shuriken","Sozu","Oddly Smooth Stone","Bronze Scales","Paper Frog","Runic Dome","Pear","Spirit Poop","Pantograph","Centennial Puzzle","Happy Flower","Pocketwatch"],"potions_floor_usage":[],"damage_taken":[{"damage":0.0,"enemies":"Jaw Worm","floor":1.0,"turns":1.0},{"damage":0.0,"enemies":"3 Sentries","floor":7.0,"turns":2.0},{"damage":0.0,"enemies":"Gremlin Nob","floor":10.0,"turns":1.0},{"damage":0.0,"enemies":"2 Louse","floor":12.0,"turns":3.0},{"damage":8.0,"enemies":"Small Slimes","floor":14.0,"turns":4.0},{"damage":17.0,"enemies":"Hexaghost","floor":16.0,"turns":8.0},{"damage":19.0,"enemies":"Shell Parasite","floor":18.0,"turns":3.0},{"damage":18.0,"enemies":"Book of Stabbing","floor":24.0,"turns":4.0},{"damage":9.0,"enemies":"2 Thieves","floor":28.0,"turns":2.0},{"damage":6.0,"enemies":"Centurion and Healer","floor":29.0,"turns":3.0},{"damage":6.0,"enemies":"3 Cultists","floor":31.0,"turns":2.0},{"damage":52.0,"enemies":"Automaton","floor":33.0,"turns":9.0},{"damage":11.0,"enemies":"3 Darklings","floor":35.0,"turns":2.0},{"damage":37.0,"enemies":"Reptomancer","floor":40.0,"turns":6.0},{"damage":11.0,"enemies":"Orb Walker","floor":41.0,"turns":5.0},{"damage":37.0,"enemies":"Maw","floor":42.0,"turns":8.0},{"damage":6.0,"enemies":"Nemesis","floor":45.0,"turns":7.0},{"damage":6.0,"enemies":"Jaw Worm Horde","floor":47.0,"turns":2.0},{"damage":23.0,"enemies":"Spire Growth","floor":48.0,"turns":4.0},{"damage":32.0,"enemies":"Awakened One","floor":50.0,"turns":14.0},{"damage":64.0,"enemies":"Time Eater","floor":51.0,"turns":13.0},{"damage":40.0,"enemies":"Shield and Spear","floor":55.0,"turns":6.0},{"damage":64,"enemies":"The Heart","floor":56,"turns":9}],"seed_played":"-4179901995085918875","potions_obtained":[{"floor":7.0,"key":"FearPotion"},{"floor":12.0,"key":"Energy Potion"}],"is_trial":false,"path_per_floor":["M","?","$","?","?","R","E","$","T","E","R","M","R","M","R","B",null,"M","$","?","$","?","R","E","R","T","R","M","M","?","M","R","B",null,"M","$","?","$","?","E","M","M","T","?","E","R","M","M","R","B","B",null,"R","$","E","B",null],"character_chosen":"IRONCLAD","items_purchased":["Art of War","Oddly Smooth Stone","Evolve","Disarm","Centennial Puzzle","Happy Flower","Feel No Pain"],"campfire_rested":2,"item_purchase_floors":[3,19,36,38,54,54,54],"current_hp_per_floor":[74,63,63,37,14,14,20,20,20,26,26,32,32,30,30,19,61,48,48,48,48,48,48,36,36,36,73,70,70,70,75,75,34,65,65,65,65,65,70,54,54,28,33,33,38,38,43,31,71,59,26,70,70,70,41,8],"gold":44,"neow_bonus":"THREE_ENEMY_KILL","is_prod":false,"is_daily":false,"chose_seed":false,"campfire_upgraded":8,"win_rate":0,"timestamp":1555756364,"path_taken":["M","?","$","?","?","R","E","$","T","E","R","M","R","M","R","BOSS","M","$","?","?","?","R","E","R","T","R","M","M","?","M","R","BOSS","M","$","?","$","?","E","?","M","T","?","E","R","M","M","R","BOSS","BOSS","R","$","E","BOSS"],"build_version":"2019-01-23","purchased_purges":5,"victory":true,"max_hp_per_floor":[75,75,75,75,75,75,75,75,75,75,75,75,75,75,75,75,75,75,75,75,75,75,75,75,75,75,75,75,75,75,75,75,75,75,75,75,75,75,75,85,85,85,85,85,85,85,85,85,85,85,85,85,85,85,85,85],"card_choices":[{"not_picked":["Clothesline","Perfected Strike"],"picked":"True Grit","floor":1.0},{"not_picked":["Sever Soul","Perfected Strike"],"picked":"Uppercut","floor":7.0},{"not_picked":["Shrug It Off","Armaments"],"picked":"Offering","floor":10.0},{"not_picked":["Thunderclap","Headbutt","Sentinel"],"picked":"SKIP","floor":12.0},{"not_picked":["Hemokinesis","Cleave"],"picked":"Rampage","floor":14.0},{"not_picked":["Reaper","Brutality"],"picked":"Immolate","floor":16.0},{"not_picked":["Anger","Headbutt","Wild Strike"],"picked":"SKIP","floor":18.0},{"not_picked":["Perfected Strike","Metallicize","Anger+1"],"picked":"SKIP","floor":24.0},{"not_picked":["Clash","Intimidate","Cleave"],"picked":"SKIP","floor":28.0},{"not_picked":["Shrug It Off","Spot Weakness"],"picked":"Body Slam+1","floor":29.0},{"not_picked":["Rampage","Clothesline"],"picked":"Shockwave","floor":31.0},{"not_picked":["Reaper","Feed"],"picked":"Impervious","floor":33.0},{"not_picked":["Clothesline","Sentinel","Armaments"],"picked":"SKIP","floor":35.0},{"not_picked":["Hemokinesis","Blood for Blood+1"],"picked":"Second Wind","floor":40.0},{"not_picked":["Spot Weakness","Carnage","Sword Boomerang"],"picked":"SKIP","floor":41.0},{"not_picked":["Warcry","Armaments","Anger"],"picked":"SKIP","floor":42.0},{"not_picked":["Searing Blow+1","Flex","Hemokinesis+1"],"picked":"SKIP","floor":45.0},{"not_picked":["Blood for Blood+1","Anger"],"picked":"Flame Barrier+1","floor":47.0},{"not_picked":["True Grit","Sever Soul","Reckless Charge"],"picked":"SKIP","floor":48.0},{"not_picked":["Combust","Carnage"],"picked":"Dark Embrace","floor":55.0}],"player_experience":3254030,"relics_obtained":[{"floor":7.0,"key":"Smiling Mask"},{"floor":9.0,"key":"Regal Pillow"},{"floor":10.0,"key":"Shuriken"},{"floor":24.0,"key":"Bronze Scales"},{"floor":26.0,"key":"Paper Frog"},{"floor":40.0,"key":"Pear"},{"floor":45.0,"key":"Pantograph"},{"floor":55.0,"key":"Pocketwatch"}],"event_choices":[{"damage_healed":0.0,"max_hp_gain":0.0,"max_hp_loss":0.0,"gold_gain":75.0,"event_name":"World of Goop","player_choice":"Gather Gold","floor":2.0,"gold_loss":0.0,"damage_taken":11.0},{"damage_healed":0.0,"max_hp_gain":0.0,"max_hp_loss":0.0,"gold_gain":0.0,"event_name":"Golden Idol","player_choice":"Take Damage","floor":4.0,"gold_loss":0.0,"damage_taken":26.0,"relics_obtained":["Golden Idol"]},{"damage_healed":0.0,"max_hp_gain":0.0,"max_hp_loss":0.0,"gold_gain":0.0,"event_name":"Shining Light","player_choice":"Entered Light","floor":5.0,"gold_loss":0.0,"damage_taken":23.0,"cards_upgraded":["True Grit","Bash"]},{"cards_removed":["Strike_R"],"damage_healed":0.0,"max_hp_gain":0.0,"max_hp_loss":0.0,"gold_gain":0.0,"event_name":"Purifier","player_choice":"Purged","floor":20.0,"gold_loss":0.0,"damage_taken":0.0},{"damage_healed":0.0,"max_hp_gain":0.0,"max_hp_loss":0.0,"gold_gain":0.0,"event_name":"The Library","player_choice":"Read","floor":22.0,"gold_loss":0.0,"damage_taken":0.0,"cards_obtained":["Shrug It Off"]},{"damage_healed":0.0,"max_hp_gain":0.0,"max_hp_loss":0.0,"gold_gain":0.0,"event_name":"Forgotten Altar","player_choice":"Gave Idol","floor":30.0,"relics_lost":["Golden Idol"],"gold_loss":0.0,"damage_taken":0.0,"relics_obtained":["Bloody Idol"]},{"damage_healed":0.0,"max_hp_gain":0.0,"max_hp_loss":0.0,"gold_gain":0.0,"event_name":"Tomb of Lord Red Mask","player_choice":"Ignored","floor":37.0,"gold_loss":0.0,"damage_taken":0.0},{"damage_healed":0.0,"max_hp_gain":0.0,"max_hp_loss":0.0,"gold_gain":275.0,"event_name":"Golden Shrine","player_choice":"Desecrate","floor":39.0,"gold_loss":0.0,"damage_taken":0.0,"cards_obtained":["Regret"]},{"cards_removed":["Regret"],"damage_healed":0.0,"max_hp_gain":0.0,"max_hp_loss":0.0,"gold_gain":0.0,"event_name":"Bonfire Elementals","player_choice":"Offered Curse","floor":44.0,"gold_loss":0.0,"damage_taken":0.0,"relics_obtained":["Spirit Poop"]}],"is_beta":false,"boss_relics":[{"not_picked":["Mark of Pain","Ectoplasm"],"picked":"Sozu"},{"not_picked":["Eternal Feather","Philosopher\u0027s Stone"],"picked":"Runic Dome"}],"items_purged_floors":[8,19,36,38,54],"is_endless":false,"potions_floor_spawned":[7,12,14,24,29,31,35,42,48],"ascension_level":20}