{"gold_per_floor":[112,112,112,62,237,237,272,272,272,288,288,320,89,116,116,216,216,235,235,14,14,27,55,55,84,84,84,101,134,134,134,134,235,235,254,8,8,25,1024,1024,1039,1053,1053,1082,1082,1098,1098,246,246,246],"floor_reached":51,"playtime":1913,"items_purged":["Doubt","Defend_R","Bite"],"score":1166,"play_id":"a63a5d13-fdeb-4324-852c-a0984e8d5f3c","local_time":"20190203124342","is_ascension_mode":true,"campfire_choices":[{"data":"Bash","floor":6,"key":"SMITH"},{"data":"Strike_R","floor":8,"key":"SMITH"},{"data":"Second Wind","floor":11,"key":"SMITH"},{"data":"Strike_R","floor":15,"key":"SMITH"},{"floor":24,"key":"REST"},{"floor":27,"key":"REST"},{"floor":30,"key":"REST"},{"floor":32,"key":"REST"},{"floor":40,"key":"REST"},{"floor":47,"key":"REST"},{"floor":49,"key":"REST"}],"neow_cost":"NONE","seed_source_timestamp":99140732371800,"circlet_count":0,"master_deck":["Defend_R+1","Defend_R+1","Bash+1","Second Wind+1","Disarm+1","Flame Barrier+1","Offering+1","Dropkick","Bite","Bite","Bite","Apotheosis+1","Shrug It Off+1","True Grit+1","Carnage+1","Disarm+1","Shrug It Off+1","Entrench+1","Power Through+1","Ghostly Armor+1","Necronomicurse","Feel No Pain","Offering+1","Disarm+1","Body Slam+1","True Grit+1","Second Wind+1","Dropkick+1","Uppercut+1","Writhe","Entrench+1","Body Slam+1","Body Slam+1","Evolve","Master of Strategy+1","Warcry+1"],"relics":["Burning Blood","NeowsBlessing","Nunchaku","Toxic Egg 2","Pear","Meat on the Bone","Dream Catcher","Orichalcum","Torii","Fusion Hammer","PreservedInsect","War Paint","Lantern","Oddly Smooth Stone","Necronomicon","Orrery","Omamori","Bag of Marbles","Molten Egg 2","Anchor","Pen Nib"],"potions_floor_usage":[50],"damage_taken":[{"damage":0,"enemies":"2 Louse","floor":1,"turns":1},{"damage":0,"enemies":"3 Sentries","floor":7,"turns":2},{"damage":0,"enemies":"Jaw Worm","floor":10,"turns":1},{"damage":39,"enemies":"Lagavulin","floor":12,"turns":9},{"damage":13,"enemies":"Gremlin Nob","floor":14,"turns":5},{"damage":8,"enemies":"The Guardian","floor":16,"turns":12},{"damage":26,"enemies":"2 Thieves","floor":18,"turns":5},{"damage":6,"enemies":"Chosen","floor":22,"turns":3},{"damage":18,"enemies":"Gremlin Leader","floor":23,"turns":9},{"damage":7,"enemies":"Book of Stabbing","floor":25,"turns":4},{"damage":7,"enemies":"Centurion and Healer","floor":28,"turns":5},{"damage":17,"enemies":"Gremlin Leader","floor":29,"turns":6},{"damage":15,"enemies":"Champ","floor":33,"turns":11},{"damage":12,"enemies":"3 Shapes","floor":35,"turns":6},{"damage":13,"enemies":"Orb Walker","floor":38,"turns":4},{"damage":19,"enemies":"3 Darklings","floor":41,"turns":15},{"damage":13,"enemies":"Maw","floor":42,"turns":8},{"damage":12,"enemies":"Nemesis","floor":44,"turns":1},{"damage":14,"enemies":"Spire Growth","floor":46,"turns":4},{"damage":12,"enemies":"Donu and Deca","floor":50,"turns":5}],"seed_played":"-8656177067191919649","potions_obtained":[{"floor":7,"key":"LiquidBronze"},{"floor":10,"key":"EssenceOfSteel"},{"floor":12,"key":"Block Potion"},{"floor":38,"key":"GamblersBrew"},{"floor":44,"key":"FearPotion"}],"is_trial":false,"path_per_floor":["M","?","T","?","?","R","E","R","T","M","R","E","$","E","R","B",null,"M","?","$","?","M","E","R","E","T","R","M","E","R","?","R","B",null,"M","$","?","M","?","R","M","M","T","E","?","M","R","$","R","B",null],"character_chosen":"IRONCLAD","items_purchased":["Orichalcum","Apotheosis+1","Shrug It Off+1","Omamori","Body Slam+1","Evolve","Anchor","Pen Nib","PowerPotion","Master of Strategy+1","Warcry+1","Swift Potion"],"campfire_rested":7,"item_purchase_floors":[13,20,20,36,48,48,48,48,48,48,48,48],"current_hp_per_floor":[78,78,78,78,78,78,90,90,90,90,90,57,57,62,62,60,83,63,63,63,63,63,63,63,63,63,63,63,63,63,47,63,63,63,63,63,63,59,59,63,63,63,63,59,63,55,63,63,63,60],"gold":246,"neow_bonus":"THREE_ENEMY_KILL","is_prod":false,"is_daily":false,"chose_seed":false,"campfire_upgraded":4,"win_rate":0,"timestamp":1549165422,"path_taken":["M","?","?","?","?","R","E","R","T","M","R","E","$","E","R","BOSS","M","?","$","?","M","E","R","E","T","R","?","E","R","?","R","BOSS","M","$","?","M","?","R","M","M","T","E","?","M","R","$","R","BOSS"],"build_version":"2019-01-23","purchased_purges":3,"victory":true,"max_hp_per_floor":[80,80,80,80,80,80,90,90,90,90,90,90,90,90,90,90,90,90,63,63,63,63,63,63,63,63,63,63,63,63,63,63,63,63,63,63,63,63,63,63,63,63,63,63,63,63,63,63,63,63],"card_choices":[{"not_picked":["Anger","Wild Strike"],"picked":"Second Wind","floor":1},{"not_picked":["Sentinel+1","Intimidate+1"],"picked":"Disarm+1","floor":7},{"not_picked":["Rupture","Clothesline"],"picked":"Flame Barrier+1","floor":10},{"not_picked":["Heavy Blade","Headbutt","Rupture"],"picked":"SKIP","floor":12},{"not_picked":["Sentinel+1","Armaments+1","Twin Strike"],"picked":"SKIP","floor":14},{"not_picked":["Reaper","Dark Embrace"],"picked":"Offering+1","floor":16},{"not_picked":["Havoc+1","Pommel Strike"],"picked":"Dropkick","floor":18},{"not_picked":["Combust","Havoc+1"],"picked":"True Grit+1","floor":22},{"not_picked":["Twin Strike+1","Body Slam"],"picked":"Carnage+1","floor":23},{"not_picked":["Spot Weakness+1","Sword Boomerang"],"picked":"Disarm+1","floor":24},{"not_picked":["Pummel","Sentinel+1"],"picked":"Shrug It Off+1","floor":25},{"not_picked":["Wild Strike","Shrug It Off+1"],"picked":"Entrench+1","floor":27},{"not_picked":["Pommel Strike","Twin Strike","Reckless Charge"],"picked":"SKIP","floor":28},{"not_picked":["Entrench+1","Juggernaut"],"picked":"Power Through+1","floor":29},{"not_picked":["Power Through+1","Iron Wave"],"picked":"Ghostly Armor+1","floor":30},{"not_picked":["Inflame","Flame Barrier+1"],"picked":"Feel No Pain","floor":32},{"not_picked":["Reaper","Limit Break+1"],"picked":"Offering+1","floor":33},{"not_picked":["Wild Strike+1","Sever Soul"],"picked":"Disarm+1","floor":34},{"not_picked":["Clothesline","Bludgeon"],"picked":"Body Slam+1","floor":34},{"not_picked":["Spot Weakness+1","Armaments+1","Blood for Blood"],"picked":"SKIP","floor":35},{"not_picked":["Infernal Blade+1","Reckless Charge+1"],"picked":"True Grit+1","floor":38},{"not_picked":["Flame Barrier+1","Thunderclap"],"picked":"Second Wind+1","floor":41},{"not_picked":["Intimidate+1","Impervious+1"],"picked":"Dropkick+1","floor":42},{"not_picked":["Cleave+1","Warcry+1"],"picked":"Uppercut+1","floor":44},{"not_picked":["Burning Pact+1","Wild Strike+1"],"picked":"Entrench+1","floor":46},{"not_picked":["Blood for Blood+1","Iron Wave+1"],"picked":"Body Slam+1","floor":47}],"player_experience":11382,"relics_obtained":[{"floor":3,"key":"Toxic Egg 2"},{"floor":7,"key":"Pear"},{"floor":9,"key":"Meat on the Bone"},{"floor":12,"key":"Dream Catcher"},{"floor":14,"key":"Torii"},{"floor":23,"key":"PreservedInsect"},{"floor":25,"key":"War Paint"},{"floor":26,"key":"Lantern"},{"floor":29,"key":"Oddly Smooth Stone"},{"floor":31,"key":"Necronomicon"},{"floor":43,"key":"Bag of Marbles"},{"floor":44,"key":"Molten Egg 2"}],"event_choices":[{"damage_healed":0,"gold_gain":0,"player_choice":"Box","damage_taken":0,"relics_obtained":["Nunchaku"],"max_hp_gain":0,"max_hp_loss":0,"event_name":"Big Fish","floor":2,"gold_loss":0,"cards_obtained":["Regret"]},{"cards_removed":["Regret"],"damage_healed":0,"gold_gain":0,"player_choice":"Card Removal","damage_taken":0,"max_hp_gain":0,"max_hp_loss":0,"event_name":"The Cleric","floor":4,"gold_loss":50},{"damage_healed":0,"gold_gain":175,"player_choice":"AGREE","damage_taken":0,"max_hp_gain":0,"max_hp_loss":0,"event_name":"Liars Game","floor":5,"gold_loss":0,"cards_obtained":["Doubt"]},{"damage_healed":0,"gold_gain":0,"player_choice":"Became a vampire","damage_taken":0,"max_hp_gain":0,"max_hp_loss":27,"event_name":"Vampires","floor":19,"gold_loss":0,"cards_obtained":["Bite","Bite","Bite","Bite","Bite"]},{"cards_removed":["Defend_R"],"damage_healed":0,"gold_gain":0,"player_choice":"Purged","damage_taken":0,"max_hp_gain":0,"max_hp_loss":0,"event_name":"Purifier","floor":21,"gold_loss":0},{"damage_healed":0,"gold_gain":0,"player_choice":"Obtained Book","damage_taken":16,"max_hp_gain":0,"max_hp_loss":0,"event_name":"Cursed Tome","floor":31,"gold_loss":0},{"cards_removed":["Bite"],"damage_healed":0,"gold_gain":0,"player_choice":"Removed Attack","damage_taken":0,"max_hp_gain":0,"max_hp_loss":0,"event_name":"Falling","floor":37,"gold_loss":0},{"damage_healed":0,"gold_gain":999,"player_choice":"Gold","damage_taken":0,"max_hp_gain":0,"max_hp_loss":0,"event_name":"MindBloom","floor":39,"gold_loss":0,"cards_obtained":["Normality","Normality"]},{"damage_healed":16,"gold_gain":0,"player_choice":"Writhe","damage_taken":0,"max_hp_gain":0,"max_hp_loss":0,"event_name":"Winding Halls","floor":45,"gold_loss":0,"cards_obtained":["Writhe"]}],"is_beta":false,"boss_relics":[{"not_picked":["Snecko Eye","Velvet Choker"],"picked":"Fusion Hammer"},{"not_picked":["Mark of Pain","Tiny House"],"picked":"Orrery"}],"items_purged_floors":[13,36,48],"is_endless":false,"potions_floor_spawned":[7,10,12,23,29,35,38,44],"ascension_level":6}