{"gold_per_floor":[117,117,117,132,57,92,92,92,92,92,92,119,138,52,52,126,126,140,159,120,120,120,145,145,177,177,177,194,208,208,223,223,223],"floor_reached":33,"playtime":1354,"items_purged":[],"score":632,"play_id":"537ef1f1-52b7-4d4c-8569-c30edaf53a73","local_time":"20190221224751","is_ascension_mode":true,"campfire_choices":[{"data":"Zap","floor":7,"key":"SMITH"},{"data":"Go for the Eyes","floor":10,"key":"SMITH"},{"data":"Capacitor","floor":15,"key":"SMITH"},{"floor":24,"key":"REST"},{"floor":27,"key":"REST"},{"floor":30,"key":"REST"},{"data":"Capacitor","floor":32,"key":"SMITH"}],"neow_cost":"NONE","seed_source_timestamp":124911011395900,"circlet_count":0,"master_deck":["AscendersBane","Zap+1","Dualcast","Coolheaded+1","Leap","Reboot","Go for the Eyes+1","Cold Snap","FTL","Capacitor+1","Buffer","Rebound","Self Repair","Streamline","Capacitor+1","Hello World","Beam Cell","Sunder","Core Surge","Go for the Eyes","Turbo","Conserve Battery","Cold Snap","Chill","Hello World"],"relics":["Cracked Core","Dream Catcher","Blood Vial","Kunai","Bag of Preparation","Pandora\u0027s Box","Nloth\u0027s Gift","Emotion Chip","Blue Candle","The Courier"],"potions_floor_usage":[16,16,18,23],"damage_taken":[{"damage":0,"enemies":"Jaw Worm","floor":1,"turns":1},{"damage":0,"enemies":"2 Louse","floor":4,"turns":1},{"damage":0,"enemies":"3 Sentries","floor":6,"turns":1},{"damage":13,"enemies":"Lagavulin","floor":12,"turns":8},{"damage":0,"enemies":"Cultist","floor":13,"turns":2},{"damage":32,"enemies":"Hexaghost","floor":16,"turns":12},{"damage":15,"enemies":"2 Thieves","floor":18,"turns":4},{"damage":4,"enemies":"Shell Parasite","floor":19,"turns":5},{"damage":25,"enemies":"Slavers","floor":23,"turns":8},{"damage":34,"enemies":"Gremlin Leader","floor":25,"turns":8},{"damage":16,"enemies":"Snecko","floor":28,"turns":6},{"damage":28,"enemies":"Snake Plant","floor":29,"turns":5},{"damage":0,"enemies":"Centurion and Healer","floor":31,"turns":10},{"damage":45,"enemies":"Collector","floor":33,"turns":6}],"seed_played":"1510924925308905900","potions_obtained":[{"floor":4,"key":"SpeedPotion"},{"floor":13,"key":"SteroidPotion"},{"floor":16,"key":"Fire Potion"},{"floor":19,"key":"FocusPotion"},{"floor":23,"key":"FearPotion"},{"floor":31,"key":"Weak Potion"}],"is_trial":false,"path_per_floor":["M","?","?","M","?","E","R","?","T","R","?","E","M","$","R","B",null,"M","M","$","?","?","E","R","E","T","R","M","M","R","M","R","B"],"character_chosen":"DEFECT","items_purchased":["Capacitor","Sunder"],"campfire_rested":3,"item_purchase_floors":[14,20],"current_hp_per_floor":[64,64,64,64,64,64,64,64,64,64,64,53,55,55,55,25,60,54,52,52,32,32,16,38,13,13,35,28,9,31,40,40,0],"gold":223,"neow_bonus":"THREE_ENEMY_KILL","is_prod":false,"is_daily":false,"chose_seed":false,"campfire_upgraded":4,"win_rate":0,"timestamp":1550756871,"path_taken":["M","?","?","?","?","E","R","?","T","R","?","E","?","$","R","BOSS","M","M","$","?","?","E","R","E","T","R","M","M","R","M","R","BOSS"],"build_version":"2019-01-23","purchased_purges":0,"victory":false,"max_hp_per_floor":[71,71,71,71,71,71,71,71,71,71,71,71,71,71,71,71,71,71,71,71,76,76,76,76,76,76,76,76,76,76,76,76,76],"card_choices":[{"not_picked":["Barrage","Rebound"],"picked":"Coolheaded","floor":1},{"not_picked":["Gash","Aggregate"],"picked":"Reboot","floor":4},{"not_picked":["Compile Driver","Turbo"],"picked":"Go for the Eyes","floor":6},{"not_picked":["Streamline","BootSequence"],"picked":"Cold Snap","floor":12},{"not_picked":["Force Field","Compile Driver"],"picked":"FTL","floor":13},{"not_picked":["Multi-Cast","Meteor Strike"],"picked":"Buffer","floor":16},{"not_picked":["Fusion","Go for the Eyes"],"picked":"Beam Cell","floor":18},{"not_picked":["Sweeping Beam","Leap","Static Discharge"],"picked":"SKIP","floor":19},{"not_picked":["Thunder Strike","Darkness+1"],"picked":"Core Surge","floor":23},{"not_picked":["Sweeping Beam","Ball Lightning"],"picked":"Go for the Eyes","floor":24},{"not_picked":["Coolheaded","Compile Driver"],"picked":"Turbo","floor":25},{"not_picked":["FTL","Hello World"],"picked":"Conserve Battery","floor":27},{"not_picked":["Reinforced Body","Recycle","Machine Learning"],"picked":"SKIP","floor":28},{"not_picked":["Steam","Go for the Eyes"],"picked":"Cold Snap","floor":29},{"not_picked":["Rebound","Streamline"],"picked":"Chill","floor":30},{"not_picked":["Hello World","Cold Snap","Coolheaded"],"picked":"SKIP","floor":31},{"not_picked":["Cold Snap","Coolheaded"],"picked":"Hello World","floor":31}],"player_experience":1711898,"relics_obtained":[{"floor":6,"key":"Dream Catcher"},{"floor":9,"key":"Kunai"},{"floor":12,"key":"Bag of Preparation"},{"floor":23,"key":"Emotion Chip"},{"floor":25,"key":"Blue Candle"},{"floor":26,"key":"The Courier"}],"event_choices":[{"damage_healed":0,"gold_gain":0,"cards_transformed":["Defend_B"],"player_choice":"Change","damage_taken":0,"max_hp_gain":0,"max_hp_loss":0,"event_name":"Living Wall","floor":2,"gold_loss":0,"cards_obtained":["Leap"]},{"cards_removed":["Defend_B"],"damage_healed":0,"gold_gain":0,"player_choice":"Offered Basic","damage_taken":0,"max_hp_gain":0,"max_hp_loss":0,"event_name":"Bonfire Elementals","floor":3,"gold_loss":0},{"cards_removed":["Defend_B"],"damage_healed":0,"gold_gain":0,"player_choice":"Card Removal","damage_taken":0,"max_hp_gain":0,"max_hp_loss":0,"event_name":"The Cleric","floor":5,"gold_loss":75},{"damage_healed":0,"gold_gain":0,"player_choice":"Searched \u00271\u0027 times","damage_taken":0,"relics_obtained":["Blood Vial"],"max_hp_gain":0,"max_hp_loss":0,"event_name":"Dead Adventurer","floor":8,"gold_loss":0},{"damage_healed":0,"gold_gain":0,"player_choice":"Upgraded","damage_taken":0,"max_hp_gain":0,"max_hp_loss":0,"event_name":"Upgrade Shrine","floor":11,"gold_loss":0,"cards_upgraded":["Coolheaded"]},{"damage_healed":0,"gold_gain":0,"player_choice":"Shed Blood","damage_taken":25,"max_hp_gain":5,"max_hp_loss":0,"event_name":"Forgotten Altar","floor":21,"gold_loss":0},{"damage_healed":0,"gold_gain":0,"player_choice":"Traded Relic","damage_taken":0,"relics_obtained":["Nloth\u0027s Gift"],"max_hp_gain":0,"max_hp_loss":0,"event_name":"N\u0027loth","floor":22,"relics_lost":["NeowsBlessing"],"gold_loss":0}],"is_beta":false,"boss_relics":[{"not_picked":["Tiny House","Busted Crown"],"picked":"Pandora\u0027s Box"}],"items_purged_floors":[],"is_endless":false,"potions_floor_spawned":[4,13,16,19,23,31],"killed_by":"Collector","ascension_level":20}