{"gold_per_floor":[113,113,78,93,93,93,109,141,141,159,230,14,14,26,26,101,101,113,113,113,123,123,123,143,161,214,214,247,267,267,167,167,243,243,261,275,275,294,294,294,304,304,328,346,346,118,118,130,130,130],"floor_reached":50,"playtime":1927,"items_purged":["Strike_R","Doubt","Shame"],"score":1049,"play_id":"bf813762-cdd3-4a10-b84d-6156af3fa36c","local_time":"20190413224012","is_ascension_mode":true,"campfire_choices":[{"data":"Bash","floor":6,"key":"SMITH"},{"floor":15,"key":"REST"},{"floor":23,"key":"REST"},{"floor":32,"key":"REST"},{"floor":40,"key":"REST"},{"floor":42,"key":"REST"},{"data":"Armaments","floor":45,"key":"SMITH"},{"floor":49,"key":"RECALL"}],"neow_cost":"NONE","seed_source_timestamp":124772726447600,"circlet_count":0,"master_deck":["AscendersBane","Strike_R","Strike_R+1","Strike_R","Strike_R","Defend_R","Defend_R","Defend_R+1","Defend_R","Bash+1","Armaments+1","Evolve","Cleave","Shrug It Off","True Grit","Spot Weakness","Second Wind","Limit Break","Ghostly Armor+1","Limit Break","True Grit","Body Slam","Shrug It Off+1","True Grit+1","Impervious","Sword Boomerang","Spot Weakness","Armaments+1","Bandage Up"],"relics":["Runic Pyramid","Frozen Egg 2","Cursed Key","Enchiridion","Centennial Puzzle","Bronze Scales","Philosopher\u0027s Stone","Bag of Marbles"],"potions_floor_usage":[8,8,19,24,33,36,48],"damage_taken":[{"damage":8,"enemies":"Small Slimes","floor":1,"turns":4},{"damage":3,"enemies":"2 Louse","floor":4,"turns":4},{"damage":0,"enemies":"Cultist","floor":7,"turns":3},{"damage":12,"enemies":"3 Sentries","floor":8,"turns":5},{"damage":20,"enemies":"Gremlin Gang","floor":10,"turns":7},{"damage":8,"enemies":"Blue Slaver","floor":14,"turns":4},{"damage":5,"enemies":"Slime Boss","floor":16,"turns":8},{"damage":1,"enemies":"Chosen","floor":18,"turns":6},{"damage":36,"enemies":"Colosseum Slavers","floor":19,"turns":6},{"damage":0,"enemies":"Spheric Guardian","floor":21,"turns":8},{"damage":2,"enemies":"Snake Plant","floor":24,"turns":4},{"damage":7,"enemies":"Chosen and Byrds","floor":25,"turns":8},{"damage":0,"enemies":"Gremlin Leader","floor":28,"turns":5},{"damage":0,"enemies":"Centurion and Healer","floor":29,"turns":7},{"damage":8,"enemies":"Automaton","floor":33,"turns":8},{"damage":24,"enemies":"3 Darklings","floor":35,"turns":6},{"damage":27,"enemies":"3 Shapes","floor":36,"turns":3},{"damage":3,"enemies":"Sphere and 2 Shapes","floor":38,"turns":6},{"damage":0,"enemies":"4 Shapes","floor":41,"turns":9},{"damage":11,"enemies":"3 Darklings","floor":44,"turns":4},{"damage":9,"enemies":"Sphere and 2 Shapes","floor":48,"turns":4},{"damage":36,"enemies":"Time Eater","floor":50,"turns":5}],"seed_played":"7101009809758804256","potions_obtained":[{"floor":1,"key":"Strength Potion"},{"floor":4,"key":"SteroidPotion"},{"floor":16,"key":"Explosive Potion"},{"floor":21,"key":"AttackPotion"},{"floor":28,"key":"GamblersBrew"},{"floor":35,"key":"Poison Potion"},{"floor":41,"key":"Swift Potion"},{"floor":44,"key":"SteroidPotion"}],"is_trial":false,"path_per_floor":["M","?","?","M","?","R","M","E","T","M","T","$","?","M","R","B",null,"M","?","?","M","?","R","M","M","T","?","E","M","?","$","R","B",null,"M","M","?","M","?","R","M","R","T","M","R","$","?","M","R","B"],"character_chosen":"IRONCLAD","items_purchased":["AttackPotion","Spot Weakness","Bandage Up"],"campfire_rested":5,"item_purchase_floors":[12,12,46],"current_hp_per_floor":[60,37,55,52,52,52,52,40,40,20,20,20,20,12,34,29,64,63,27,27,27,6,28,26,19,19,19,19,19,19,19,41,33,65,41,14,14,11,11,32,32,53,53,42,42,42,42,39,39,7],"gold":130,"neow_bonus":"BOSS_RELIC","is_prod":false,"is_daily":false,"chose_seed":false,"campfire_upgraded":2,"win_rate":0,"timestamp":1555162812,"path_taken":["M","?","?","M","?","R","?","E","T","?","?","$","?","M","R","BOSS","M","?","?","?","?","R","M","M","T","?","E","M","?","$","R","BOSS","M","M","?","M","?","R","M","R","T","M","R","$","?","M","R","BOSS"],"build_version":"2019-01-23","purchased_purges":3,"victory":false,"max_hp_per_floor":[75,75,75,75,75,75,75,75,75,75,75,75,75,75,75,75,75,75,75,75,75,75,75,75,75,75,75,75,75,75,75,75,75,75,75,75,75,75,71,71,71,71,71,71,71,71,71,71,71,71],"card_choices":[{"not_picked":["Flame Barrier","Warcry"],"picked":"Armaments","floor":1},{"not_picked":["Flex","Sword Boomerang"],"picked":"Evolve","floor":4},{"not_picked":["Ghostly Armor","Armaments"],"picked":"Cleave","floor":7},{"not_picked":["Bludgeon","Clothesline"],"picked":"Shrug It Off","floor":8},{"not_picked":["Flex","Perfected Strike"],"picked":"True Grit","floor":10},{"not_picked":["Havoc","Pummel"],"picked":"Second Wind","floor":14},{"not_picked":["Demon Form+1","Juggernaut+1"],"picked":"Limit Break","floor":16},{"not_picked":["Thunderclap","Shrug It Off"],"picked":"Ghostly Armor+1","floor":18},{"not_picked":["Pommel Strike","Heavy Blade"],"picked":"True Grit","floor":21},{"not_picked":["Headbutt+1","Heavy Blade"],"picked":"Body Slam","floor":24},{"not_picked":["Wild Strike","Rupture+1"],"picked":"Shrug It Off+1","floor":25},{"not_picked":["Shockwave","Body Slam","Flame Barrier"],"picked":"SKIP","floor":28},{"not_picked":["Warcry","Shrug It Off"],"picked":"True Grit+1","floor":29},{"not_picked":["Exhume","Demon Form+1"],"picked":"Impervious","floor":33},{"not_picked":["Heavy Blade","Perfected Strike"],"picked":"Sword Boomerang","floor":35},{"not_picked":["Warcry","Headbutt","Clash"],"picked":"SKIP","floor":36},{"not_picked":["Fiend Fire","Headbutt","Armaments"],"picked":"SKIP","floor":38},{"not_picked":["Pummel","Headbutt+1"],"picked":"Spot Weakness","floor":41},{"not_picked":["Shrug It Off","Searing Blow"],"picked":"Armaments","floor":44},{"not_picked":["Heavy Blade","Twin Strike","Clothesline"],"picked":"SKIP","floor":48}],"player_experience":3115469,"relics_obtained":[{"floor":9,"key":"Frozen Egg 2"},{"floor":22,"key":"Enchiridion"},{"floor":26,"key":"Centennial Puzzle"},{"floor":28,"key":"Bronze Scales"},{"floor":43,"key":"Bag of Marbles"}],"event_choices":[{"damage_healed":0,"gold_gain":0,"player_choice":"Entered Light","damage_taken":23,"max_hp_gain":0,"max_hp_loss":0,"event_name":"Shining Light","floor":2,"gold_loss":0,"cards_upgraded":["Strike_R","Defend_R"]},{"damage_healed":18,"gold_gain":0,"player_choice":"Healed","damage_taken":0,"max_hp_gain":0,"max_hp_loss":0,"event_name":"The Cleric","floor":3,"gold_loss":35},{"damage_healed":0,"gold_gain":0,"player_choice":"Forge","damage_taken":0,"max_hp_gain":0,"max_hp_loss":0,"event_name":"Accursed Blacksmith","floor":5,"gold_loss":0,"cards_upgraded":["Armaments"]},{"damage_healed":0,"gold_gain":0,"player_choice":"Searched \u00270\u0027 times","damage_taken":0,"max_hp_gain":0,"max_hp_loss":0,"event_name":"Dead Adventurer","floor":13,"gold_loss":0},{"damage_healed":0,"gold_gain":0,"player_choice":"Fight","damage_taken":0,"max_hp_gain":0,"max_hp_loss":0,"event_name":"Colosseum","floor":19,"gold_loss":0},{"damage_healed":0,"gold_gain":0,"player_choice":"Fled From Nobs","damage_taken":0,"max_hp_gain":0,"max_hp_loss":0,"event_name":"Colosseum","floor":19,"gold_loss":0},{"damage_healed":0,"gold_gain":0,"player_choice":"Copied","damage_taken":0,"max_hp_gain":0,"max_hp_loss":0,"event_name":"Duplicator","floor":20,"gold_loss":0,"cards_obtained":["Limit Break"]},{"damage_healed":0,"gold_gain":0,"player_choice":"Obtained Book","damage_taken":21,"max_hp_gain":0,"max_hp_loss":0,"event_name":"Cursed Tome","floor":22,"gold_loss":0},{"damage_healed":0,"gold_gain":0,"player_choice":"Ignored","damage_taken":0,"max_hp_gain":0,"max_hp_loss":0,"event_name":"Vampires","floor":27,"gold_loss":0},{"damage_healed":0,"gold_gain":0,"player_choice":"Ignored","damage_taken":0,"max_hp_gain":0,"max_hp_loss":0,"event_name":"The Mausoleum","floor":30,"gold_loss":0},{"damage_healed":0,"gold_gain":0,"player_choice":"Ignored","damage_taken":0,"max_hp_gain":0,"max_hp_loss":0,"event_name":"Mysterious Sphere","floor":37,"gold_loss":0},{"damage_healed":0,"gold_gain":0,"player_choice":"Max HP","damage_taken":0,"max_hp_gain":0,"max_hp_loss":4,"event_name":"Winding Halls","floor":39,"gold_loss":0},{"damage_healed":0,"gold_gain":0,"player_choice":"Ignored","damage_taken":0,"max_hp_gain":0,"max_hp_loss":0,"event_name":"Tomb of Lord Red Mask","floor":47,"gold_loss":0}],"is_beta":false,"boss_relics":[{"not_picked":["Snecko Eye","Black Star"],"picked":"Cursed Key"},{"not_picked":["Calling Bell","Runic Dome"],"picked":"Philosopher\u0027s Stone"}],"items_purged_floors":[12,31,46],"is_endless":false,"potions_floor_spawned":[1,4,7,16,18,21,28,35,41,44],"killed_by":"Time Eater","ascension_level":20}