{"path_per_floor":["M","?","?","M","M","R","$","M","T","M","R","M","$","?","R","B",null,"M","M","M","$","?"],"character_chosen":"IRONCLAD","items_purchased":["Flex"],"gold_per_floor":[110,110,110,130,143,143,18,35,35,55,55,75,75,75,75,179,179,197,211,227,227,227],"floor_reached":23,"campfire_rested":0,"playtime":945,"current_hp_per_floor":[67,67,67,72,73,73,73,79,79,78,78,78,78,78,78,42,71,65,77,57,57,57],"items_purged":["Defend_R"],"gold":227,"score":238,"play_id":"716a7070-5b4d-4b3b-b5bb-82cae5a791dc","local_time":"20180310171413","is_prod":false,"is_daily":false,"is_ascension_mode":true,"campfire_upgraded":3,"timestamp":1520694853,"path_taken":["M","?","?","?","M","R","$","M","T","M","R","M","?","?","R","BOSS","M","M","?","$","?","E"],"build_version":"2018-03-09","purchased_purges":1,"victory":false,"master_deck":["Strike_R","Strike_R","Strike_R","Defend_R","Defend_R","Bash","Clash+1","Iron Wave","Clash+1","Flex","Clash+1","Seeing Red","Flex+1","Regret","Berserk","Berserk+1","Flame Barrier+1","Whirlwind+1","Flex"],"max_hp_per_floor":[80,80,80,80,80,80,80,80,80,80,80,80,80,80,80,80,80,80,80,80,80,80],"relics":["Burning Blood","Art of War","Kunai","Astrolabe"],"card_choices":[{"not_picked":["Flame Barrier","Thunderclap"],"picked":"Clash"},{"not_picked":["Battle Trance","True Grit"],"picked":"Iron Wave"},{"not_picked":["Exhume","Whirlwind"],"picked":"Clash"},{"not_picked":["Inflame","Fire Breathing"],"picked":"Clash"},{"not_picked":["Headbutt","Burning Pact"],"picked":"Seeing Red"},{"not_picked":["Intimidate","Reckless Charge"],"picked":"Flex"},{"not_picked":["Brutality","Barricade"],"picked":"Berserk"},{"not_picked":["Thunderclap","Wild Strike"],"picked":"Flex"}],"player_experience":260909,"potions_floor_usage":[8,16,16,19,19,20],"damage_taken":[{"damage":11,"enemies":"Cultist","floor":1,"turns":4},{"damage":1,"enemies":"2 Louse","floor":4,"turns":3},{"damage":5,"enemies":"Small Slimes","floor":5,"turns":4},{"damage":0,"enemies":"Gremlin Gang","floor":8,"turns":3},{"damage":7,"enemies":"Exordium Thugs","floor":10,"turns":3},{"damage":6,"enemies":"Looter","floor":12,"turns":2},{"damage":42,"enemies":"Slime Boss","floor":16,"turns":9},{"damage":12,"enemies":"Spheric Guardian","floor":18,"turns":3},{"damage":3,"enemies":"Chosen","floor":19,"turns":4},{"damage":26,"enemies":"Slaver and Parasite","floor":20,"turns":5},{"damage":63,"enemies":"Slavers","floor":23,"turns":3}],"event_choices":[{"event_name":"Living Wall","player_choice":"Grow","floor":2,"damage_taken":0},{"event_name":"Purifier","player_choice":"One Purge","floor":3,"damage_taken":0},{"event_name":"Big Fish","player_choice":"Box","floor":14,"damage_taken":0},{"event_name":"Cursed Tome","player_choice":"Ignored","floor":22,"damage_taken":0}],"boss_relics":[{"not_picked":["Ectoplasm","Pandora\u0027s Box"],"picked":"Astrolabe"}],"potions_floor_spawned":[1,10,12,16,18,19],"seed_played":"-7227428110958980331","killed_by":"Slavers","ascension_level":6,"is_trial":false}