{"gold_per_floor":[116,135,154,154,172,172,172,172,172,210,210,175,191,222,222,315,315,339,339,68,68,68,68],"floor_reached":23,"playtime":576,"items_purged":["Hyperbeam"],"score":394,"play_id":"09426e73-764e-4b38-a5a4-a0b7e589b9db","local_time":"20190317211210","is_ascension_mode":true,"campfire_choices":[{"data":"Barrage","floor":6,"key":"SMITH"},{"data":"Loop","floor":11,"key":"SMITH"},{"data":"Recycle","floor":15,"key":"SMITH"}],"neow_cost":"NONE","seed_source_timestamp":37107469144900,"circlet_count":0,"master_deck":["AscendersBane","Zap","Dualcast","Ball Lightning","Barrage+1","Coolheaded","Loop+1","Recycle+1","Meteor Strike","Genetic Algorithm","Auto Shields","Reboot","Echo Form","Capacitor","Double Energy","Defragment","Cold Snap","Writhe"],"relics":["Cracked Core","NeowsBlessing","Symbiotic Virus","Golden Idol","Blue Candle","Gambling Chip","Boot","Pandora\u0027s Box","Nilry\u0027s Codex","Kunai"],"potions_floor_usage":[16,23],"damage_taken":[{"damage":0,"enemies":"Small Slimes","floor":1,"turns":1},{"damage":0,"enemies":"Jaw Worm","floor":2,"turns":1},{"damage":0,"enemies":"Cultist","floor":3,"turns":1},{"damage":8,"enemies":"3 Louse","floor":5,"turns":3},{"damage":8,"enemies":"Gremlin Nob","floor":10,"turns":3},{"damage":5,"enemies":"Exordium Wildlife","floor":13,"turns":2},{"damage":21,"enemies":"3 Sentries","floor":14,"turns":5},{"damage":11,"enemies":"Hexaghost","floor":16,"turns":6},{"damage":0,"enemies":"Spheric Guardian","floor":18,"turns":3},{"damage":9,"enemies":"Gremlin Leader","floor":23,"turns":2}],"seed_played":"-7644263828122487124","potions_obtained":[{"floor":2,"key":"SpeedPotion"},{"floor":10,"key":"FocusPotion"}],"is_trial":false,"path_per_floor":["M","M","M","?","M","R","?","?","T","E","R","?","M","E","R","B",null,"M","?","$","?","$","E"],"character_chosen":"DEFECT","items_purchased":["Defragment","PowerPotion","Cold Snap"],"campfire_rested":0,"item_purchase_floors":[20,20,20],"current_hp_per_floor":[64,64,64,46,38,38,38,38,38,30,30,46,41,20,20,9,50,50,29,29,29,29,20],"gold":68,"neow_bonus":"THREE_ENEMY_KILL","is_prod":false,"is_daily":false,"chose_seed":false,"campfire_upgraded":3,"win_rate":0,"timestamp":1552824730,"path_taken":["M","M","M","?","M","R","?","?","T","E","R","?","?","E","R","BOSS","M","?","$","?","?","E"],"build_version":"2019-01-23","purchased_purges":1,"victory":false,"max_hp_per_floor":[71,71,71,71,71,71,71,64,64,64,64,64,64,64,64,64,64,64,64,64,64,64,64],"card_choices":[{"not_picked":["Hologram","Rebound"],"picked":"Ball Lightning","floor":1},{"not_picked":["Tempest","Turbo","Sweeping Beam"],"picked":"SKIP","floor":2},{"not_picked":["Undo","Stack"],"picked":"Barrage","floor":3},{"not_picked":["Ball Lightning","Conserve Battery"],"picked":"Coolheaded","floor":5},{"not_picked":["Machine Learning","Sweeping Beam"],"picked":"Loop","floor":10},{"not_picked":["Beam Cell","Barrage","Sweeping Beam"],"picked":"SKIP","floor":13},{"not_picked":["Conserve Battery","Tempest"],"picked":"Recycle","floor":14},{"not_picked":["Buffer","Fission"],"picked":"Meteor Strike","floor":16},{"not_picked":["Ball Lightning","Stack","FTL"],"picked":"SKIP","floor":18}],"player_experience":2333148,"relics_obtained":[{"floor":9,"key":"Blue Candle"},{"floor":10,"key":"Gambling Chip"},{"floor":14,"key":"Boot"},{"floor":19,"key":"Nilry\u0027s Codex"}],"event_choices":[{"damage_healed":0,"gold_gain":0,"player_choice":"Success","damage_taken":18,"relics_obtained":["Symbiotic Virus"],"max_hp_gain":0,"max_hp_loss":0,"event_name":"Scrap Ooze","floor":4,"gold_loss":0},{"cards_removed":["Strike_B"],"damage_healed":0,"gold_gain":0,"player_choice":"Forget","damage_taken":0,"max_hp_gain":0,"max_hp_loss":0,"event_name":"Living Wall","floor":7,"gold_loss":0},{"damage_healed":0,"gold_gain":0,"player_choice":"Lose Max HP","damage_taken":0,"relics_obtained":["Golden Idol"],"max_hp_gain":0,"max_hp_loss":7,"event_name":"Golden Idol","floor":8,"gold_loss":0},{"damage_healed":16,"gold_gain":0,"player_choice":"Healed","damage_taken":0,"max_hp_gain":0,"max_hp_loss":0,"event_name":"The Cleric","floor":12,"gold_loss":35},{"damage_healed":0,"gold_gain":0,"player_choice":"Obtained Book","damage_taken":21,"max_hp_gain":0,"max_hp_loss":0,"event_name":"Cursed Tome","floor":19,"gold_loss":0},{"damage_healed":0,"gold_gain":0,"player_choice":"Opened","damage_taken":0,"relics_obtained":["Kunai"],"max_hp_gain":0,"max_hp_loss":0,"event_name":"The Mausoleum","floor":21,"gold_loss":0,"cards_obtained":["Writhe"]}],"is_beta":false,"boss_relics":[{"not_picked":["Tiny House","Ectoplasm"],"picked":"Pandora\u0027s Box"}],"items_purged_floors":[20],"is_endless":false,"potions_floor_spawned":[2,10,13],"killed_by":"Gremlin Leader","ascension_level":20}