{"gold_per_floor":[116,63,75,86,106,106,71,106,157,157,173,173,238,238,238,315,315,330,330,340,0,18,18,68,68,117,147,147],"floor_reached":28,"playtime":1027,"items_purged":[],"score":448,"play_id":"ad1d0f75-6bf1-47c3-950d-a96ab3c8d182","local_time":"20190410180300","is_ascension_mode":true,"campfire_choices":[{"floor":6,"key":"REST"},{"floor":10,"key":"REST"},{"floor":15,"key":"REST"},{"floor":23,"key":"REST"},{"floor":25,"key":"REST"}],"neow_cost":"NONE","seed_source_timestamp":178043349499,"circlet_count":0,"master_deck":["AscendersBane","Strike_B","Strike_B","Strike_B","Strike_B","Defend_B","Defend_B","Defend_B","Defend_B","Zap","Dualcast","Static Discharge","Cold Snap","Static Discharge","Storm+1","Redo","Echo Form","Loop","Streamline","Parasite","Echo Form","Redo","Redo+1","White Noise","Defragment","BootSequence","Sunder","Rebound","Sunder"],"relics":["Cracked Core","Blue Candle","Boot","PreservedInsect","DataDisk","Smiling Mask","Ancient Tea Set"],"potions_floor_usage":[8,18,20,22],"damage_taken":[{"damage":0,"enemies":"2 Louse","floor":1,"turns":2},{"damage":17,"enemies":"Jaw Worm","floor":3,"turns":4},{"damage":5,"enemies":"Small Slimes","floor":4,"turns":4},{"damage":18,"enemies":"Exordium Thugs","floor":5,"turns":3},{"damage":26,"enemies":"3 Sentries","floor":8,"turns":5},{"damage":12,"enemies":"Blue Slaver","floor":11,"turns":4},{"damage":50,"enemies":"Lagavulin Event","floor":13,"turns":5},{"damage":34,"enemies":"Hexaghost","floor":16,"turns":7},{"damage":4,"enemies":"Spheric Guardian","floor":18,"turns":3},{"damage":3,"enemies":"3 Byrds","floor":20,"turns":3},{"damage":17,"enemies":"Cultist and Chosen","floor":22,"turns":3},{"damage":69,"enemies":"Slavers","floor":27,"turns":4},{"damage":0,"enemies":"Colosseum Slavers","floor":28,"turns":1}],"seed_played":"-141541233725622286","potions_obtained":[{"floor":5,"key":"LiquidBronze"},{"floor":8,"key":"Swift Potion"},{"floor":11,"key":"SteroidPotion"},{"floor":16,"key":"Explosive Potion"},{"floor":18,"key":"EssenceOfSteel"},{"floor":27,"key":"Strength Potion"}],"is_trial":false,"path_per_floor":["M","$","M","M","M","R","?","E","T","R","M","?","?","?","R","B",null,"M","?","M","$","M","R","?","R","T","E","?"],"character_chosen":"DEFECT","items_purchased":["Cold Snap","White Noise","Defragment","PowerPotion","BootSequence","Sunder"],"campfire_rested":5,"item_purchase_floors":[2,21,21,21,21,21],"current_hp_per_floor":[71,71,54,49,31,54,73,47,47,70,58,58,8,27,50,16,63,59,59,56,56,39,62,62,78,78,9,9],"gold":147,"neow_bonus":"TEN_PERCENT_HP_BONUS","is_prod":false,"is_daily":false,"chose_seed":false,"campfire_upgraded":0,"win_rate":0,"timestamp":1554908580,"path_taken":["M","$","M","M","M","R","?","E","T","R","M","?","?","?","R","BOSS","M","?","M","$","?","R","?","R","T","E","?"],"build_version":"2019-01-23","purchased_purges":0,"victory":false,"max_hp_per_floor":[78,78,78,78,78,78,78,78,78,78,78,78,78,78,78,78,78,78,78,78,78,78,78,78,78,78,78,78],"card_choices":[{"not_picked":["Rebound","Coolheaded"],"picked":"Static Discharge","floor":1},{"not_picked":["Turbo","Go for the Eyes"],"picked":"Static Discharge","floor":3},{"not_picked":["Cold Snap","Redo"],"picked":"Storm","floor":4},{"not_picked":["Go for the Eyes","Consume"],"picked":"Redo","floor":5},{"not_picked":["Rebound","Gash"],"picked":"Echo Form","floor":8},{"not_picked":["Leap","Coolheaded"],"picked":"Loop","floor":11},{"not_picked":["Rebound","Sweeping Beam"],"picked":"Streamline","floor":13},{"not_picked":["Biased Cognition","Hyperbeam"],"picked":"Echo Form","floor":16},{"not_picked":["Hologram","Beam Cell"],"picked":"Redo","floor":18},{"not_picked":["Streamline","Chill+1"],"picked":"Redo+1","floor":20},{"not_picked":["Beam Cell+1","Go for the Eyes"],"picked":"Rebound","floor":22},{"not_picked":["Meteor Strike","Leap"],"picked":"Sunder","floor":27}],"player_experience":1183893,"relics_obtained":[{"floor":8,"key":"Blue Candle"},{"floor":9,"key":"Boot"},{"floor":13,"key":"PreservedInsect"},{"floor":26,"key":"Smiling Mask"},{"floor":27,"key":"Ancient Tea Set"}],"event_choices":[{"damage_healed":19,"gold_gain":0,"player_choice":"Healed","damage_taken":0,"max_hp_gain":0,"max_hp_loss":0,"event_name":"The Cleric","floor":7,"gold_loss":35},{"damage_healed":0,"gold_gain":0,"player_choice":"Grow","damage_taken":0,"max_hp_gain":0,"max_hp_loss":0,"event_name":"Living Wall","floor":12,"gold_loss":0,"cards_upgraded":["Storm"]},{"damage_healed":0,"gold_gain":0,"player_choice":"Searched \u00271\u0027 times","damage_taken":0,"max_hp_gain":0,"max_hp_loss":0,"event_name":"Dead Adventurer","floor":13,"gold_loss":0},{"damage_healed":19,"gold_gain":0,"player_choice":"Healed and dodged fight","damage_taken":0,"max_hp_gain":0,"max_hp_loss":0,"event_name":"Mushrooms","floor":14,"gold_loss":0,"cards_obtained":["Parasite"]},{"damage_healed":0,"gold_gain":0,"player_choice":"Gave Potion","damage_taken":0,"relics_obtained":["DataDisk"],"max_hp_gain":0,"max_hp_loss":0,"event_name":"WeMeetAgain","floor":19,"gold_loss":0},{"damage_healed":0,"gold_gain":50,"player_choice":"Stole From Cult","damage_taken":0,"max_hp_gain":0,"max_hp_loss":0,"event_name":"Nest","floor":24,"gold_loss":0},{"damage_healed":0,"gold_gain":0,"player_choice":"Fight","damage_taken":0,"max_hp_gain":0,"max_hp_loss":0,"event_name":"Colosseum","floor":28,"gold_loss":0}],"is_beta":false,"boss_relics":[{"not_picked":["Runic Dome","Coffee Dripper","Sozu"]}],"items_purged_floors":[],"is_endless":false,"potions_floor_spawned":[5,8,11,16,18,27],"killed_by":"Colosseum Slavers","ascension_level":18}