{"gold_per_floor":[118,137,151,151,9,9,50,50,50,50,94,118,118,42,42,133,133,133,133,53,53,53,53,53,53,53,53,53,53,53,53,53,53,53,53,53,53,53,53,53,53,53,53,53,53,53,53,53,53,53,53,53,53,3,3],"floor_reached":55,"playtime":2040,"items_purged":["Strike_B"],"score":2088,"play_id":"d42d6a2a-ddde-4e64-aa8f-ec7ad885c060","local_time":"20190318201842","is_ascension_mode":true,"campfire_choices":[{"data":"Defragment","floor":6.0,"key":"SMITH"},{"floor":8.0,"key":"REST"},{"data":"Streamline","floor":10.0,"key":"SMITH"},{"data":"Zap","floor":15.0,"key":"SMITH"},{"data":"Consume","floor":27.0,"key":"SMITH"},{"floor":32.0,"key":"REST"},{"data":"Tempest","floor":40.0,"key":"SMITH"},{"floor":45,"key":"RECALL"},{"floor":46,"key":"REST"},{"floor":49,"key":"REST"},{"data":"Conserve Battery","floor":53,"key":"SMITH"}],"neow_cost":"NONE","seed_source_timestamp":118595055629600,"circlet_count":0,"master_deck":["AscendersBane","Strike_B","Strike_B","Strike_B","Defend_B","Defend_B","Defend_B","Defend_B","Zap+1","Streamline+1","Chill","Biased Cognition+1","Defragment+1","Cold Snap","Ball Lightning","Conserve Battery+1","Cold Snap","Loop+1","Buffer+1","Blizzard+1","Consume+1","Rainbow","Electrodynamics+1","Core Surge","Hologram+1","Tempest+1","Loop+1"],"special_seed":0,"relics":["Cracked Core","NeowsBlessing","Bloody Idol","Bottled Lightning","Art of War","Frozen Egg 2","Ectoplasm","SsserpentHead","WingedGreaves","DataDisk","Torii","Meat on the Bone","Pear","Inserter","Darkstone Periapt","Gremlin Horn","Blood Vial","Bag of Preparation","Smiling Mask","Ginger"],"potions_floor_usage":[44],"damage_taken":[{"damage":0.0,"enemies":"Cultist","floor":1.0,"turns":1.0},{"damage":0.0,"enemies":"Jaw Worm","floor":2.0,"turns":1.0},{"damage":0.0,"enemies":"2 Louse","floor":3.0,"turns":1.0},{"damage":25.0,"enemies":"Gremlin Nob","floor":7.0,"turns":4.0},{"damage":0.0,"enemies":"3 Sentries","floor":11.0,"turns":9.0},{"damage":4.0,"enemies":"Exordium Thugs","floor":12.0,"turns":3.0},{"damage":10.0,"enemies":"Hexaghost","floor":16.0,"turns":7.0},{"damage":0.0,"enemies":"Chosen","floor":18.0,"turns":6.0},{"damage":8.0,"enemies":"2 Thieves","floor":20.0,"turns":4.0},{"damage":0.0,"enemies":"Snecko","floor":22.0,"turns":6.0},{"damage":17.0,"enemies":"Gremlin Leader","floor":23.0,"turns":8.0},{"damage":0.0,"enemies":"Book of Stabbing","floor":25.0,"turns":6.0},{"damage":4.0,"enemies":"Colosseum Slavers","floor":28.0,"turns":5.0},{"damage":0.0,"enemies":"Colosseum Nobs","floor":28.0,"turns":6.0},{"damage":1.0,"enemies":"Slavers","floor":30.0,"turns":9.0},{"damage":17.0,"enemies":"Shelled Parasite and Fungi","floor":31.0,"turns":5.0},{"damage":32.0,"enemies":"Champ","floor":33.0,"turns":10.0},{"damage":12.0,"enemies":"3 Darklings","floor":35.0,"turns":4.0},{"damage":0.0,"enemies":"Orb Walker","floor":36.0,"turns":4.0},{"damage":1.0,"enemies":"3 Darklings","floor":39.0,"turns":4.0},{"damage":13.0,"enemies":"Nemesis","floor":41.0,"turns":9.0},{"damage":15.0,"enemies":"Reptomancer","floor":42.0,"turns":4.0},{"damage":24,"enemies":"Giant Head","floor":44,"turns":7},{"damage":13,"enemies":"Spire Growth","floor":47,"turns":4},{"damage":39,"enemies":"Donu and Deca","floor":50,"turns":10},{"damage":39,"enemies":"Time Eater","floor":51,"turns":18},{"damage":74,"enemies":"Shield and Spear","floor":55,"turns":5}],"seed_played":"-1427126819605220924","potions_obtained":[{"floor":2.0,"key":"Poison Potion"},{"floor":11.0,"key":"Swift Potion"},{"floor":12.0,"key":"SkillPotion"},{"floor":23.0,"key":"Weak Potion"},{"floor":25.0,"key":"Fire Potion"},{"floor":31.0,"key":"PowerPotion"},{"floor":33.0,"key":"SpeedPotion"},{"floor":41.0,"key":"Explosive Potion"},{"floor":42.0,"key":"SkillPotion"},{"floor":47,"key":"Poison Potion"}],"is_trial":false,"path_per_floor":["M","M","M","?","$","R","E","R","T","R","E","M","?","$","R","B",null,"M","?","M","?","M","E","$","E","T","R","?","?","E","M","R","B",null,"M","M","T","?","M","R","E","E","T","E","R","R","M","?","R","B","B",null,"R","$","E"],"character_chosen":"DEFECT","items_purchased":["Defragment","Cold Snap","Loop+1"],"campfire_rested":4,"item_purchase_floors":[5,5,14],"current_hp_per_floor":[64,64,64,40,40,40,15,36,36,36,36,32,32,32,32,22,59,59,59,51,51,51,34,34,34,34,34,30,30,51,46,70,50,73,61,61,61,61,60,60,47,46,46,36,36,60,49,49,73,48,23,67,67,67,0],"gold":3,"neow_bonus":"THREE_ENEMY_KILL","is_prod":false,"is_daily":false,"chose_seed":false,"campfire_upgraded":6,"win_rate":0,"timestamp":1552907922,"path_taken":["M","M","?","?","$","R","E","R","T","R","E","M","?","$","R","BOSS","M","?","M","?","?","E","?","E","T","R","?","?","E","M","R","BOSS","M","?","?","?","M","R","E","E","T","E","R","R","?","?","R","BOSS","BOSS","R","$","E"],"build_version":"2019-01-23","purchased_purges":1,"victory":false,"max_hp_per_floor":[71,71,71,71,71,71,71,71,71,71,71,71,71,71,71,71,71,71,71,71,71,71,71,71,71,71,71,71,71,81,81,81,81,81,81,81,81,81,81,81,81,81,81,81,81,81,81,81,81,81,81,81,81,81,81],"card_choices":[{"not_picked":["Leap","Gash"],"picked":"Streamline","floor":1.0},{"not_picked":["Turbo","Ball Lightning"],"picked":"Chill","floor":2.0},{"not_picked":["Gash","Coolheaded"],"picked":"Biased Cognition","floor":3.0},{"not_picked":["Leap","Tempest"],"picked":"Ball Lightning","floor":7.0},{"not_picked":["Meteor Strike","Reinforced Body"],"picked":"Conserve Battery","floor":11.0},{"not_picked":["Go for the Eyes","Gash"],"picked":"Cold Snap","floor":12.0},{"not_picked":["Rainbow","Amplify"],"picked":"Buffer+1","floor":16.0},{"not_picked":["Chill","Sunder"],"picked":"Blizzard+1","floor":18.0},{"not_picked":["Chaos","Hologram","Streamline"],"picked":"SKIP","floor":20.0},{"not_picked":["Redo","Barrage","Beam Cell"],"picked":"SKIP","floor":22.0},{"not_picked":["Conserve Battery","Stack","Gash+1"],"picked":"SKIP","floor":23.0},{"not_picked":["Steam Power","Scrape"],"picked":"Consume","floor":25.0},{"not_picked":["Cold Snap","Barrage"],"picked":"Electrodynamics+1","floor":30.0},{"not_picked":["Stack+1","Gash","Doom and Gloom"],"picked":"SKIP","floor":31.0},{"not_picked":["Fission","Hyperbeam"],"picked":"Core Surge","floor":33.0},{"not_picked":["Go for the Eyes","BootSequence+1","Conserve Battery"],"picked":"SKIP","floor":35.0},{"not_picked":["Steam","Beam Cell"],"picked":"Hologram+1","floor":36.0},{"not_picked":["Rebound","Sweeping Beam"],"picked":"Tempest","floor":39.0},{"not_picked":["Gash","Go for the Eyes","Redo"],"picked":"SKIP","floor":41.0},{"not_picked":["Turbo","Conserve Battery","Genetic Algorithm"],"picked":"SKIP","floor":42.0},{"not_picked":["Storm+1","Beam Cell","Sweeping Beam"],"picked":"SKIP","floor":44},{"not_picked":["Skim","Leap+1"],"picked":"Loop+1","floor":47}],"player_experience":2356784,"relics_obtained":[{"floor":7.0,"key":"Bottled Lightning"},{"floor":9.0,"key":"Art of War"},{"floor":11.0,"key":"Frozen Egg 2"},{"floor":23.0,"key":"WingedGreaves"},{"floor":25.0,"key":"DataDisk"},{"floor":28.0,"key":"Torii"},{"floor":28.0,"key":"Meat on the Bone"},{"floor":30.0,"key":"Pear"},{"floor":37.0,"key":"Darkstone Periapt"},{"floor":38.0,"key":"Gremlin Horn"},{"floor":41.0,"key":"Blood Vial"},{"floor":42.0,"key":"Bag of Preparation"},{"floor":43.0,"key":"Smiling Mask"},{"floor":44,"key":"Ginger"}],"event_choices":[{"damage_healed":0.0,"max_hp_gain":0.0,"max_hp_loss":0.0,"gold_gain":0.0,"event_name":"Golden Idol","player_choice":"Take Damage","floor":4.0,"gold_loss":0.0,"damage_taken":24.0,"relics_obtained":["Golden Idol"]},{"damage_healed":0.0,"max_hp_gain":0.0,"max_hp_loss":0.0,"gold_gain":0.0,"event_name":"Upgrade Shrine","player_choice":"Upgraded","floor":13.0,"gold_loss":0.0,"damage_taken":0.0,"cards_upgraded":["Biased Cognition"]},{"damage_healed":0.0,"max_hp_gain":0.0,"max_hp_loss":0.0,"gold_gain":0.0,"event_name":"Forgotten Altar","player_choice":"Gave Idol","floor":19.0,"relics_lost":["Golden Idol"],"gold_loss":0.0,"damage_taken":0.0,"relics_obtained":["Bloody Idol"]},{"damage_healed":0.0,"max_hp_gain":0.0,"max_hp_loss":0.0,"gold_gain":0.0,"event_name":"FaceTrader","player_choice":"Trade","floor":21.0,"gold_loss":0.0,"damage_taken":0.0,"relics_obtained":["SsserpentHead"]},{"damage_healed":0.0,"max_hp_gain":0.0,"max_hp_loss":0.0,"gold_gain":0.0,"event_name":"Colosseum","player_choice":"Fight","floor":28.0,"gold_loss":0.0,"damage_taken":0.0},{"damage_healed":0.0,"max_hp_gain":0.0,"max_hp_loss":0.0,"gold_gain":0.0,"event_name":"Colosseum","player_choice":"Fought Nobs","floor":28.0,"gold_loss":0.0,"damage_taken":0.0},{"damage_healed":0.0,"max_hp_gain":0.0,"max_hp_loss":0.0,"gold_gain":0.0,"event_name":"Match and Keep!","player_choice":"1 cards matched","floor":29.0,"gold_loss":0.0,"damage_taken":0.0,"cards_obtained":["Rainbow"]},{"damage_healed":0.0,"max_hp_gain":0.0,"max_hp_loss":0.0,"gold_gain":0.0,"event_name":"Wheel of Change","player_choice":"Relic","floor":38.0,"gold_loss":0.0,"damage_taken":0.0},{"cards_removed":["Dualcast"],"damage_healed":0,"gold_gain":0,"player_choice":"Removed Skill","damage_taken":0,"max_hp_gain":0,"max_hp_loss":0,"event_name":"Falling","floor":48,"gold_loss":0}],"is_beta":false,"boss_relics":[{"not_picked":["Calling Bell","FrozenCore"],"picked":"Ectoplasm"},{"not_picked":["Runic Dome","Lizard Tail"],"picked":"Inserter"}],"items_purged_floors":[54],"is_endless":false,"potions_floor_spawned":[2,11,12,23,25,28,31,33,41,42,47],"killed_by":"Shield and Spear","ascension_level":20}