{"gold_per_floor":[118,77,91,101,101,101,26,26,53,53,53,53,133,176,176,176],"floor_reached":16,"playtime":235,"items_purged":["Strike_R"],"score":192,"play_id":"e8ab477c-9353-4a73-87f5-95b1d046ba95","local_time":"20190317190930","is_ascension_mode":true,"campfire_choices":[{"data":"Bash","floor":6,"key":"SMITH"},{"data":"Shrug It Off","floor":8,"key":"SMITH"},{"data":"Ghostly Armor","floor":10,"key":"SMITH"},{"data":"Strike_R","floor":12,"key":"SMITH"},{"data":"Inflame","floor":15,"key":"SMITH"}],"neow_cost":"NONE","seed_source_timestamp":30088372263000,"circlet_count":0,"master_deck":["AscendersBane","Strike_R","Strike_R","Strike_R","Strike_R+1","Defend_R","Defend_R","Defend_R","Defend_R","Bash+1","Ghostly Armor+1","Shrug It Off+1","Inflame+1"],"relics":["Burning Blood","NeowsBlessing","Red Skull","Ancient Tea Set","Golden Idol","Pantograph","Ice Cream"],"potions_floor_usage":[16],"damage_taken":[{"damage":0,"enemies":"Small Slimes","floor":1,"turns":1},{"damage":0,"enemies":"Cultist","floor":3,"turns":1},{"damage":0,"enemies":"Jaw Worm","floor":4,"turns":1},{"damage":24,"enemies":"Lagavulin","floor":14,"turns":8},{"damage":51,"enemies":"Slime Boss","floor":16,"turns":9}],"seed_played":"952012347690059383","potions_obtained":[{"floor":1,"key":"BloodPotion"},{"floor":4,"key":"LiquidBronze"}],"is_trial":false,"path_per_floor":["M","$","M","M","?","R","$","R","T","R","?","R","T","E","R","B"],"character_chosen":"IRONCLAD","items_purchased":["Ghostly Armor"],"campfire_rested":0,"item_purchase_floors":[2],"current_hp_per_floor":[74,74,75,75,75,75,75,75,75,75,49,49,49,31,31,12],"gold":176,"neow_bonus":"THREE_ENEMY_KILL","is_prod":false,"is_daily":false,"chose_seed":false,"campfire_upgraded":5,"win_rate":0,"timestamp":1552817370,"path_taken":["M","$","M","M","?","R","?","R","T","R","?","R","?","E","R","BOSS"],"build_version":"2019-01-23","purchased_purges":1,"victory":false,"max_hp_per_floor":[75,75,75,75,75,75,75,75,75,75,75,75,75,75,75,75],"card_choices":[{"not_picked":["Metallicize","Thunderclap"],"picked":"Second Wind","floor":1},{"not_picked":["Flex","Heavy Blade","Wild Strike"],"picked":"SKIP","floor":3},{"not_picked":["Heavy Blade","Anger"],"picked":"Shrug It Off","floor":4},{"not_picked":["Ghostly Armor","Clothesline"],"picked":"Inflame","floor":14}],"player_experience":2326795,"relics_obtained":[{"floor":9,"key":"Ancient Tea Set"},{"floor":13,"key":"Pantograph"},{"floor":14,"key":"Ice Cream"}],"event_choices":[{"cards_removed":["Second Wind"],"damage_healed":0,"gold_gain":0,"player_choice":"Gave Card","damage_taken":0,"relics_obtained":["Red Skull"],"max_hp_gain":0,"max_hp_loss":0,"event_name":"WeMeetAgain","floor":5,"gold_loss":0},{"damage_healed":0,"gold_gain":0,"player_choice":"Take Damage","damage_taken":26,"relics_obtained":["Golden Idol"],"max_hp_gain":0,"max_hp_loss":0,"event_name":"Golden Idol","floor":11,"gold_loss":0}],"is_beta":false,"boss_relics":[],"items_purged_floors":[7],"is_endless":false,"potions_floor_spawned":[1,4,14],"killed_by":"Slime Boss","ascension_level":20}