{"path_per_floor":["M","?","?","?","?","$","M","M","T","M","?","R","E","M","R"],"character_chosen":"THE_SILENT","items_purchased":["Well Laid Plans","Slice"],"gold_per_floor":[118,118,68,68,143,46,57,69,117,128,128,128,167,185,185],"floor_reached":16,"campfire_rested":1,"playtime":1160,"current_hp_per_floor":[70,63,63,63,52,52,47,45,45,27,27,48,36,32,32],"items_purged":[],"gold":185,"play_id":"1b2e9909-e89e-46cf-9c56-d1aaaebfdbd3","is_prod":false,"is_daily":false,"is_ascension_mode":false,"campfire_upgraded":1,"path_taken":["M","?","?","?","?","?","M","?","T","M","?","R","E","M","R","BOSS"],"build_version":"2018-01-25-PROD3","purchased_purges":0,"victory":false,"master_deck":["Defend_G","Defend_G","Defend_G","Defend_G","Strike_G","Strike_G","Strike_G","Strike_G","Survivor","Neutralize+1","Flying Knee","Regret","Well Laid Plans","Slice","Dagger Spray","Dagger Throw","Dagger Throw","Injury","All Out Attack","Acrobatics"],"max_hp_per_floor":[70,70,70,70,70,70,70,70,70,70,70,70,70,70,70],"relics":["Ring of the Snake","Gremlin Horn","Juzu Bracelet","Golden Idol","Orichalcum"],"card_choices":[{"not_picked":["Deflect","Dagger Spray"],"picked":"Flying Knee"},{"not_picked":["Escape Plan","Slice"],"picked":"Dagger Spray"},{"not_picked":["Dodge and Roll","Finisher"],"picked":"Dagger Throw"},{"not_picked":["Footwork","Finisher"],"picked":"Dagger Throw"},{"not_picked":["Backstab","Unload"],"picked":"All Out Attack"},{"not_picked":["Well Laid Plans","Dagger Spray"],"picked":"Acrobatics"}],"player_experience":5548,"potions_floor_usage":[13,16],"damage_taken":[{"damage":0,"enemies":"Small Slimes","floor":1,"turns":4},{"damage":5,"enemies":"Cultist","floor":7,"turns":4},{"damage":2,"enemies":"Jaw Worm","floor":8,"turns":5},{"damage":18,"enemies":"Exordium Thugs","floor":10,"turns":4},{"damage":12,"enemies":"Gremlin Nob","floor":13,"turns":4},{"damage":4,"enemies":"Looter","floor":14,"turns":3},{"damage":41,"enemies":"Slime Boss","floor":16,"turns":7}],"event_choices":[{"event_name":"Golden Wing","player_choice":"Card Removal","floor":2,"damage_taken":0},{"event_name":"The Cleric","player_choice":"Card Removal","floor":3,"damage_taken":0},{"event_name":"Big Fish","player_choice":"Box","floor":4,"damage_taken":0},{"event_name":"World of Goop","player_choice":"Gather Gold","floor":5,"damage_taken":0},{"event_name":"Golden Idol","player_choice":"Take Wound","floor":11,"damage_taken":0}],"boss_relics":[],"potions_floor_spawned":[10,14],"seed_played":"-4267943983752093601","killed_by":"Slime Boss","ascension_level":0,"is_trial":false}