{"gold_per_floor":[109,109,125,79,79,105,105,121,121,133,133,48,112,132,132,204,204,215,227,227,8,8],"floor_reached":22,"playtime":739,"items_purged":[],"score":397,"play_id":"8d22498d-c6b6-4180-98f8-e565aa08a63f","local_time":"20190328200538","is_ascension_mode":true,"campfire_choices":[{"floor":7.0,"key":"REST"},{"floor":11.0,"key":"REST"},{"data":"Creative AI","floor":15.0,"key":"SMITH"}],"neow_cost":"NONE","seed_source_timestamp":1230828011679091,"circlet_count":0,"master_deck":["AscendersBane","Strike_B","Strike_B","Strike_B","Strike_B","Defend_B","Defend_B","Defend_B","Zap","Dualcast","Streamline","Ball Lightning","Compile Driver","Steam","Creative AI+1","Rebound","Heatsinks","Capacitor","Biased Cognition","Sweeping Beam","Darkness","Capacitor","Cold Snap","Barrage","Chaos","Glacier"],"special_seed":0,"relics":["Cracked Core","NeowsBlessing","Matryoshka","Gambling Chip","Bottled Flame","Gremlin Horn","Orrery","Omamori"],"potions_floor_usage":[18,22],"damage_taken":[{"damage":0.0,"enemies":"Jaw Worm","floor":1.0,"turns":1.0},{"damage":0.0,"enemies":"2 Louse","floor":3.0,"turns":1.0},{"damage":0.0,"enemies":"Lagavulin","floor":6.0,"turns":1.0},{"damage":0.0,"enemies":"Cultist","floor":8.0,"turns":2.0},{"damage":10.0,"enemies":"Large Slime","floor":10.0,"turns":5.0},{"damage":0.0,"enemies":"2 Fungi Beasts","floor":14.0,"turns":3.0},{"damage":31,"enemies":"The Guardian","floor":16,"turns":10},{"damage":12,"enemies":"3 Byrds","floor":18,"turns":3},{"damage":27,"enemies":"Spheric Guardian","floor":19,"turns":4},{"damage":25,"enemies":"Centurion and Healer","floor":22,"turns":4}],"seed_played":"-6385787689555610029","potions_obtained":[{"floor":1.0,"key":"SneckoOil"},{"floor":10.0,"key":"LiquidBronze"},{"floor":19,"key":"SteroidPotion"}],"is_trial":false,"path_per_floor":["M","?","M","?","?","E","R","M","T","M","R","$","?","M","R","B",null,"M","M","?","$","M"],"character_chosen":"DEFECT","items_purchased":["Heatsinks","Omamori","SkillPotion"],"campfire_rested":2,"item_purchase_floors":[12,21,21],"current_hp_per_floor":[64,46,46,46,46,46,67,67,67,57,71,71,71,71,71,40,63,51,24,24,24,0],"gold":8,"neow_bonus":"THREE_ENEMY_KILL","is_prod":false,"is_daily":false,"chose_seed":false,"campfire_upgraded":1,"win_rate":0,"timestamp":1553796338,"path_taken":["M","?","M","?","?","E","R","?","T","M","R","$","?","M","R","BOSS","M","M","?","$","M"],"build_version":"2019-01-23","purchased_purges":0,"victory":false,"max_hp_per_floor":[71,71,71,71,71,71,71,71,71,71,71,71,71,71,71,71,71,71,71,71,71,71],"card_choices":[{"not_picked":["Auto Shields","Stack"],"picked":"Streamline","floor":1.0},{"not_picked":["Reprogram","Blizzard"],"picked":"Ball Lightning","floor":3.0},{"not_picked":["Go for the Eyes","Turbo"],"picked":"Steam","floor":6.0},{"not_picked":["Aggregate","Rebound"],"picked":"Creative AI","floor":8.0},{"not_picked":["Hologram","Recycle"],"picked":"Rebound","floor":10.0},{"not_picked":["Amplify","Ball Lightning"],"picked":"Capacitor","floor":14.0},{"not_picked":["Hyperbeam","Fission"],"picked":"Biased Cognition","floor":16},{"not_picked":["Reprogram","Gash"],"picked":"Sweeping Beam","floor":17},{"not_picked":["Barrage","Stack"],"picked":"Darkness","floor":17},{"not_picked":["Steam","FTL"],"picked":"Capacitor","floor":17},{"not_picked":["Steam","Doom and Gloom"],"picked":"Cold Snap","floor":17},{"not_picked":["Gash","Stack"],"picked":"Barrage","floor":17},{"not_picked":["Sweeping Beam","Lockon"],"picked":"Chaos","floor":18},{"not_picked":["Machine Learning","Beam Cell"],"picked":"Glacier","floor":19}],"player_experience":1143353,"relics_obtained":[{"floor":6.0,"key":"Gambling Chip"},{"floor":9.0,"key":"Bottled Flame"},{"floor":9.0,"key":"Gremlin Horn"}],"event_choices":[{"damage_healed":0.0,"max_hp_gain":0.0,"max_hp_loss":0.0,"gold_gain":0.0,"event_name":"Scrap Ooze","player_choice":"Success","floor":2.0,"gold_loss":0.0,"damage_taken":18.0,"relics_obtained":["Matryoshka"]},{"damage_healed":0.0,"max_hp_gain":0.0,"max_hp_loss":0.0,"gold_gain":0.0,"event_name":"World of Goop","player_choice":"Left Gold","floor":4.0,"gold_loss":46.0,"damage_taken":0.0},{"damage_healed":0.0,"max_hp_gain":0.0,"max_hp_loss":0.0,"gold_gain":0.0,"cards_transformed":["Defend_B"],"event_name":"Transmorgrifier","player_choice":"Transformed","floor":5.0,"gold_loss":0.0,"damage_taken":0.0,"cards_obtained":["Compile Driver"]},{"damage_healed":0.0,"max_hp_gain":0.0,"max_hp_loss":0.0,"gold_gain":64.0,"event_name":"Golden Wing","player_choice":"Gained Gold","floor":13.0,"gold_loss":0.0,"damage_taken":0.0},{"damage_healed":0,"gold_gain":0,"player_choice":"Ignored","damage_taken":0,"max_hp_gain":0,"max_hp_loss":0,"event_name":"Cursed Tome","floor":20,"gold_loss":0}],"is_beta":false,"boss_relics":[{"not_picked":["FrozenCore","Sozu"],"picked":"Orrery"}],"items_purged_floors":[],"is_endless":false,"potions_floor_spawned":[1,10,19],"killed_by":"Centurion and Healer","ascension_level":18}