{"gold_per_floor":[111,261,62,27,27,27,52,52,52,72,88,123,36,36,36,114,114],"floor_reached":17,"playtime":453,"items_purged":["Doubt"],"score":322,"play_id":"fafb0e7b-157f-4e09-a220-a26afcaed3c8","local_time":"20190405205641","is_ascension_mode":true,"campfire_choices":[{"data":"Rampage","floor":6.0,"key":"SMITH"},{"floor":8.0,"key":"REST"},{"floor":15,"key":"REST"}],"neow_cost":"NONE","seed_source_timestamp":640199930310700,"circlet_count":0,"master_deck":["AscendersBane","Strike_R","Strike_R","Strike_R+1","Defend_R","Defend_R","Defend_R","Defend_R","Bash","Shrug It Off","Rampage+1","Evolve+1","Second Wind","Dropkick","Reaper"],"special_seed":0,"relics":["Empty Cage","Potion Belt","Bottled Tornado","Ornamental Fan","Frozen Egg 2"],"potions_floor_usage":[16],"damage_taken":[{"damage":9.0,"enemies":"2 Louse","floor":1.0,"turns":3.0},{"damage":26.0,"enemies":"Lagavulin","floor":7.0,"turns":8.0},{"damage":8.0,"enemies":"Small Slimes","floor":10.0,"turns":4.0},{"damage":9.0,"enemies":"Jaw Worm","floor":11.0,"turns":5.0},{"damage":17.0,"enemies":"3 Sentries","floor":12.0,"turns":7.0},{"damage":20,"enemies":"Slime Boss","floor":16,"turns":9}],"seed_played":"-5607331482671754652","potions_obtained":[{"floor":7.0,"key":"PowerPotion"},{"floor":16,"key":"Poison Potion"}],"is_trial":false,"path_per_floor":["M","?","$","?","?","R","E","R","T","M","M","E","$","T","R","B",null],"character_chosen":"IRONCLAD","items_purchased":["Rampage","Evolve","Dropkick"],"campfire_rested":2,"item_purchase_floors":[3,3,13],"current_hp_per_floor":[59,59,59,75,52,52,26,48,48,40,31,14,14,14,36,16,16],"gold":114,"neow_bonus":"BOSS_RELIC","is_prod":false,"is_daily":false,"chose_seed":false,"campfire_upgraded":1,"win_rate":0,"timestamp":1554465401,"path_taken":["M","?","$","?","?","R","E","R","T","?","M","E","$","?","R","BOSS"],"build_version":"2019-01-23","purchased_purges":1,"victory":false,"max_hp_per_floor":[75,75,75,75,75,75,75,75,75,75,75,75,75,75,75,75,75],"card_choices":[{"not_picked":["Body Slam","Metallicize"],"picked":"Shrug It Off","floor":1.0},{"not_picked":["Twin Strike","Havoc","Sword Boomerang"],"picked":"SKIP","floor":7.0},{"not_picked":["Rupture","Bludgeon","Sword Boomerang"],"picked":"SKIP","floor":10.0},{"not_picked":["Clash","Clothesline"],"picked":"Second Wind","floor":11.0},{"not_picked":["Wild Strike","Clash","Clothesline"],"picked":"SKIP","floor":12.0},{"not_picked":["Juggernaut+1","Offering"],"picked":"Reaper","floor":16}],"player_experience":2899032,"relics_obtained":[{"floor":7.0,"key":"Potion Belt"},{"floor":9.0,"key":"Bottled Tornado"},{"floor":12.0,"key":"Ornamental Fan"},{"floor":14,"key":"Frozen Egg 2"}],"event_choices":[{"damage_healed":0.0,"max_hp_gain":0.0,"max_hp_loss":0.0,"gold_gain":150.0,"event_name":"Liars Game","player_choice":"AGREE","floor":2.0,"gold_loss":0.0,"damage_taken":0.0,"cards_obtained":["Doubt"]},{"damage_healed":18.0,"max_hp_gain":0.0,"max_hp_loss":0.0,"gold_gain":0.0,"event_name":"The Cleric","player_choice":"Healed","floor":4.0,"gold_loss":35.0,"damage_taken":0.0},{"damage_healed":0.0,"max_hp_gain":0.0,"max_hp_loss":0.0,"gold_gain":0.0,"event_name":"Shining Light","player_choice":"Entered Light","floor":5.0,"gold_loss":0.0,"damage_taken":23.0,"cards_upgraded":["Evolve","Strike_R"]}],"is_beta":false,"boss_relics":[],"items_purged_floors":[3],"is_endless":false,"potions_floor_spawned":[7,16],"ascension_level":20}