{"gold_per_floor":[113,188,188,200,200,230,230,255,255,280,280,48,80,90,90,163,163,174,174,91,101,129,155,155,182,182,182,211,231,231,146,146,221,221,238,238,32,42,42,42,70,70,121,139,165,265,184,184,184,184,184,184,184,54,82,82],"floor_reached":56,"playtime":1689,"items_purged":["Strike_R","Strike_R"],"score":2196,"play_id":"a7e86e13-b15f-427a-8872-4a7f398d1c73","local_time":"20190418190922","is_ascension_mode":true,"campfire_choices":[{"data":"Bash","floor":7.0,"key":"SMITH"},{"data":"Demon Form","floor":11.0,"key":"SMITH"},{"data":"Whirlwind","floor":15.0,"key":"SMITH"},{"data":"Sword Boomerang","floor":24.0,"key":"SMITH"},{"floor":27.0,"key":"REST"},{"data":"Shrug It Off","floor":30.0,"key":"SMITH"},{"floor":32.0,"key":"REST"},{"data":"Impervious","floor":40.0,"key":"SMITH"},{"floor":42.0,"key":"REST"},{"floor":49.0,"key":"RECALL"},{"floor":53.0,"key":"REST"}],"neow_cost":"NONE","seed_source_timestamp":225990512811100,"circlet_count":0,"master_deck":["AscendersBane","Strike_R+1","Strike_R","Defend_R","Defend_R","Defend_R","Bash+1","True Grit+1","Pommel Strike","Evolve","Demon Form+1","Whirlwind+1","Impervious+1","Shrug It Off+1","Sword Boomerang+1","Armaments+1","Juggernaut","Second Wind+1","Battle Trance","Feed","Finesse","Warcry+1","Shockwave+1","Madness+1","Body Slam"],"special_seed":0,"relics":["Burning Blood","NeowsBlessing","Champion Belt","Pen Nib","Mercury Hourglass","Odd Mushroom","PreservedInsect","Bottled Tornado","Sozu","Red Mask","Bronze Scales","Incense Burner","The Courier","Orichalcum","Omamori","Cursed Key","Bag of Preparation","Lantern","Toxic Egg 2","Ginger","Centennial Puzzle","Art of War"],"potions_floor_usage":[56],"damage_taken":[{"damage":0.0,"enemies":"Cultist","floor":1.0,"turns":1.0},{"damage":0.0,"enemies":"Small Slimes","floor":4.0,"turns":1.0},{"damage":0.0,"enemies":"3 Sentries","floor":6.0,"turns":2.0},{"damage":38.0,"enemies":"Lagavulin","floor":8.0,"turns":7.0},{"damage":2.0,"enemies":"The Mushroom Lair","floor":10.0,"turns":2.0},{"damage":6.0,"enemies":"Gremlin Nob","floor":13.0,"turns":3.0},{"damage":0.0,"enemies":"2 Louse","floor":14.0,"turns":2.0},{"damage":0.0,"enemies":"Slime Boss","floor":16.0,"turns":4.0},{"damage":13.0,"enemies":"2 Thieves","floor":18.0,"turns":4.0},{"damage":9.0,"enemies":"3 Byrds","floor":21.0,"turns":4.0},{"damage":3.0,"enemies":"Masked Bandits","floor":22.0,"turns":2.0},{"damage":34.0,"enemies":"Book of Stabbing","floor":23.0,"turns":4.0},{"damage":31.0,"enemies":"Slavers","floor":25.0,"turns":4.0},{"damage":0.0,"enemies":"Gremlin Leader","floor":28.0,"turns":3.0},{"damage":13.0,"enemies":"Sentry and Sphere","floor":29.0,"turns":5.0},{"damage":28.0,"enemies":"Collector","floor":33.0,"turns":7.0},{"damage":20.0,"enemies":"3 Darklings","floor":35.0,"turns":4.0},{"damage":0.0,"enemies":"3 Shapes","floor":38.0,"turns":5.0},{"damage":27.0,"enemies":"Reptomancer","floor":41.0,"turns":4.0},{"damage":4.0,"enemies":"Writhing Mass","floor":44.0,"turns":4.0},{"damage":0.0,"enemies":"Nemesis","floor":45.0,"turns":5.0},{"damage":1.0,"enemies":"Mind Bloom Boss Battle","floor":46.0,"turns":6.0},{"damage":45.0,"enemies":"Awakened One","floor":50.0,"turns":12.0},{"damage":18.0,"enemies":"Time Eater","floor":51.0,"turns":8.0},{"damage":27.0,"enemies":"Shield and Spear","floor":55.0,"turns":5.0},{"damage":65,"enemies":"The Heart","floor":56,"turns":5}],"seed_played":"-7672880777685600758","potions_obtained":[{"floor":4.0,"key":"FearPotion"},{"floor":6.0,"key":"Regen Potion"},{"floor":8.0,"key":"AttackPotion"}],"is_trial":false,"path_per_floor":["M","?","?","M","?","E","R","E","T","?","R","$","E","M","R","B",null,"M","?","$","M","?","E","R","E","T","R","E","M","R","?","R","B",null,"M","?","$","M","?","R","E","R","T","M","E","?","$","?","R","B","B",null,"R","$","E","B"],"character_chosen":"IRONCLAD","items_purchased":["PreservedInsect","Shrug It Off","Sword Boomerang","Bag of Preparation","Madness+1","Centennial Puzzle"],"campfire_rested":4,"item_purchase_floors":[12,20,20,37,47,54],"current_hp_per_floor":[74,63,63,69,46,52,52,35,35,39,39,39,39,45,45,51,69,62,62,62,59,62,34,34,9,9,31,37,30,30,30,52,30,64,50,40,40,49,49,49,31,55,55,57,66,71,71,71,71,32,20,68,84,84,63,0],"gold":82,"neow_bonus":"THREE_ENEMY_KILL","is_prod":false,"is_daily":false,"chose_seed":false,"campfire_upgraded":6,"win_rate":0,"timestamp":1555582162,"path_taken":["M","?","?","M","?","E","R","E","T","?","R","?","E","M","R","BOSS","M","?","$","M","?","E","R","E","T","R","E","M","R","?","R","BOSS","M","?","$","M","?","R","E","R","T","M","E","?","?","?","R","BOSS","BOSS","R","$","E","BOSS"],"build_version":"2019-01-23","purchased_purges":2,"victory":false,"max_hp_per_floor":[75,75,75,75,75,75,75,75,75,75,75,75,75,75,75,75,75,75,75,75,75,75,75,75,75,75,75,75,75,75,75,75,75,75,75,75,75,78,78,78,81,81,81,81,84,84,84,84,84,84,84,84,84,84,84,84],"card_choices":[{"not_picked":["Thunderclap","Anger"],"picked":"True Grit","floor":1.0},{"not_picked":["Thunderclap","Brutality","Warcry"],"picked":"SKIP","floor":4.0},{"not_picked":["Thunderclap","Clash"],"picked":"Pommel Strike","floor":6.0},{"not_picked":["Body Slam","Anger"],"picked":"Evolve","floor":8.0},{"not_picked":["Shrug It Off","Whirlwind"],"picked":"Demon Form","floor":10.0},{"not_picked":["Pommel Strike","Hemokinesis","Headbutt"],"picked":"SKIP","floor":13.0},{"not_picked":["Inflame","Heavy Blade"],"picked":"Whirlwind","floor":14.0},{"not_picked":["Dark Embrace","Limit Break"],"picked":"Impervious","floor":16.0},{"not_picked":["Body Slam","Twin Strike","Armaments"],"picked":"SKIP","floor":18.0},{"not_picked":["Intimidate","Bloodletting","Hemokinesis+1"],"picked":"SKIP","floor":21.0},{"not_picked":["Pommel Strike","Clash"],"picked":"Armaments+1","floor":22.0},{"not_picked":["Pommel Strike","Thunderclap"],"picked":"Juggernaut","floor":23.0},{"not_picked":["Demon Form","Brutality","Berserk"],"picked":"SKIP","floor":25.0},{"not_picked":["Pommel Strike","Rage"],"picked":"Second Wind+1","floor":28.0},{"not_picked":["Shrug It Off","Anger"],"picked":"Battle Trance","floor":29.0},{"not_picked":["Dark Embrace","Demon Form"],"picked":"Feed","floor":33.0},{"not_picked":["Pommel Strike","Second Wind","Warcry"],"picked":"SKIP","floor":35.0},{"not_picked":["Purity","Enlightenment"],"picked":"Finesse","floor":36.0},{"not_picked":["Armaments","Thunderclap","Sword Boomerang"],"picked":"SKIP","floor":38.0},{"not_picked":["Iron Wave","Clothesline+1","Perfected Strike"],"picked":"SKIP","floor":41.0},{"not_picked":["Fire Breathing+1","Anger+1","Corruption"],"picked":"SKIP","floor":44.0},{"not_picked":["Evolve","Battle Trance"],"picked":"Warcry","floor":45.0},{"not_picked":["Anger","Hemokinesis"],"picked":"Shockwave+1","floor":46.0},{"not_picked":["Warcry+1","Corruption"],"picked":"Body Slam","floor":55.0}],"player_experience":3212534,"relics_obtained":[{"floor":6.0,"key":"Champion Belt"},{"floor":8.0,"key":"Pen Nib"},{"floor":9.0,"key":"Mercury Hourglass"},{"floor":10.0,"key":"Odd Mushroom"},{"floor":13.0,"key":"Bottled Tornado"},{"floor":22.0,"key":"Red Mask"},{"floor":23.0,"key":"Bronze Scales"},{"floor":25.0,"key":"Incense Burner"},{"floor":26.0,"key":"The Courier"},{"floor":28.0,"key":"Orichalcum"},{"floor":41.0,"key":"Lantern"},{"floor":45.0,"key":"Toxic Egg 2"},{"floor":46.0,"key":"Ginger"},{"floor":55.0,"key":"Art of War"}],"event_choices":[{"damage_healed":0.0,"max_hp_gain":0.0,"max_hp_loss":0.0,"gold_gain":75.0,"event_name":"World of Goop","player_choice":"Gather Gold","floor":2.0,"gold_loss":0.0,"damage_taken":11.0},{"damage_healed":0.0,"max_hp_gain":0.0,"max_hp_loss":0.0,"gold_gain":0.0,"event_name":"Liars Game","player_choice":"Ignored","floor":3.0,"gold_loss":0.0,"damage_taken":0.0},{"damage_healed":0.0,"max_hp_gain":0.0,"max_hp_loss":0.0,"gold_gain":0.0,"event_name":"Shining Light","player_choice":"Entered Light","floor":5.0,"gold_loss":0.0,"damage_taken":23.0,"cards_upgraded":["Strike_R","True Grit"]},{"damage_healed":0.0,"max_hp_gain":0.0,"max_hp_loss":0.0,"gold_gain":0.0,"event_name":"Mushrooms","player_choice":"Fought Mushrooms","floor":10.0,"gold_loss":0.0,"damage_taken":0.0},{"cards_removed":["Strike_R"],"damage_healed":0.0,"max_hp_gain":0.0,"max_hp_loss":0.0,"gold_gain":0.0,"event_name":"Back to Basics","player_choice":"Elegance","floor":19.0,"gold_loss":0.0,"damage_taken":0.0},{"damage_healed":0.0,"max_hp_gain":0.0,"max_hp_loss":0.0,"gold_gain":0.0,"event_name":"Masked Bandits","player_choice":"Fought Bandits","floor":22.0,"gold_loss":0.0,"damage_taken":0.0},{"damage_healed":0.0,"max_hp_gain":0.0,"max_hp_loss":0.0,"gold_gain":0.0,"event_name":"Addict","player_choice":"Obtained Relic","floor":31.0,"gold_loss":85.0,"damage_taken":0.0,"relics_obtained":["Omamori"]},{"damage_healed":0.0,"max_hp_gain":0.0,"max_hp_loss":0.0,"gold_gain":0.0,"event_name":"SensoryStone","player_choice":"Memory 3","floor":36.0,"gold_loss":0.0,"damage_taken":10.0},{"cards_removed":["Defend_R"],"damage_healed":0.0,"max_hp_gain":0.0,"max_hp_loss":0.0,"gold_gain":0.0,"event_name":"Falling","player_choice":"Removed Skill","floor":39.0,"gold_loss":0.0,"damage_taken":0.0},{"damage_healed":0.0,"max_hp_gain":0.0,"max_hp_loss":0.0,"gold_gain":0.0,"event_name":"MindBloom","player_choice":"Fight","floor":46.0,"gold_loss":0.0,"damage_taken":0.0},{"damage_healed":0.0,"max_hp_gain":0.0,"max_hp_loss":0.0,"gold_gain":0.0,"event_name":"SecretPortal","player_choice":"Ignored","floor":48.0,"gold_loss":0.0,"damage_taken":0.0}],"is_beta":false,"boss_relics":[{"not_picked":["Mark of Pain","Eternal Feather"],"picked":"Sozu"},{"not_picked":["Busted Crown","Tiny House"],"picked":"Cursed Key"}],"items_purged_floors":[12,37],"is_endless":false,"potions_floor_spawned":[4,6,8,18,21,25,33,41,45],"killed_by":"The Heart","ascension_level":20}