{"path_per_floor":["M","?","M","?","M","R","?","E","T","M","R","E","M","M","R"],"character_chosen":"IRONCLAD","items_purchased":[],"gold_per_floor":[116,116,134,114,135,135,165,206,285,300,300,335,351,367,367],"floor_reached":16,"campfire_rested":2,"playtime":1479,"current_hp_per_floor":[75,55,54,54,60,60,42,15,15,8,34,19,19,23,49],"items_purged":[],"gold":367,"play_id":"7271ecfd-62f8-4c25-84b6-31d36c7c2cb8","is_prod":false,"is_daily":false,"is_ascension_mode":false,"campfire_upgraded":1,"path_taken":["M","?","?","?","?","R","?","E","T","M","R","E","M","M","R","BOSS"],"build_version":"2018-01-25-PROD3","purchased_purges":0,"victory":false,"master_deck":["Strike_R","Strike_R","Strike_R","Strike_R","Strike_R","Defend_R","Defend_R","Defend_R","Defend_R","Bash+1","Iron Wave","Combust","Perfected Strike","Iron Wave","Blood for Blood","Uppercut","Pommel Strike","Fire Breathing","Armaments"],"max_hp_per_floor":[80,80,80,80,80,80,80,87,87,87,87,87,87,87,87],"relics":["Burning Blood","Golden Idol","Odd Mushroom","Strawberry","Mercury Hourglass","Oddly Smooth Stone"],"card_choices":[{"not_picked":["Feel No Pain","Anger"],"picked":"Iron Wave"},{"not_picked":["Flex","Rage"],"picked":"Combust"},{"not_picked":["Headbutt","Iron Wave"],"picked":"Perfected Strike"},{"not_picked":["Infernal Blade","Sword Boomerang"],"picked":"Iron Wave"},{"not_picked":["Barricade","Feel No Pain"],"picked":"Blood for Blood"},{"not_picked":["Thunderclap","Searing Blow"],"picked":"Uppercut"},{"not_picked":["Headbutt","Second Wind"],"picked":"Pommel Strike"},{"not_picked":["Bludgeon","Thunderclap"],"picked":"Fire Breathing"},{"not_picked":["Battle Trance","Body Slam"],"picked":"Armaments"}],"player_experience":0,"potions_floor_usage":[16,16],"damage_taken":[{"damage":11,"enemies":"Blue Slaver","floor":1,"turns":4},{"damage":7,"enemies":"2 Louse","floor":3,"turns":2},{"damage":0,"enemies":"Cultist","floor":5,"turns":3},{"damage":24,"enemies":"The Mushroom Lair","floor":7,"turns":4},{"damage":40,"enemies":"Lagavulin","floor":8,"turns":6},{"damage":13,"enemies":"Gremlin Gang","floor":10,"turns":3},{"damage":21,"enemies":"3 Sentries","floor":12,"turns":4},{"damage":6,"enemies":"Lots of Slimes","floor":13,"turns":2},{"damage":2,"enemies":"Exordium Wildlife","floor":14,"turns":3},{"damage":54,"enemies":"The Guardian","floor":16,"turns":5}],"event_choices":[{"event_name":"Golden Idol","player_choice":"Take Damage","floor":2,"damage_taken":0},{"event_name":"The Woman in Blue","player_choice":"Bought 1 Potion","floor":4,"damage_taken":0},{"event_name":"Mushrooms","player_choice":"Fought Mushrooms","floor":7,"damage_taken":0}],"boss_relics":[],"potions_floor_spawned":[3,7,8,13,14],"seed_played":"-4859682856870398002","killed_by":"The Guardian","ascension_level":0,"is_trial":false}