{"gold_per_floor":[119,119,119,136,60,60,89,89,115,148,148,148,148,159,159,263,263,273,127,141,141,141,141],"floor_reached":23,"playtime":989,"items_purged":["Regret"],"score":302,"play_id":"db7dd99e-0aa2-45bd-828e-6f5bb0f15ec8","local_time":"20180902165806","is_ascension_mode":true,"campfire_choices":[{"floor":6,"key":"REST"},{"floor":8,"key":"REST"},{"floor":13,"key":"REST"},{"data":"Static Discharge","floor":15,"key":"SMITH"}],"neow_cost":"","seed_source_timestamp":1550279685558365,"circlet_count":0,"master_deck":["Strike_B","Strike_B","Strike_B","Strike_B","Defend_B","Defend_B","Defend_B+1","Defend_B+1","Zap","Dualcast","AscendersBane","White Noise+1","Glacier","Static Discharge+1","Buffer","Capacitor","Loop","Electrodynamics","Writhe","Regret","Capacitor","Capacitor","Heatsinks","Necronomicurse"],"relics":["Cracked Core","Centennial Puzzle","Regal Pillow","Juzu Bracelet","Pen Nib","Calling Bell","War Paint","Shuriken","Emotion Chip","Necronomicon"],"potions_floor_usage":[20,20,20,20,22],"damage_taken":[{"damage":4,"enemies":"Small Slimes","floor":1,"turns":4},{"damage":6,"enemies":"2 Louse","floor":4,"turns":3},{"damage":36,"enemies":"Lagavulin","floor":7,"turns":8},{"damage":23,"enemies":"Gremlin Nob","floor":10,"turns":5},{"damage":1,"enemies":"Cultist","floor":14,"turns":4},{"damage":13,"enemies":"The Guardian","floor":16,"turns":13},{"damage":2,"enemies":"3 Byrds","floor":18,"turns":1},{"damage":15,"enemies":"2 Thieves","floor":20,"turns":3},{"damage":23,"enemies":"Colosseum Slavers","floor":22,"turns":5},{"damage":22,"enemies":"Book of Stabbing","floor":23,"turns":2}],"seed_played":"-5689650096152224420","potions_obtained":[{"floor":4,"key":"Explosive Potion"},{"floor":10,"key":"EntropicBrew"},{"floor":20,"key":"Ancient Potion"}],"is_trial":false,"path_per_floor":["M","?","?","M","$","R","E","R","T","E","?","T","R","M","R","B",null,"M","$","M","?","?"],"character_chosen":"DEFECT","items_purchased":["Static Discharge","Capacitor"],"campfire_rested":3,"item_purchase_floors":[5,19],"current_hp_per_floor":[64,64,69,63,63,80,44,68,68,45,45,45,80,79,79,66,77,75,75,60,44,21,0],"gold":141,"neow_bonus":"","is_prod":false,"is_daily":false,"chose_seed":false,"campfire_upgraded":1,"win_rate":0,"timestamp":1535896686,"path_taken":["M","?","?","M","$","R","E","R","T","E","?","?","R","M","R","BOSS","M","$","M","?","?","E"],"build_version":"2018-08-30","purchased_purges":1,"victory":false,"max_hp_per_floor":[75,75,80,80,80,80,80,80,80,80,80,80,80,80,80,80,80,80,80,80,80,80,80],"card_choices":[{"not_picked":["Turbo","Doom and Gloom"],"picked":"White Noise","floor":1},{"not_picked":["Double Energy","Tempest"],"picked":"Glacier","floor":4},{"not_picked":["Ball Lightning","Rebound"],"picked":"Buffer","floor":7},{"not_picked":["Steam Power","Tempest"],"picked":"Capacitor","floor":10},{"not_picked":["Sweeping Beam","Barrage"],"picked":"Loop","floor":14},{"not_picked":["Machine Learning","Seek"],"picked":"Electrodynamics","floor":16},{"not_picked":["FTL","Cold Snap"],"picked":"Capacitor","floor":18},{"not_picked":["Turbo","Coolheaded+1"],"picked":"Heatsinks","floor":20}],"player_experience":672360,"relics_obtained":[{"floor":7,"key":"Centennial Puzzle"},{"floor":9,"key":"Regal Pillow"},{"floor":10,"key":"Juzu Bracelet"},{"floor":12,"key":"Pen Nib"},{"floor":17,"key":"War Paint"},{"floor":17,"key":"Shuriken"},{"floor":17,"key":"Emotion Chip"},{"floor":21,"key":"Necronomicon"}],"event_choices":[{"event_name":"Shining Light","player_choice":"Ignored","floor":2,"damage_taken":0},{"event_name":"Big Fish","player_choice":"Donut","floor":3,"damage_taken":0},{"event_name":"Upgrade Shrine","player_choice":"Upgraded","floor":11,"damage_taken":0},{"event_name":"Cursed Tome","player_choice":"Obtained Book","floor":21,"damage_taken":0},{"event_name":"Colosseum","player_choice":"Fight","floor":22,"damage_taken":0},{"event_name":"Colosseum","player_choice":"Fled From Nobs","floor":22,"damage_taken":0}],"is_beta":false,"boss_relics":[{"not_picked":["Velvet Choker","FrozenCore"],"picked":"Calling Bell"}],"items_purged_floors":[19],"is_endless":false,"potions_floor_spawned":[4,10,14,18,20],"killed_by":"Book of Stabbing","ascension_level":11}