{"gold_per_floor":[114,64,64,82,97,123,123,50,50,50,12,32,49,67,67,168,168,182,193,193,209,69,100,100,31,85,103,103,154,172,191,191,191],"floor_reached":33,"playtime":1892,"items_purged":[],"score":269,"play_id":"e37d0ef4-5be3-4b5b-bb01-6a34b753c77b","local_time":"20190101190819","is_ascension_mode":false,"campfire_choices":[{"floor":7,"key":"REST"},{"floor":10,"key":"REST"},{"data":"White Noise","floor":15,"key":"SMITH"},{"floor":24,"key":"REST"},{"data":"Storm","floor":32,"key":"SMITH"}],"neow_cost":"NONE","seed_source_timestamp":871085148724470,"circlet_count":0,"master_deck":["Strike_B","Strike_B+1","Strike_B","Defend_B","Defend_B","Defend_B","Defend_B","Zap","Dualcast","Cold Snap+1","FTL","Chill","Storm","Force Field","White Noise+1","BootSequence","Storm+1","Core Surge+1","Melter+1","Chill","Cold Snap+1","Force Field","Stack","Storm+1","Streamline+1","Steam+1","Loop","Doom and Gloom+1","Glacier","Capacitor","Melter+1","Double Energy+1"],"relics":["Cracked Core","Omamori","Ornamental Fan","Turnip","Molten Egg 2","Orrery","Whetstone","DataDisk","Vajra"],"potions_floor_usage":[6,14,19,23,30,30,33],"damage_taken":[{"damage":0,"enemies":"2 Louse","floor":1,"turns":2},{"damage":4,"enemies":"Jaw Worm","floor":4,"turns":4},{"damage":0,"enemies":"Cultist","floor":5,"turns":3},{"damage":32,"enemies":"Gremlin Nob","floor":6,"turns":5},{"damage":5,"enemies":"Blue Slaver","floor":12,"turns":3},{"damage":0,"enemies":"Exordium Thugs","floor":13,"turns":4},{"damage":0,"enemies":"Lots of Slimes","floor":14,"turns":3},{"damage":66,"enemies":"Slime Boss","floor":16,"turns":18},{"damage":0,"enemies":"Chosen","floor":18,"turns":5},{"damage":0,"enemies":"Shell Parasite","floor":19,"turns":4},{"damage":14,"enemies":"Snake Plant","floor":21,"turns":4},{"damage":2,"enemies":"Book of Stabbing","floor":23,"turns":4},{"damage":10,"enemies":"Centurion and Healer","floor":27,"turns":6},{"damage":0,"enemies":"3 Cultists","floor":30,"turns":4},{"damage":4,"enemies":"Shelled Parasite and Fungi","floor":31,"turns":5},{"damage":67,"enemies":"Automaton","floor":33,"turns":10}],"seed_played":"-1807208745383229080","potions_obtained":[{"floor":4,"key":"LiquidBronze"},{"floor":5,"key":"Strength Potion"},{"floor":13,"key":"SteroidPotion"},{"floor":16,"key":"Swift Potion"},{"floor":21,"key":"Explosive Potion"},{"floor":27,"key":"Swift Potion"},{"floor":31,"key":"Weak Potion"}],"is_trial":false,"path_per_floor":["M","?","?","M","M","E","R","$","T","R","$","M","M","M","R","B",null,"M","M","$","M","$","E","R","$","T","M","?","T","M","M","R","B"],"character_chosen":"DEFECT","items_purchased":["Storm","Force Field","Loop","Doom and Gloom+1","Capacitor"],"campfire_rested":3,"item_purchase_floors":[8,11,22,22,25],"current_hp_per_floor":[75,75,68,64,64,32,54,54,54,75,75,70,70,70,70,4,75,75,75,75,61,61,59,75,75,75,65,65,65,65,61,61,0],"gold":191,"neow_bonus":"RANDOM_COMMON_RELIC","is_prod":false,"is_daily":false,"chose_seed":false,"campfire_upgraded":2,"win_rate":0,"timestamp":1546362499,"path_taken":["M","?","?","?","M","E","R","$","T","R","?","M","M","M","R","BOSS","M","M","$","M","$","E","R","$","T","M","?","?","?","M","R","BOSS"],"build_version":"2018-12-20","purchased_purges":0,"victory":false,"max_hp_per_floor":[75,75,75,75,75,75,75,75,75,75,75,75,75,75,75,75,75,75,75,75,75,75,75,75,75,75,75,75,75,75,75,75,75],"card_choices":[{"not_picked":["Rebound","Stack"],"picked":"Cold Snap","floor":1},{"not_picked":["Compile Driver","Hologram"],"picked":"FTL","floor":4},{"not_picked":["Undo","Go for the Eyes"],"picked":"Chill","floor":5},{"not_picked":["Recycle","Hologram","Scrape"],"picked":"SKIP","floor":6},{"not_picked":["Coolheaded","Rebound+1"],"picked":"White Noise","floor":12},{"not_picked":["Scrape+1","Reinforced Body"],"picked":"BootSequence","floor":13},{"not_picked":["Force Field","Redo"],"picked":"Storm","floor":14},{"not_picked":["Thunder Strike+1","All For One+1"],"picked":"Core Surge+1","floor":16},{"not_picked":["Conserve Battery","Ball Lightning+1"],"picked":"Melter+1","floor":17},{"not_picked":["Rebound+1","Hologram"],"picked":"Chill","floor":17},{"not_picked":["Chill","Barrage+1"],"picked":"Cold Snap+1","floor":17},{"not_picked":["Chill","Tempest"],"picked":"Force Field","floor":17},{"not_picked":["Beam Cell+1","Compile Driver+1"],"picked":"Stack","floor":17},{"not_picked":["Beam Cell+1","Capacitor"],"picked":"Storm+1","floor":18},{"not_picked":["BootSequence","Conserve Battery"],"picked":"Streamline+1","floor":19},{"not_picked":["Meteor Strike+1","Hologram"],"picked":"Steam+1","floor":21},{"not_picked":["Cold Snap+1","Hologram"],"picked":"Glacier","floor":23},{"not_picked":["Scrape+1","Genetic Algorithm","Coolheaded"],"picked":"SKIP","floor":27},{"not_picked":["Leap+1","Steam Power"],"picked":"Melter+1","floor":30},{"not_picked":["Scrape+1","Beam Cell+1"],"picked":"Double Energy+1","floor":31}],"player_experience":884515,"relics_obtained":[{"floor":6,"key":"Turnip"},{"floor":9,"key":"Molten Egg 2"},{"floor":23,"key":"Whetstone"},{"floor":26,"key":"DataDisk"}],"event_choices":[{"cards_removed":["Strike_B"],"damage_healed":0,"gold_gain":0,"player_choice":"Card Removal","damage_taken":0,"max_hp_gain":0,"max_hp_loss":0,"event_name":"The Cleric","floor":2,"gold_loss":50},{"damage_healed":0,"gold_gain":0,"player_choice":"Success","damage_taken":7,"relics_obtained":["Ornamental Fan"],"max_hp_gain":0,"max_hp_loss":0,"event_name":"Scrap Ooze","floor":3,"gold_loss":0},{"damage_healed":0,"gold_gain":0,"player_choice":"Opened","damage_taken":0,"relics_obtained":["Vajra"],"max_hp_gain":0,"max_hp_loss":0,"event_name":"The Mausoleum","floor":28,"gold_loss":0}],"is_beta":false,"boss_relics":[{"not_picked":["Coffee Dripper","Pandora\u0027s Box"],"picked":"Orrery"}],"items_purged_floors":[],"is_endless":false,"potions_floor_spawned":[4,5,13,16,21,27,31],"killed_by":"Automaton","ascension_level":0}