{"gold_per_floor":[119,119,119,119,119,154,154,184,211,238,251,265,326,326],"floor_reached":14,"playtime":317,"items_purged":[],"score":312,"play_id":"156a5092-ad28-40ba-a4a0-ac3cf57ed35c","local_time":"20190328181914","is_ascension_mode":true,"campfire_choices":[{"data":"Bash","floor":7,"key":"SMITH"}],"neow_cost":"NONE","seed_source_timestamp":880924930900,"circlet_count":0,"master_deck":["AscendersBane","Strike_R+1","Strike_R","Strike_R","Strike_R","Strike_R","Defend_R+1","Defend_R","Defend_R+1","Defend_R+1","Bash+1","Battle Trance","Evolve","Shockwave","Battle Trance"],"relics":["Burning Blood","NeowsBlessing","Darkstone Periapt","Pen Nib","Matryoshka","War Paint","Pear","Pantograph"],"potions_floor_usage":[],"damage_taken":[{"damage":0,"enemies":"Jaw Worm","floor":1,"turns":1},{"damage":0,"enemies":"Lagavulin","floor":6,"turns":1},{"damage":0,"enemies":"Gremlin Nob","floor":8,"turns":1},{"damage":44,"enemies":"Lagavulin","floor":10,"turns":7},{"damage":0,"enemies":"Cultist","floor":11,"turns":4},{"damage":0,"enemies":"2 Louse","floor":12,"turns":3},{"damage":30,"enemies":"3 Sentries","floor":13,"turns":10},{"damage":0,"enemies":"Gremlin Nob","floor":14,"turns":1}],"seed_played":"-1475421278126491229","potions_obtained":[{"floor":1,"key":"Energy Potion"},{"floor":8,"key":"FearPotion"}],"is_trial":false,"path_per_floor":["M","?","$","$","?","E","R","E","T","E","M","M","?","E"],"character_chosen":"IRONCLAD","items_purchased":[],"campfire_rested":0,"item_purchase_floors":[],"current_hp_per_floor":[74,74,74,74,51,57,57,63,63,35,41,47,23,23],"gold":326,"neow_bonus":"THREE_ENEMY_KILL","is_prod":false,"is_daily":false,"chose_seed":false,"campfire_upgraded":1,"win_rate":0,"timestamp":1553764754,"path_taken":["M","?","?","$","?","E","R","E","T","E","M","M","?","E"],"build_version":"2019-01-23","purchased_purges":0,"victory":false,"max_hp_per_floor":[75,75,75,75,75,75,75,75,75,85,85,85,85,85],"card_choices":[{"not_picked":["True Grit","Infernal Blade"],"picked":"Battle Trance","floor":1},{"not_picked":["Flex","Perfected Strike","Sever Soul"],"picked":"SKIP","floor":6},{"not_picked":["Burning Pact","Uppercut","Infernal Blade"],"picked":"SKIP","floor":8},{"not_picked":["Wild Strike","Clash"],"picked":"Evolve","floor":10},{"not_picked":["Ghostly Armor","Headbutt"],"picked":"Shockwave","floor":11},{"not_picked":["Clash","Heavy Blade"],"picked":"Battle Trance","floor":12}],"player_experience":2679694,"relics_obtained":[{"floor":6,"key":"Pen Nib"},{"floor":8,"key":"Matryoshka"},{"floor":9,"key":"War Paint"},{"floor":10,"key":"Pear"},{"floor":13,"key":"Pantograph"}],"event_choices":[{"damage_healed":0,"gold_gain":0,"player_choice":"Gave Potion","damage_taken":0,"relics_obtained":["Darkstone Periapt"],"max_hp_gain":0,"max_hp_loss":0,"event_name":"WeMeetAgain","floor":2,"gold_loss":0},{"damage_healed":0,"gold_gain":0,"player_choice":"Entered Light","damage_taken":23,"max_hp_gain":0,"max_hp_loss":0,"event_name":"Shining Light","floor":5,"gold_loss":0,"cards_upgraded":["Strike_R","Defend_R"]},{"damage_healed":0,"gold_gain":0,"player_choice":"Searched \u00271\u0027 times","damage_taken":0,"max_hp_gain":0,"max_hp_loss":0,"event_name":"Dead Adventurer","floor":13,"gold_loss":0}],"is_beta":false,"boss_relics":[],"items_purged_floors":[],"is_endless":false,"potions_floor_spawned":[1,8],"killed_by":"Gremlin Nob","ascension_level":20}