{"gold_per_floor":[359,359,376,41,116,116,146,146,146,160,1,26,36,53,53,125,125,145,145,162,7,7],"floor_reached":22,"playtime":812,"items_purged":["Defend_B","Parasite"],"score":388,"play_id":"db4cfe53-1228-449c-84ee-e0fd12f493e3","local_time":"20190309184629","is_ascension_mode":true,"campfire_choices":[{"data":"Defragment","floor":6,"key":"SMITH"},{"floor":15,"key":"REST"}],"neow_cost":"PERCENT_DAMAGE","seed_source_timestamp":30328703237200,"circlet_count":0,"master_deck":["AscendersBane","Strike_B","Strike_B","Strike_B","Defend_B","Defend_B","Defend_B","Zap","Dualcast","Gash","Defragment+1","Ball Lightning","Gash","Reinforced Body","Chill","Loop","Sunder","Glacier","Creative AI","Core Surge","Defragment+1","Cold Snap"],"relics":["Cracked Core","Orichalcum","Blood Vial","Regal Pillow","Inserter"],"potions_floor_usage":[12,18,22],"damage_taken":[{"damage":2,"enemies":"Small Slimes","floor":1,"turns":4},{"damage":0,"enemies":"Cultist","floor":3,"turns":3},{"damage":24,"enemies":"Lagavulin","floor":7,"turns":5},{"damage":3,"enemies":"Jaw Worm","floor":10,"turns":3},{"damage":2,"enemies":"3 Sentries","floor":12,"turns":12},{"damage":1,"enemies":"Looter","floor":13,"turns":3},{"damage":8,"enemies":"Red Slaver","floor":14,"turns":3},{"damage":28,"enemies":"The Guardian","floor":16,"turns":11},{"damage":13,"enemies":"Shell Parasite","floor":18,"turns":8},{"damage":40,"enemies":"2 Thieves","floor":20,"turns":5},{"damage":0,"enemies":"Colosseum Slavers","floor":22,"turns":1}],"seed_played":"3359140140926650050","potions_obtained":[{"floor":3,"key":"Ancient Potion"},{"floor":7,"key":"AttackPotion"},{"floor":16,"key":"Ancient Potion"},{"floor":18,"key":"Weak Potion"}],"is_trial":false,"path_per_floor":["M","?","M","$","?","R","E","?","T","M","$","E","M","M","R","B",null,"M","?","M","$","?"],"character_chosen":"DEFECT","items_purchased":["Defragment","Orichalcum","Ball Lightning","Chill","Loop","PowerPotion"],"campfire_rested":1,"item_purchase_floors":[4,4,4,11,11,21],"current_hp_per_floor":[44,44,44,44,33,33,9,26,26,25,25,25,26,20,56,30,61,50,50,12,12,14],"gold":7,"neow_bonus":"TWO_FIFTY_GOLD","is_prod":false,"is_daily":false,"chose_seed":false,"campfire_upgraded":1,"win_rate":0,"timestamp":1552124789,"path_taken":["M","?","?","$","?","R","E","?","T","M","$","E","M","M","R","BOSS","M","?","?","$","?"],"build_version":"2019-01-23","purchased_purges":2,"victory":false,"max_hp_per_floor":[71,71,71,71,71,71,71,71,71,71,71,71,71,71,71,71,71,71,71,71,68,68],"card_choices":[{"not_picked":["Hologram","Undo"],"picked":"Gash","floor":1},{"not_picked":["Sweeping Beam","Amplify","Doom and Gloom"],"picked":"SKIP","floor":3},{"not_picked":["Turbo","Compile Driver"],"picked":"Gash","floor":7},{"not_picked":["Barrage","Streamline"],"picked":"Reinforced Body","floor":10},{"not_picked":["Sunder","Turbo","Sweeping Beam"],"picked":"SKIP","floor":12},{"not_picked":["Turbo","Sweeping Beam"],"picked":"Sunder","floor":12},{"not_picked":["Loop","Consume"],"picked":"Glacier","floor":13},{"not_picked":["Darkness","Rebound"],"picked":"Creative AI","floor":14},{"not_picked":["Multi-Cast","Hyperbeam"],"picked":"Core Surge","floor":16},{"not_picked":["Go for the Eyes","Streamline","Steam"],"picked":"SKIP","floor":18},{"not_picked":["Coolheaded","Tempest"],"picked":"Cold Snap","floor":20}],"player_experience":2103666,"relics_obtained":[{"floor":7,"key":"Blood Vial"},{"floor":12,"key":"Regal Pillow"}],"event_choices":[{"cards_removed":["Strike_B"],"damage_healed":0,"gold_gain":0,"player_choice":"Offered Basic","damage_taken":0,"max_hp_gain":0,"max_hp_loss":0,"event_name":"Bonfire Elementals","floor":2,"gold_loss":0},{"damage_healed":0,"gold_gain":75,"player_choice":"Gather Gold","damage_taken":11,"max_hp_gain":0,"max_hp_loss":0,"event_name":"World of Goop","floor":5,"gold_loss":0},{"damage_healed":17,"gold_gain":0,"player_choice":"Healed and dodged fight","damage_taken":0,"max_hp_gain":0,"max_hp_loss":0,"event_name":"Mushrooms","floor":8,"gold_loss":0,"cards_obtained":["Parasite"]},{"damage_healed":0,"gold_gain":0,"player_choice":"Copied","damage_taken":0,"max_hp_gain":0,"max_hp_loss":0,"event_name":"Duplicator","floor":19,"gold_loss":0,"cards_obtained":["Defragment"]},{"damage_healed":0,"gold_gain":0,"player_choice":"Fight","damage_taken":0,"max_hp_gain":0,"max_hp_loss":0,"event_name":"Colosseum","floor":22,"gold_loss":0}],"is_beta":false,"boss_relics":[{"not_picked":["Runic Pyramid","Black Star"],"picked":"Inserter"}],"items_purged_floors":[4,21],"is_endless":false,"potions_floor_spawned":[3,7,16,18],"killed_by":"Colosseum Slavers","ascension_level":20}