{"gold_per_floor":[217,237,162,162,27,52,65,91,91,104,179,179,198,229,229,326,326,344,357,357,357,357,357,384,395,395,421,421,421,471,490,490,591,591,603,616,284,284,303,303,334,352,376,61,61,91,104,122,122,122,122,122,27,57,57],"floor_reached":55,"playtime":4161,"items_purged":["Strike_G","Writhe","Parasite","Clumsy"],"score":1017,"play_id":"b1ea237a-16f9-4843-a485-910a9be494db","local_time":"20190309113814","is_ascension_mode":true,"campfire_choices":[{"floor":12.0,"key":"REST"},{"data":"Noxious Fumes","floor":15.0,"key":"SMITH"},{"data":"Footwork","floor":23.0,"key":"SMITH"},{"data":"A Thousand Cuts","floor":28.0,"key":"SMITH"},{"data":"Cloak And Dagger","floor":32.0,"key":"SMITH"},{"data":"Burst","floor":40.0,"key":"SMITH"},{"data":"Neutralize","floor":45.0,"key":"SMITH"},{"floor":49.0,"key":"RECALL"},{"data":"Deadly Poison","floor":52,"key":"SMITH"}],"neow_cost":"NONE","seed_source_timestamp":0,"circlet_count":0,"master_deck":["Defend_G+1","Defend_G+1","Defend_G+1","Defend_G+1","Defend_G+1","Strike_G+1","Strike_G+1","Survivor","Neutralize+1","Poisoned Stab","Footwork+1","PiercingWail","Flying Knee","Deadly Poison+1","Noxious Fumes+1","Adrenaline","Cloak And Dagger+1","A Thousand Cuts+1","Burst+1","Dagger Spray+1","Calculated Gamble+1","Infinite Blades","Adrenaline","Backflip+1","Dramatic Entrance","Backflip+1","PiercingWail+1","PiercingWail","Cloak And Dagger+1","PiercingWail+1","Deadly Poison+1","Backflip","Accuracy+1","Wraith Form v2+1"],"special_seed":0,"relics":["Ring of the Snake","Mango","Bird Faced Urn","Turnip","Anchor","Sozu","MutagenicStrength","Smiling Mask","Boot","Blue Candle","Dodecahedron","Cursed Key","Sling","Frozen Egg 2","Membership Card","Oddly Smooth Stone","Letter Opener","Paper Crane"],"potions_floor_usage":[],"damage_taken":[{"damage":1.0,"enemies":"Small Slimes","floor":1.0,"turns":5.0},{"damage":0.0,"enemies":"2 Louse","floor":2.0,"turns":4.0},{"damage":25.0,"enemies":"Gremlin Nob","floor":6.0,"turns":5.0},{"damage":0.0,"enemies":"Cultist","floor":7.0,"turns":4.0},{"damage":9.0,"enemies":"Lagavulin","floor":8.0,"turns":6.0},{"damage":14.0,"enemies":"Lots of Slimes","floor":10.0,"turns":5.0},{"damage":1.0,"enemies":"2 Fungi Beasts","floor":13.0,"turns":3.0},{"damage":29.0,"enemies":"3 Sentries","floor":14.0,"turns":8.0},{"damage":20.0,"enemies":"The Guardian","floor":16.0,"turns":9.0},{"damage":4.0,"enemies":"Spheric Guardian","floor":18.0,"turns":4.0},{"damage":12.0,"enemies":"2 Thieves","floor":19.0,"turns":4.0},{"damage":34.0,"enemies":"Book of Stabbing","floor":24.0,"turns":7.0},{"damage":1.0,"enemies":"3 Cultists","floor":25.0,"turns":4.0},{"damage":7.0,"enemies":"Slavers","floor":27.0,"turns":4.0},{"damage":1.0,"enemies":"Centurion and Healer","floor":31.0,"turns":4.0},{"damage":47.0,"enemies":"Collector","floor":33.0,"turns":9.0},{"damage":0.0,"enemies":"3 Shapes","floor":35.0,"turns":1.0},{"damage":0.0,"enemies":"3 Darklings","floor":36.0,"turns":4.0},{"damage":4.0,"enemies":"Transient","floor":39.0,"turns":5.0},{"damage":0.0,"enemies":"Nemesis","floor":41.0,"turns":6.0},{"damage":0.0,"enemies":"Writhing Mass","floor":42.0,"turns":6.0},{"damage":0.0,"enemies":"Reptomancer","floor":46.0,"turns":6.0},{"damage":0.0,"enemies":"Maw","floor":47.0,"turns":5.0},{"damage":0.0,"enemies":"3 Darklings","floor":48.0,"turns":2.0},{"damage":75.0,"enemies":"Time Eater","floor":50.0,"turns":14.0},{"damage":39,"enemies":"Shield and Spear","floor":54,"turns":5},{"damage":71,"enemies":"The Heart","floor":55,"turns":5}],"seed_played":"-9157892600507574753","potions_obtained":[{"floor":1.0,"key":"Block Potion"},{"floor":6.0,"key":"Regen Potion"},{"floor":7.0,"key":"Dexterity Potion"}],"is_trial":false,"path_per_floor":["M","M","$","?","$","E","M","E","T","M","?","R","M","E","R","B",null,"M","M","?","?","?","R","E","M","T","E","R","?","?","M","R","B",null,"M","M","$","?","M","R","E","M","T","$","R","E","M","M","R","B",null,"R","$","E","B"],"character_chosen":"THE_SILENT","items_purchased":["Footwork","PiercingWail","Flying Knee","Dramatic Entrance","Sling","Membership Card","Oddly Smooth Stone","Backflip","Accuracy+1"],"campfire_rested":1,"item_purchase_floors":[5,5,5,37,37,44,44,53,53],"current_hp_per_floor":[69,69,69,62,62,51,51,42,42,32,21,46,49,39,39,25,84,80,74,74,58,58,58,30,35,35,34,34,34,34,41,41,2,89,89,89,89,89,85,85,89,89,89,86,86,86,86,86,86,13,86,86,86,53,0],"gold":57,"neow_bonus":"HUNDRED_GOLD","is_prod":false,"is_daily":false,"chose_seed":false,"campfire_upgraded":7,"win_rate":0,"timestamp":1552149494,"path_taken":["M","M","$","?","$","E","M","E","T","M","?","R","M","E","R","BOSS","M","M","?","?","?","R","E","M","T","E","R","?","?","M","R","BOSS","M","M","$","?","M","R","E","M","T","$","R","E","M","M","R","BOSS","R","$","E","BOSS"],"build_version":"2019-01-23","purchased_purges":4,"victory":false,"max_hp_per_floor":[70,70,70,70,70,84,84,84,84,84,84,84,84,84,84,84,84,84,84,84,89,89,89,89,89,89,89,89,89,89,89,89,89,89,89,89,89,89,89,89,89,89,89,86,86,86,86,86,86,86,86,86,86,86,86],"card_choices":[{"not_picked":["Deflect","Slice"],"picked":"Poisoned Stab","floor":1.0},{"not_picked":["Prepared","Outmaneuver","Expertise"],"picked":"SKIP","floor":2.0},{"not_picked":["Flying Knee","Cloak And Dagger"],"picked":"Deadly Poison","floor":6.0},{"not_picked":["Acrobatics","Prepared"],"picked":"Noxious Fumes","floor":7.0},{"not_picked":["Slice","Concentrate","Accuracy"],"picked":"SKIP","floor":8.0},{"not_picked":["Deadly Poison","Quick Slash"],"picked":"Adrenaline","floor":10.0},{"not_picked":["Bane","Dodge and Roll"],"picked":"Cloak And Dagger","floor":13.0},{"not_picked":["Infinite Blades","Tools of the Trade"],"picked":"A Thousand Cuts","floor":14.0},{"not_picked":["A Thousand Cuts","Corpse Explosion"],"picked":"Burst","floor":16.0},{"not_picked":["Setup","Slice","Poisoned Stab"],"picked":"SKIP","floor":18.0},{"not_picked":["Choke","Poisoned Stab"],"picked":"Dagger Spray+1","floor":19.0},{"not_picked":["Acrobatics","All Out Attack"],"picked":"Calculated Gamble+1","floor":24.0},{"not_picked":["Acrobatics","Setup","Flying Knee"],"picked":"SKIP","floor":25.0},{"not_picked":["Unload","Choke"],"picked":"Infinite Blades","floor":27.0},{"not_picked":["Sucker Punch","Bane","Deflect"],"picked":"SKIP","floor":31.0},{"not_picked":["Envenom","Glass Knife"],"picked":"Adrenaline","floor":33.0},{"not_picked":["Terror","Flying Knee+1"],"picked":"Backflip+1","floor":35.0},{"not_picked":["Endless Agony+1","Sucker Punch","Slice"],"picked":"SKIP","floor":36.0},{"not_picked":["PiercingWail","Dagger Throw"],"picked":"Backflip+1","floor":39.0},{"not_picked":["Bullet Time","Slice+1"],"picked":"PiercingWail+1","floor":41.0},{"not_picked":["Deflect","Dodge and Roll+1"],"picked":"PiercingWail","floor":42.0},{"not_picked":["Reflex+1","Venomology"],"picked":"Cloak And Dagger+1","floor":46.0},{"not_picked":["Slice","Quick Slash"],"picked":"PiercingWail+1","floor":47.0},{"not_picked":["Sucker Punch","Underhanded Strike"],"picked":"Deadly Poison+1","floor":48.0},{"not_picked":["Underhanded Strike+1","Prepared+1"],"picked":"Wraith Form v2+1","floor":54}],"player_experience":209330,"relics_obtained":[{"floor":6.0,"key":"Mango"},{"floor":8.0,"key":"Bird Faced Urn"},{"floor":9.0,"key":"Turnip"},{"floor":14.0,"key":"Anchor"},{"floor":24.0,"key":"Boot"},{"floor":26.0,"key":"Blue Candle"},{"floor":27.0,"key":"Dodecahedron"},{"floor":41.0,"key":"Frozen Egg 2"},{"floor":46.0,"key":"Letter Opener"},{"floor":54,"key":"Paper Crane"}],"event_choices":[{"cards_removed":["Strike_G"],"damage_healed":0.0,"max_hp_gain":0.0,"max_hp_loss":0.0,"gold_gain":0.0,"event_name":"Golden Wing","player_choice":"Card Removal","floor":4.0,"gold_loss":0.0,"damage_taken":7.0},{"damage_healed":0.0,"max_hp_gain":0.0,"max_hp_loss":0.0,"gold_gain":75.0,"event_name":"World of Goop","player_choice":"Gather Gold","floor":11.0,"gold_loss":0.0,"damage_taken":11.0},{"damage_healed":0.0,"max_hp_gain":0.0,"max_hp_loss":0.0,"gold_gain":0.0,"event_name":"Drug Dealer","player_choice":"Inject Mutagens","floor":20.0,"gold_loss":0.0,"damage_taken":0.0,"relics_obtained":["MutagenicStrength"]},{"damage_healed":0.0,"max_hp_gain":5.0,"max_hp_loss":0.0,"gold_gain":0.0,"event_name":"Forgotten Altar","player_choice":"Shed Blood","floor":21.0,"gold_loss":0.0,"damage_taken":21.0},{"damage_healed":0.0,"max_hp_gain":0.0,"max_hp_loss":0.0,"gold_gain":0.0,"event_name":"The Mausoleum","player_choice":"Opened","floor":22.0,"gold_loss":0.0,"damage_taken":0.0,"relics_obtained":["Smiling Mask"],"cards_obtained":["Writhe"]},{"damage_healed":0.0,"max_hp_gain":0.0,"max_hp_loss":0.0,"gold_gain":0.0,"event_name":"Back to Basics","player_choice":"Simplicity","floor":29.0,"gold_loss":0.0,"damage_taken":0.0,"cards_upgraded":["Defend_G","Defend_G","Defend_G","Defend_G","Defend_G","Strike_G","Strike_G","Strike_G"]},{"damage_healed":0.0,"max_hp_gain":0.0,"max_hp_loss":0.0,"gold_gain":100.0,"event_name":"The Joust","player_choice":"Bet on Murderer","floor":30.0,"gold_loss":50.0,"damage_taken":0.0},{"cards_removed":["Strike_G"],"damage_healed":0.0,"max_hp_gain":0.0,"max_hp_loss":0.0,"gold_gain":0.0,"event_name":"Purifier","player_choice":"Purged","floor":38.0,"gold_loss":0.0,"damage_taken":0.0}],"is_beta":false,"boss_relics":[{"not_picked":["Runic Pyramid","White Beast Statue"],"picked":"Sozu"},{"not_picked":["Philosopher\u0027s Stone","Astrolabe"],"picked":"Cursed Key"}],"items_purged_floors":[3,37,44,53],"is_endless":false,"potions_floor_spawned":[1,6,7,27,31,36,41,46,48,54],"killed_by":"The Heart","ascension_level":4}