{"gold_per_floor":[118,193,212,212,222,235,251,8,33,33,49,14,14,28,28,28],"floor_reached":16,"playtime":198,"items_purged":[],"score":94,"play_id":"d06209f2-32f7-4d69-9df7-c467420a5ab9","local_time":"20190301115616","is_ascension_mode":false,"campfire_choices":[{"data":"Second Wind","floor":15,"key":"SMITH"}],"neow_cost":"NONE","seed_source_timestamp":1623887614200,"circlet_count":0,"master_deck":["Strike_R","Strike_R","Strike_R","Strike_R","Defend_R","Defend_R","Defend_R","Defend_R","Bash","Battle Trance","Entrench","Second Wind+1","Evolve","Entrench","Parasite"],"relics":["Burning Blood","NeowsBlessing","Meat on the Bone","Centennial Puzzle"],"potions_floor_usage":[7,14],"damage_taken":[{"damage":0,"enemies":"Jaw Worm","floor":1,"turns":1},{"damage":0,"enemies":"2 Louse","floor":3,"turns":1},{"damage":0,"enemies":"Cultist","floor":5,"turns":1},{"damage":21,"enemies":"Red Slaver","floor":6,"turns":3},{"damage":26,"enemies":"Gremlin Gang","floor":7,"turns":5},{"damage":2,"enemies":"3 Louse","floor":11,"turns":4},{"damage":8,"enemies":"Large Slime","floor":14,"turns":5},{"damage":0,"enemies":"The Guardian","floor":16,"turns":1}],"seed_played":"1872613791962334025","potions_obtained":[{"floor":1,"key":"Energy Potion"},{"floor":5,"key":"SpeedPotion"},{"floor":11,"key":"FearPotion"},{"floor":14,"key":"SteroidPotion"}],"is_trial":false,"path_per_floor":["M","?","M","?","M","M","M","$","T","$","M","?","?","M","R","B"],"character_chosen":"IRONCLAD","items_purchased":["Meat on the Bone"],"campfire_rested":0,"item_purchase_floors":[8],"current_hp_per_floor":[80,69,75,75,80,65,45,45,45,45,49,69,80,78,78,78],"gold":28,"neow_bonus":"THREE_ENEMY_KILL","is_prod":false,"is_daily":false,"chose_seed":false,"campfire_upgraded":1,"win_rate":0,"timestamp":1551408976,"path_taken":["M","?","M","?","?","M","M","$","T","?","?","?","?","M","R","BOSS"],"build_version":"2019-01-23","purchased_purges":0,"victory":false,"max_hp_per_floor":[80,80,80,80,80,80,80,80,80,80,80,80,80,80,80,80],"card_choices":[{"not_picked":["Headbutt","Uppercut"],"picked":"Battle Trance","floor":1},{"not_picked":["Wild Strike","Flex"],"picked":"Entrench","floor":3},{"not_picked":["Sword Boomerang","Body Slam","Intimidate"],"picked":"SKIP","floor":5},{"not_picked":["Metallicize","Havoc"],"picked":"Second Wind","floor":6},{"not_picked":["Disarm","Cleave"],"picked":"Evolve","floor":7},{"not_picked":["True Grit","Shrug It Off"],"picked":"Entrench","floor":11},{"not_picked":["Warcry","Wild Strike","Cleave"],"picked":"SKIP","floor":14}],"player_experience":1907579,"relics_obtained":[{"floor":9,"key":"Centennial Puzzle"}],"event_choices":[{"damage_healed":0,"gold_gain":75,"player_choice":"Gather Gold","damage_taken":11,"max_hp_gain":0,"max_hp_loss":0,"event_name":"World of Goop","floor":2,"gold_loss":0},{"cards_removed":["Strike_R"],"damage_healed":0,"gold_gain":0,"player_choice":"Purged","damage_taken":0,"max_hp_gain":0,"max_hp_loss":0,"event_name":"Purifier","floor":4,"gold_loss":0},{"damage_healed":20,"gold_gain":0,"player_choice":"Healed","damage_taken":0,"max_hp_gain":0,"max_hp_loss":0,"event_name":"The Cleric","floor":12,"gold_loss":35},{"damage_healed":20,"gold_gain":0,"player_choice":"Healed and dodged fight","damage_taken":0,"max_hp_gain":0,"max_hp_loss":0,"event_name":"Mushrooms","floor":13,"gold_loss":0,"cards_obtained":["Parasite"]}],"is_beta":false,"boss_relics":[],"items_purged_floors":[],"is_endless":false,"potions_floor_spawned":[1,5,11,14],"killed_by":"The Guardian","ascension_level":0}