{"gold_per_floor":[114,189,189,207,151,185,240,240],"floor_reached":8,"playtime":205,"items_purged":[],"score":158,"play_id":"b451b6fe-cfac-4e7d-9796-c3974b90aacf","local_time":"20190312143401","is_ascension_mode":true,"campfire_choices":[],"neow_cost":"NONE","seed_source_timestamp":274988944464200,"circlet_count":0,"master_deck":["AscendersBane","Strike_B","Strike_B","Strike_B","Defend_B","Defend_B","Defend_B","Defend_B","Zap","Dualcast","Defragment","Fission","Hologram","Cold Snap","Gash","Auto Shields+1"],"relics":["Cracked Core","NeowsBlessing","Toxic Egg 2","Unceasing Top"],"potions_floor_usage":[7],"damage_taken":[{"damage":0,"enemies":"2 Louse","floor":1,"turns":1},{"damage":0,"enemies":"Jaw Worm","floor":4,"turns":1},{"damage":0,"enemies":"3 Sentries","floor":6,"turns":1},{"damage":50,"enemies":"Lagavulin Event","floor":7,"turns":6},{"damage":0,"enemies":"Gremlin Nob","floor":8,"turns":3}],"seed_played":"2699259502617499877","potions_obtained":[{"floor":1,"key":"SteroidPotion"},{"floor":6,"key":"LiquidBronze"}],"is_trial":false,"path_per_floor":["M","?","?","M","$","E","?","E"],"character_chosen":"DEFECT","items_purchased":["Cold Snap"],"campfire_rested":0,"item_purchase_floors":[5],"current_hp_per_floor":[64,53,53,53,53,53,3,3],"gold":240,"neow_bonus":"THREE_ENEMY_KILL","is_prod":false,"is_daily":false,"chose_seed":false,"campfire_upgraded":0,"win_rate":0,"timestamp":1552368841,"path_taken":["M","?","?","?","$","E","?","E"],"build_version":"2019-01-23","purchased_purges":0,"victory":false,"max_hp_per_floor":[71,71,71,71,71,71,71,71],"card_choices":[{"not_picked":["Beam Cell","Rip and Tear"],"picked":"Defragment","floor":1},{"not_picked":["Redo","Stack"],"picked":"Hologram","floor":4},{"not_picked":["Steam Power","Reprogram"],"picked":"Gash","floor":6},{"not_picked":["Streamline","Force Field+1"],"picked":"Auto Shields+1","floor":7}],"player_experience":2209824,"relics_obtained":[{"floor":6,"key":"Toxic Egg 2"},{"floor":7,"key":"Unceasing Top"}],"event_choices":[{"damage_healed":0,"gold_gain":75,"player_choice":"Gather Gold","damage_taken":11,"max_hp_gain":0,"max_hp_loss":0,"event_name":"World of Goop","floor":2,"gold_loss":0},{"damage_healed":0,"gold_gain":0,"cards_transformed":["Strike_B"],"player_choice":"Transformed","damage_taken":0,"max_hp_gain":0,"max_hp_loss":0,"event_name":"Transmorgrifier","floor":3,"gold_loss":0,"cards_obtained":["Fission"]},{"damage_healed":0,"gold_gain":0,"player_choice":"Searched \u00271\u0027 times","damage_taken":0,"max_hp_gain":0,"max_hp_loss":0,"event_name":"Dead Adventurer","floor":7,"gold_loss":0}],"is_beta":false,"boss_relics":[],"items_purged_floors":[],"is_endless":false,"potions_floor_spawned":[1,6],"killed_by":"Gremlin Nob","ascension_level":20}