{"gold_per_floor":[15,90,102,119,84,84,84,117,117,117,150,150,150,160,160,236,236,255,85,85,85,55,55,55,55,80,80,92,104,104,131,131,131],"floor_reached":33,"playtime":1174,"items_purged":["Strike_B"],"score":642,"play_id":"d14011e9-e16b-43d1-a459-00abae3aa629","local_time":"20190410134323","is_ascension_mode":true,"campfire_choices":[{"data":"Doom and Gloom","floor":6,"key":"SMITH"},{"data":"Streamline","floor":10,"key":"SMITH"},{"data":"Fission","floor":12,"key":"SMITH"},{"data":"Buffer","floor":15,"key":"SMITH"},{"data":"Defragment","floor":23,"key":"SMITH"},{"data":"Blizzard","floor":25,"key":"SMITH"},{"data":"Capacitor","floor":27,"key":"SMITH"},{"floor":30,"key":"REST"},{"floor":32,"key":"REST"}],"neow_cost":"NO_GOLD","seed_source_timestamp":300760046701400,"circlet_count":0,"master_deck":["AscendersBane","Strike_B","Strike_B","Defend_B","Defend_B","Defend_B+1","Defend_B","Zap","Dualcast+1","Glacier","Doom and Gloom+1","Double Energy","Streamline+1","Fission+1","Buffer+1","Cold Snap","Rainbow","Capacitor+1","Defragment+1","Enlightenment","Blizzard+1","Hologram+1","Turbo+1","Conserve Battery+1"],"relics":["Cracked Core","Gambling Chip","Emotion Chip","Ornamental Fan","Art of War","Orrery","Pantograph","Anchor","Lantern"],"potions_floor_usage":[8,18,29,31],"damage_taken":[{"damage":1,"enemies":"Small Slimes","floor":1,"turns":4},{"damage":0,"enemies":"Jaw Worm","floor":3,"turns":5},{"damage":2,"enemies":"2 Louse","floor":4,"turns":3},{"damage":12,"enemies":"3 Sentries","floor":8,"turns":5},{"damage":10,"enemies":"Lagavulin","floor":11,"turns":5},{"damage":0,"enemies":"Looter","floor":14,"turns":2},{"damage":0,"enemies":"Slime Boss","floor":16,"turns":5},{"damage":0,"enemies":"Chosen","floor":18,"turns":6},{"damage":27,"enemies":"Colosseum Slavers","floor":20,"turns":4},{"damage":0,"enemies":"2 Thieves","floor":22,"turns":4},{"damage":0,"enemies":"Centurion and Healer","floor":28,"turns":8},{"damage":0,"enemies":"Shelled Parasite and Fungi","floor":29,"turns":6},{"damage":33,"enemies":"Book of Stabbing","floor":31,"turns":6},{"damage":66,"enemies":"Collector","floor":33,"turns":8}],"seed_played":"1798989041685699999","potions_obtained":[{"floor":3,"key":"SpeedPotion"},{"floor":4,"key":"FearPotion"},{"floor":11,"key":"Poison Potion"},{"floor":29,"key":"Block Potion"}],"is_trial":false,"path_per_floor":["M","?","M","M","?","R","?","E","T","R","E","R","?","M","R","B",null,"M","$","?","T","M","R","?","R","T","R","M","M","R","E","R","B"],"character_chosen":"DEFECT","items_purchased":["Enlightenment"],"campfire_rested":2,"item_purchase_floors":[19],"current_hp_per_floor":[63,52,52,50,67,67,46,34,34,34,24,24,24,24,24,24,59,59,59,32,32,32,32,32,32,32,32,32,32,53,20,41,0],"gold":131,"neow_bonus":"ONE_RARE_RELIC","is_prod":false,"is_daily":false,"chose_seed":false,"campfire_upgraded":7,"win_rate":0,"timestamp":1554871403,"path_taken":["M","?","M","M","?","R","?","E","T","R","E","R","?","M","R","BOSS","M","$","?","?","?","R","?","R","T","R","M","M","R","E","R","BOSS"],"build_version":"2019-01-23","purchased_purges":1,"victory":false,"max_hp_per_floor":[71,71,71,71,71,71,71,71,71,71,71,71,71,71,71,71,71,71,71,71,71,71,71,71,71,71,71,71,71,71,71,71,71],"card_choices":[{"not_picked":["Ball Lightning","Reinforced Body"],"picked":"Glacier","floor":1},{"not_picked":["Conserve Battery","Heatsinks"],"picked":"Doom and Gloom","floor":3},{"not_picked":["Reinforced Body","Conserve Battery"],"picked":"Double Energy","floor":4},{"not_picked":["Beam Cell","Ball Lightning"],"picked":"Streamline","floor":8},{"not_picked":["Aggregate","Amplify"],"picked":"Fission","floor":11},{"not_picked":["Fusion","Sweeping Beam"],"picked":"Cold Snap","floor":14},{"not_picked":["All For One","Amplify"],"picked":"Rainbow","floor":16},{"not_picked":["FTL","Ball Lightning"],"picked":"Capacitor","floor":17},{"not_picked":["Capacitor+1","Conserve Battery"],"picked":"Defragment","floor":18},{"not_picked":["Chaos","Turbo"],"picked":"Blizzard","floor":22},{"not_picked":["Cold Snap","Turbo"],"picked":"Hologram+1","floor":28},{"not_picked":["Steam Power","Meteor Strike"],"picked":"Turbo+1","floor":29},{"not_picked":["Auto Shields","Skim"],"picked":"Conserve Battery+1","floor":31}],"player_experience":3029890,"relics_obtained":[{"floor":8,"key":"Emotion Chip"},{"floor":9,"key":"Ornamental Fan"},{"floor":11,"key":"Art of War"},{"floor":21,"key":"Pantograph"},{"floor":26,"key":"Anchor"},{"floor":31,"key":"Lantern"}],"event_choices":[{"damage_healed":0,"gold_gain":75,"player_choice":"Gather Gold","damage_taken":11,"max_hp_gain":0,"max_hp_loss":0,"event_name":"World of Goop","floor":2,"gold_loss":0},{"damage_healed":17,"gold_gain":0,"player_choice":"Healed","damage_taken":0,"max_hp_gain":0,"max_hp_loss":0,"event_name":"The Cleric","floor":5,"gold_loss":35},{"damage_healed":0,"gold_gain":0,"player_choice":"Entered Light","damage_taken":21,"max_hp_gain":0,"max_hp_loss":0,"event_name":"Shining Light","floor":7,"gold_loss":0,"cards_upgraded":["Defend_B","Dualcast"]},{"damage_healed":0,"gold_gain":0,"cards_transformed":["Strike_B"],"player_choice":"Change","damage_taken":0,"max_hp_gain":0,"max_hp_loss":0,"event_name":"Living Wall","floor":13,"gold_loss":0,"cards_obtained":["Buffer"]},{"damage_healed":0,"gold_gain":0,"player_choice":"Fight","damage_taken":0,"max_hp_gain":0,"max_hp_loss":0,"event_name":"Colosseum","floor":20,"gold_loss":0},{"damage_healed":0,"gold_gain":0,"player_choice":"Fled From Nobs","damage_taken":0,"max_hp_gain":0,"max_hp_loss":0,"event_name":"Colosseum","floor":20,"gold_loss":0},{"damage_healed":0,"gold_gain":0,"player_choice":"Ignored","damage_taken":0,"max_hp_gain":0,"max_hp_loss":0,"event_name":"Beggar","floor":24,"gold_loss":0}],"is_beta":false,"boss_relics":[{"not_picked":["Black Star","Velvet Choker"],"picked":"Orrery"}],"items_purged_floors":[19],"is_endless":false,"potions_floor_spawned":[3,4,11,20,29],"killed_by":"Collector","ascension_level":20}