{"gold_per_floor":[359,376,376,396,33,33,33,33,58,83,95,107,107],"floor_reached":13,"playtime":259,"items_purged":["Parasite"],"score":170,"play_id":"4b362c16-9a6f-4fab-8698-4ad6dbb7f089","local_time":"20190328203131","is_ascension_mode":true,"campfire_choices":[{"data":"Bash","floor":7,"key":"SMITH"}],"neow_cost":"CURSE","seed_source_timestamp":6097449283600,"circlet_count":0,"master_deck":["AscendersBane","Strike_R","Strike_R","Strike_R","Strike_R","Strike_R","Defend_R","Defend_R","Defend_R","Defend_R","Bash+1","True Grit","Sentinel","Seeing Red","Double Tap"],"relics":["Burning Blood","Sundial","Shuriken","NlothsMask","Meat on the Bone"],"potions_floor_usage":[10,10],"damage_taken":[{"damage":7,"enemies":"Cultist","floor":1,"turns":4},{"damage":14,"enemies":"Small Slimes","floor":2,"turns":5},{"damage":0,"enemies":"2 Louse","floor":4,"turns":3},{"damage":29,"enemies":"Gremlin Nob","floor":10,"turns":4},{"damage":16,"enemies":"Blue Slaver","floor":11,"turns":4},{"damage":16,"enemies":"2 Fungi Beasts","floor":12,"turns":3},{"damage":49,"enemies":"Lagavulin","floor":13,"turns":6}],"seed_played":"-9069769826123635223","potions_obtained":[{"floor":1,"key":"AttackPotion"},{"floor":2,"key":"Fire Potion"},{"floor":10,"key":"Ancient Potion"}],"is_trial":false,"path_per_floor":["M","M","?","M","$","?","R","?","T","E","M","M","E"],"character_chosen":"IRONCLAD","items_purchased":["Sundial"],"campfire_rested":0,"item_purchase_floors":[5],"current_hp_per_floor":[67,59,64,70,70,65,65,65,65,42,44,46,0],"gold":107,"neow_bonus":"TWO_FIFTY_GOLD","is_prod":false,"is_daily":false,"chose_seed":false,"campfire_upgraded":1,"win_rate":0,"timestamp":1553772691,"path_taken":["M","?","?","M","$","?","R","?","T","E","?","M","E"],"build_version":"2019-01-23","purchased_purges":1,"victory":false,"max_hp_per_floor":[75,75,80,80,77,77,77,77,77,77,77,77,77],"card_choices":[{"not_picked":["Hemokinesis","Anger"],"picked":"True Grit","floor":1},{"not_picked":["Clothesline","Burning Pact"],"picked":"Sentinel","floor":2},{"not_picked":["Heavy Blade","Flame Barrier"],"picked":"Seeing Red","floor":4},{"not_picked":["Intimidate","Hemokinesis"],"picked":"Double Tap","floor":10},{"not_picked":["Reckless Charge","Blood for Blood","Iron Wave"],"picked":"SKIP","floor":11},{"not_picked":["Thunderclap","Warcry","Pommel Strike"],"picked":"SKIP","floor":12},{"not_picked":["Thunderclap","Warcry","Pommel Strike"],"picked":"SKIP","floor":12}],"player_experience":2686959,"relics_obtained":[{"floor":10,"key":"Meat on the Bone"}],"event_choices":[{"damage_healed":0,"gold_gain":0,"player_choice":"Donut","damage_taken":0,"max_hp_gain":5,"max_hp_loss":0,"event_name":"Big Fish","floor":3,"gold_loss":0},{"damage_healed":0,"gold_gain":0,"player_choice":"Success","damage_taken":5,"relics_obtained":["Shuriken"],"max_hp_gain":0,"max_hp_loss":0,"event_name":"Scrap Ooze","floor":6,"gold_loss":0},{"damage_healed":0,"gold_gain":0,"player_choice":"Trade","damage_taken":0,"relics_obtained":["NlothsMask"],"max_hp_gain":0,"max_hp_loss":0,"event_name":"FaceTrader","floor":8,"gold_loss":0}],"is_beta":false,"boss_relics":[],"items_purged_floors":[5],"is_endless":false,"potions_floor_spawned":[1,2,10],"killed_by":"Lagavulin","ascension_level":20}