{"gold_per_floor":[364,364,195,210,226,226,61,31,31,58,58,58],"floor_reached":12,"playtime":260,"items_purged":["Defend_B"],"score":152,"play_id":"6c8bbccf-797c-432f-960b-af4cda804bd3","local_time":"20190414220038","is_ascension_mode":true,"campfire_choices":[{"data":"Defragment","floor":6,"key":"SMITH"},{"data":"Blizzard","floor":11,"key":"SMITH"}],"neow_cost":"PERCENT_DAMAGE","seed_source_timestamp":210467654066700,"circlet_count":0,"master_deck":["AscendersBane","Strike_B","Strike_B","Strike_B","Defend_B","Defend_B","Defend_B","Zap","Dualcast","Defragment+1","White Noise","Coolheaded","Blizzard+1","Self Repair"],"relics":["Cracked Core","Centennial Puzzle"],"potions_floor_usage":[10,12],"damage_taken":[{"damage":9,"enemies":"Jaw Worm","floor":1,"turns":3},{"damage":0,"enemies":"Cultist","floor":4,"turns":4},{"damage":6,"enemies":"Small Slimes","floor":5,"turns":3},{"damage":22,"enemies":"3 Sentries","floor":10,"turns":8},{"damage":15,"enemies":"Gremlin Gang","floor":12,"turns":2}],"seed_played":"640015685570091783","potions_obtained":[{"floor":4,"key":"SkillPotion"},{"floor":8,"key":"Weak Potion"},{"floor":10,"key":"Poison Potion"}],"is_trial":false,"path_per_floor":["M","?","$","M","M","R","$","?","T","E","R","M"],"character_chosen":"DEFECT","items_purchased":["Defragment","White Noise","Coolheaded","Self Repair"],"campfire_rested":0,"item_purchase_floors":[3,3,3,7],"current_hp_per_floor":[37,37,37,37,31,31,31,31,31,16,16,1],"gold":58,"neow_bonus":"TWO_FIFTY_GOLD","is_prod":false,"is_daily":false,"chose_seed":false,"campfire_upgraded":2,"win_rate":0,"timestamp":1555246838,"path_taken":["M","?","$","M","?","R","$","?","T","E","R","?"],"build_version":"2019-01-23","purchased_purges":1,"victory":false,"max_hp_per_floor":[71,71,71,71,71,71,71,71,71,71,71,71],"card_choices":[{"not_picked":["Redo","Rebound","Steam"],"picked":"SKIP","floor":1},{"not_picked":["Barrage","Steam","Beam Cell"],"picked":"SKIP","floor":4},{"not_picked":["Steam Power","Go for the Eyes"],"picked":"Blizzard","floor":5},{"not_picked":["Redo","Ball Lightning","Conserve Battery"],"picked":"SKIP","floor":10}],"player_experience":3140532,"relics_obtained":[{"floor":10,"key":"Centennial Puzzle"}],"event_choices":[{"cards_removed":["Strike_B"],"damage_healed":0,"gold_gain":0,"player_choice":"Purged","damage_taken":0,"max_hp_gain":0,"max_hp_loss":0,"event_name":"Purifier","floor":2,"gold_loss":0},{"damage_healed":0,"gold_gain":0,"player_choice":"Bought 2 Potions","damage_taken":0,"max_hp_gain":0,"max_hp_loss":0,"event_name":"The Woman in Blue","floor":8,"gold_loss":0}],"is_beta":false,"boss_relics":[],"items_purged_floors":[7],"is_endless":false,"potions_floor_spawned":[4,10],"killed_by":"Gremlin Gang","ascension_level":20}