{"gold_per_floor":[119,119,119,119,136,171,20,40,94,94,94,126,126,143,143,242,242,225,239,118,130,130,162,162,178,204,204,224,243,243,256,256,356,356,370,384,433,446,38,38,68,68,68,94,94,108,108,8,8,8],"floor_reached":51,"playtime":4737,"items_purged":["Strike_G","Pain"],"score":1186,"play_id":"af69971d-09e4-48af-81f3-fa19d525bd19","local_time":"20180920001828","is_ascension_mode":true,"campfire_choices":[{"floor":10,"key":"REST"},{"data":"Noxious Fumes","floor":13,"key":"SMITH"},{"data":"Caltrops","floor":15,"key":"SMITH"},{"floor":24,"key":"REST"},{"data":"Footwork","floor":30,"key":"SMITH"},{"data":"Tactician","floor":32,"key":"SMITH"},{"data":"Tools of the Trade","floor":40,"key":"SMITH"},{"floor":42,"key":"REST"},{"floor":47,"key":"REST"},{"floor":49,"key":"REST"}],"neow_cost":"PERCENT_DAMAGE","seed_source_timestamp":199529937321975,"circlet_count":0,"master_deck":["Defend_G+1","Defend_G","Defend_G","Strike_G+1","Strike_G+1","Survivor","Neutralize+1","AscendersBane","Blur+1","Noxious Fumes+1","Tools of the Trade+1","Tactician+1","Caltrops+1","Adrenaline","Leg Sweep+1","Accuracy+1","Sucker Punch+1","Skewer+1","Footwork+1","Bane","Blade Dance","Backflip","Escape Plan+1","Burst","Escape Plan+1","Acrobatics+1","Bouncing Flask+1","PiercingWail+1","Dodge and Roll+1"],"special_seed":0,"relics":["Ring of the Snake","Whetstone","Blood Vial","Ancient Tea Set","Bag of Preparation","Astrolabe","Ornamental Fan","Omamori","Calling Bell","Lantern","Toxic Egg 2","Mango","Incense Burner","Paper Crane","War Paint","Orichalcum","PreservedInsect","Bottled Tornado"],"potions_floor_usage":[6,16,18,29,33,33,33,37,37,50],"damage_taken":[{"damage":9,"enemies":"2 Louse","floor":1,"turns":4},{"damage":0,"enemies":"Cultist","floor":5,"turns":4},{"damage":53,"enemies":"Lagavulin","floor":6,"turns":9},{"damage":7,"enemies":"Small Slimes","floor":8,"turns":3},{"damage":25,"enemies":"3 Sentries","floor":12,"turns":11},{"damage":6,"enemies":"Exordium Wildlife","floor":14,"turns":5},{"damage":4,"enemies":"Hexaghost","floor":16,"turns":9},{"damage":6,"enemies":"2 Thieves","floor":18,"turns":5},{"damage":11,"enemies":"Chosen","floor":19,"turns":6},{"damage":10,"enemies":"Centurion and Healer","floor":21,"turns":7},{"damage":30,"enemies":"Gremlin Leader","floor":23,"turns":7},{"damage":4,"enemies":"Cultist and Chosen","floor":25,"turns":6},{"damage":4,"enemies":"Chosen and Byrds","floor":28,"turns":6},{"damage":13,"enemies":"Snake Plant","floor":29,"turns":5},{"damage":0,"enemies":"Cultist and Chosen","floor":31,"turns":7},{"damage":8,"enemies":"Collector","floor":33,"turns":10},{"damage":11,"enemies":"3 Darklings","floor":35,"turns":8},{"damage":17,"enemies":"3 Shapes","floor":36,"turns":7},{"damage":20,"enemies":"Mysterious Sphere","floor":37,"turns":5},{"damage":27,"enemies":"Spire Growth","floor":38,"turns":6},{"damage":2,"enemies":"Nemesis","floor":41,"turns":11},{"damage":23,"enemies":"Giant Head","floor":44,"turns":9},{"damage":0,"enemies":"Jaw Worm Horde","floor":46,"turns":6},{"damage":50,"enemies":"Donu and Deca","floor":50,"turns":11}],"seed_played":"3386141783133613913","potions_obtained":[{"floor":1,"key":"Regen Potion"},{"floor":5,"key":"Energy Potion"},{"floor":8,"key":"Swift Potion"},{"floor":25,"key":"SkillPotion"},{"floor":27,"key":"EntropicBrew"},{"floor":29,"key":"SpeedPotion"},{"floor":33,"key":"Poison Potion"},{"floor":37,"key":"LiquidBronze"}],"is_trial":false,"path_per_floor":["M","?","?","?","M","E","$","M","T","R","$","E","R","M","R","B",null,"M","M","$","M","?","E","R","M","T","?","M","M","R","M","R","B",null,"M","M","?","M","$","R","E","R","T","E","?","M","R","$","R","B"],"character_chosen":"THE_SILENT","items_purchased":["Blood Vial","Bane","Paper Crane","War Paint"],"campfire_rested":5,"item_purchase_floors":[7,20,39,39],"current_hp_per_floor":[47,47,47,52,52,14,14,9,9,35,35,12,12,8,8,6,68,64,55,55,47,30,2,30,28,28,28,26,15,15,17,17,11,87,78,63,45,20,20,20,20,52,52,31,31,33,63,63,93,45],"gold":8,"neow_bonus":"TWENTY_PERCENT_HP_BONUS","is_prod":false,"is_daily":false,"chose_seed":false,"campfire_upgraded":5,"win_rate":0,"timestamp":1537373908,"path_taken":["M","?","?","?","M","E","$","?","T","R","?","E","R","M","R","BOSS","M","M","$","M","?","E","R","M","T","?","M","?","R","M","R","BOSS","M","M","?","M","$","R","E","R","T","E","?","M","R","$","R","BOSS"],"build_version":"2018-09-18v3","purchased_purges":2,"victory":true,"max_hp_per_floor":[84,84,84,89,89,89,89,89,89,89,89,89,89,89,89,89,89,89,89,89,89,94,94,94,94,94,94,94,94,94,94,94,94,108,108,108,108,108,108,108,108,108,108,108,103,103,103,103,103,103],"card_choices":[{"not_picked":["Blade Dance","Deflect"],"picked":"Blur","floor":1},{"not_picked":["Outmaneuver","Underhanded Strike"],"picked":"Noxious Fumes","floor":5},{"not_picked":["Glass Knife","Masterful Stab"],"picked":"Tools of the Trade","floor":6},{"not_picked":["Calculated Gamble","Bouncing Flask"],"picked":"Tactician","floor":8},{"not_picked":["Blade Dance","Deadly Poison"],"picked":"Caltrops","floor":12},{"not_picked":["Backstab","Poisoned Stab","Slice"],"picked":"SKIP","floor":14},{"not_picked":["A Thousand Cuts","Tools of the Trade"],"picked":"Adrenaline","floor":16},{"not_picked":["Accuracy","Endless Agony"],"picked":"Skewer+1","floor":18},{"not_picked":["Concentrate","Distraction+1"],"picked":"Footwork","floor":19},{"not_picked":["Dagger Spray","Reflex"],"picked":"Blade Dance","floor":21},{"not_picked":["Dagger Spray","Quick Slash","Dash"],"picked":"SKIP","floor":23},{"not_picked":["Underhanded Strike","Flying Knee"],"picked":"Backflip","floor":25},{"not_picked":["Flying Knee","Poisoned Stab+1","PiercingWail"],"picked":"SKIP","floor":28},{"not_picked":["Slice","Choke","Caltrops+1"],"picked":"SKIP","floor":29},{"not_picked":["Well Laid Plans+1","Predator"],"picked":"Escape Plan+1","floor":31},{"not_picked":["Unload","Phantasmal Killer"],"picked":"Burst","floor":33},{"not_picked":["Quick Slash","PiercingWail+1"],"picked":"Escape Plan+1","floor":35},{"not_picked":["Deflect+1","Accuracy"],"picked":"Acrobatics+1","floor":36},{"not_picked":["Eviscerate+1","All Out Attack"],"picked":"Bouncing Flask+1","floor":37},{"not_picked":["Deflect+1","Envenom"],"picked":"PiercingWail+1","floor":38},{"not_picked":["Poisoned Stab+1","Underhanded Strike","Bane"],"picked":"SKIP","floor":41},{"not_picked":["Wraith Form v2","Quick Slash","Die Die Die"],"picked":"SKIP","floor":44},{"not_picked":["Expertise+1","Quick Slash"],"picked":"Dodge and Roll+1","floor":46}],"player_experience":475665,"relics_obtained":[{"floor":6,"key":"Whetstone"},{"floor":9,"key":"Ancient Tea Set"},{"floor":12,"key":"Bag of Preparation"},{"floor":23,"key":"Ornamental Fan"},{"floor":26,"key":"Omamori"},{"floor":34,"key":"Lantern"},{"floor":34,"key":"Toxic Egg 2"},{"floor":34,"key":"Mango"},{"floor":37,"key":"Incense Burner"},{"floor":41,"key":"Orichalcum"},{"floor":43,"key":"PreservedInsect"},{"floor":44,"key":"Bottled Tornado"}],"event_choices":[{"event_name":"Bonfire Elementals","player_choice":"BASIC","floor":2,"damage_taken":0},{"event_name":"Living Wall","player_choice":"Grow","floor":3,"damage_taken":0},{"event_name":"Big Fish","player_choice":"Donut","floor":4,"damage_taken":0},{"event_name":"Forgotten Altar","player_choice":"Shed Blood","floor":22,"damage_taken":0},{"event_name":"The Lab","player_choice":"Got Potions","floor":27,"damage_taken":0},{"event_name":"Mysterious Sphere","player_choice":"Fight","floor":37,"damage_taken":0},{"event_name":"Winding Halls","player_choice":"Max HP","floor":45,"damage_taken":0}],"is_beta":true,"boss_relics":[{"not_picked":["Pandora\u0027s Box","Fusion Hammer"],"picked":"Astrolabe"},{"not_picked":["Philosopher\u0027s Stone","Sozu"],"picked":"Calling Bell"}],"items_purged_floors":[20,48],"is_endless":false,"potions_floor_spawned":[1,5,8,25,29,31,33,35,37],"ascension_level":12}