{"gold_per_floor":[113,113,113,28,103,131,131,162,162,162,11,44,54,66,66,140,140,160,160,60,77,77,77,89,89,115,8,37,37,51,83,83,155,155,173,190,241,131,145,145,172,172,172,199,199,233,245,260,260,260,260,260,260,22,53,53],"floor_reached":57,"playtime":3350,"items_purged":["Strike_B","Machine Learning","Zap"],"score":3138,"play_id":"3ef33215-3825-482c-ae2f-a43d466a2463","local_time":"20190311011957","is_ascension_mode":true,"campfire_choices":[{"data":"Fission","floor":7.0,"key":"SMITH"},{"data":"Defragment","floor":15.0,"key":"SMITH"},{"data":"Defragment","floor":23.0,"key":"SMITH"},{"data":"Blizzard","floor":25.0,"key":"SMITH"},{"floor":32.0,"key":"REST"},{"data":"Creative AI","floor":40,"key":"SMITH"},{"data":"Capacitor","floor":42,"key":"SMITH"},{"floor":49,"key":"RECALL"},{"data":"Coolheaded","floor":53,"key":"SMITH"}],"neow_cost":"NONE","seed_source_timestamp":137562419063200,"circlet_count":0,"master_deck":["AscendersBane","Cold Snap","Coolheaded+1","Fission+1","Blizzard+1","Defragment+1","FTL+1","Self Repair","Defragment+1","Reboot+1","Beam Cell+1","Tempest+1","Redo+1","Undo+1","Glacier+1","Defragment+1","Coolheaded+1","Consume+1","Seek+1","Recycle+1","Conserve Battery+1","Fission+1","Creative AI+1","Turbo+1","Defragment+1","Capacitor+1","Echo Form","Darkness+1","Consume+1","Master of Strategy+1"],"special_seed":0,"relics":["Cracked Core","NeowsBlessing","Kunai","Question Card","StoneCalendar","Molten Egg 2","Darkstone Periapt","Toxic Egg 2","Pandora\u0027s Box","Smiling Mask","Torii","Potion Belt","Philosopher\u0027s Stone","Pocketwatch","PreservedInsect","Mummified Hand","Nunchaku","Pear"],"potions_floor_usage":[39,55,56,56,56],"damage_taken":[{"damage":0.0,"enemies":"Jaw Worm","floor":1.0,"turns":1.0},{"damage":0.0,"enemies":"Lagavulin","floor":6.0,"turns":1.0},{"damage":0.0,"enemies":"3 Sentries","floor":8.0,"turns":1.0},{"damage":11.0,"enemies":"Lagavulin","floor":12.0,"turns":7.0},{"damage":6.0,"enemies":"Small Slimes","floor":13.0,"turns":3.0},{"damage":4.0,"enemies":"2 Louse","floor":14.0,"turns":2.0},{"damage":20.0,"enemies":"Hexaghost","floor":16.0,"turns":11.0},{"damage":18.0,"enemies":"2 Thieves","floor":18.0,"turns":3.0},{"damage":6.0,"enemies":"Chosen","floor":21.0,"turns":3.0},{"damage":14.0,"enemies":"Snake Plant","floor":24.0,"turns":4.0},{"damage":0.0,"enemies":"Book of Stabbing","floor":28.0,"turns":5.0},{"damage":1.0,"enemies":"3 Cultists","floor":30.0,"turns":5.0},{"damage":29.0,"enemies":"Slavers","floor":31.0,"turns":7.0},{"damage":0.0,"enemies":"Collector","floor":33.0,"turns":9.0},{"damage":0.0,"enemies":"3 Shapes","floor":35.0,"turns":7.0},{"damage":10.0,"enemies":"3 Darklings","floor":36.0,"turns":5.0},{"damage":11,"enemies":"2 Orb Walkers","floor":37,"turns":4},{"damage":0,"enemies":"Transient","floor":39,"turns":6},{"damage":19,"enemies":"Nemesis","floor":41,"turns":7},{"damage":12,"enemies":"Reptomancer","floor":44,"turns":6},{"damage":0,"enemies":"Nemesis","floor":46,"turns":4},{"damage":0,"enemies":"Sphere and 2 Shapes","floor":47,"turns":4},{"damage":0,"enemies":"Jaw Worm Horde","floor":48,"turns":3},{"damage":16,"enemies":"Awakened One","floor":50,"turns":11},{"damage":9,"enemies":"Time Eater","floor":51,"turns":7},{"damage":40,"enemies":"Shield and Spear","floor":55,"turns":4},{"damage":32,"enemies":"The Heart","floor":56,"turns":10}],"seed_played":"-4856807339630451677","potions_obtained":[{"floor":12.0,"key":"GamblersBrew"},{"floor":16.0,"key":"LiquidBronze"},{"floor":31.0,"key":"EssenceOfSteel"},{"floor":33.0,"key":"Explosive Potion"},{"floor":37,"key":"SkillPotion"},{"floor":39,"key":"Strength Potion"},{"floor":47,"key":"FocusPotion"}],"is_trial":false,"path_per_floor":["M","?","?","$","?","E","R","E","T","?","$","E","M","M","R","B",null,"M","?","$","M","?","R","M","R","T","$","E","?","M","E","R","B",null,"M","M","?","?","M","R","E","R","T","E","?","E","M","M","R","B","B",null,"R","$","E","B",null],"character_chosen":"DEFECT","items_purchased":["Fire Potion","Coolheaded","Defragment","PowerPotion","Energy Potion","Master of Strategy+1"],"campfire_rested":1,"item_purchase_floors":[4,4,11,27,54,54],"current_hp_per_floor":[64,64,64,64,53,53,53,53,53,53,53,42,36,32,32,19,58,47,47,47,41,41,41,34,34,34,34,41,41,47,18,39,46,65,71,68,64,64,71,71,59,59,59,54,54,61,67,67,67,58,63,66,66,66,50,25],"gold":53,"neow_bonus":"THREE_ENEMY_KILL","is_prod":false,"is_daily":false,"chose_seed":false,"campfire_upgraded":7,"win_rate":0,"timestamp":1552234797,"path_taken":["M","?","?","$","?","E","R","E","T","?","$","E","M","M","R","BOSS","M","?","$","?","?","R","M","R","T","?","E","?","?","E","R","BOSS","M","M","?","?","?","R","E","R","T","E","?","E","M","M","R","BOSS","BOSS","R","$","E","BOSS"],"build_version":"2019-01-23","purchased_purges":3,"victory":true,"max_hp_per_floor":[71,71,71,71,71,71,71,71,71,71,71,71,71,71,71,71,71,71,71,71,71,71,71,71,71,71,71,71,71,71,71,71,71,71,71,71,71,71,71,71,71,71,71,71,67,67,67,67,67,67,67,67,67,67,77,77],"card_choices":[{"not_picked":["Barrage","Steam"],"picked":"Cold Snap","floor":1.0},{"not_picked":["Redo","Undo"],"picked":"Fission","floor":6.0},{"not_picked":["Cold Snap","Gash","Redo"],"picked":"Blizzard","floor":8.0},{"not_picked":["Undo","Heatsinks","Cold Snap+1"],"picked":"FTL+1","floor":12.0},{"not_picked":["Force Field+1","Lockon+1","Gash+1"],"picked":"Self Repair","floor":13.0},{"not_picked":["Turbo+1","Rebound+1","Go for the Eyes+1"],"picked":"Defragment","floor":14.0},{"not_picked":["Rainbow+1","All For One+1","Meteor Strike+1"],"picked":"Reboot+1","floor":16.0},{"not_picked":["Tempest+1","Beam Cell+1","Cold Snap+1"],"picked":"Defragment","floor":18.0},{"not_picked":["Beam Cell+1","Barrage+1","Gash+1"],"picked":"Coolheaded+1","floor":21.0},{"not_picked":["Tempest+1","Barrage+1","Gash+1"],"picked":"Consume+1","floor":24.0},{"not_picked":["Streamline+1","Genetic Algorithm+1","Conserve Battery+1"],"picked":"Seek+1","floor":28.0},{"not_picked":["Skim+1","Heatsinks","Leap+1"],"picked":"Conserve Battery+1","floor":30.0},{"not_picked":["Go for the Eyes+1","Darkness+1","Defragment"],"picked":"Fission+1","floor":31.0},{"not_picked":["Amplify+1","Thunder Strike+1","Fission+1"],"picked":"Creative AI","floor":33.0},{"not_picked":["Gash+1","Genetic Algorithm+1","Undo+1"],"picked":"Turbo+1","floor":35.0},{"not_picked":["Turbo+1","Steam Power+1","Machine Learning","BootSequence+1"],"picked":"SKIP","floor":36.0},{"not_picked":["Gash+1","Barrage+1","Sunder+1"],"picked":"Defragment+1","floor":39},{"not_picked":["Core Surge+1","Redo+1","Compile Driver+1"],"picked":"Capacitor","floor":41},{"not_picked":["Turbo+1","Sweeping Beam+1","Glacier+1"],"picked":"Echo Form","floor":44},{"not_picked":["Streamline+1","Turbo+1","Fusion+1","Rip and Tear+1"],"picked":"SKIP","floor":46},{"not_picked":["Doom and Gloom+1","Streamline+1","Ball Lightning+1"],"picked":"Darkness+1","floor":47},{"not_picked":["Melter+1","Gash+1","Darkness+1"],"picked":"Consume+1","floor":48},{"not_picked":["Beam Cell+1","Redo+1","Streamline+1","Genetic Algorithm+1"],"picked":"SKIP","floor":55}],"player_experience":2164903,"relics_obtained":[{"floor":6.0,"key":"Question Card"},{"floor":8.0,"key":"StoneCalendar"},{"floor":9.0,"key":"Molten Egg 2"},{"floor":12.0,"key":"Toxic Egg 2"},{"floor":26.0,"key":"Smiling Mask"},{"floor":28.0,"key":"Torii"},{"floor":31.0,"key":"Potion Belt"},{"floor":37,"key":"Pocketwatch"},{"floor":41,"key":"PreservedInsect"},{"floor":44,"key":"Mummified Hand"},{"floor":46,"key":"Nunchaku"},{"floor":55,"key":"Pear"}],"event_choices":[{"damage_healed":0.0,"max_hp_gain":0.0,"max_hp_loss":0.0,"gold_gain":0.0,"event_name":"Big Fish","player_choice":"Box","floor":2.0,"gold_loss":0.0,"damage_taken":0.0,"relics_obtained":["Kunai"],"cards_obtained":["Regret"]},{"cards_removed":["Regret"],"damage_healed":0.0,"max_hp_gain":0.0,"max_hp_loss":0.0,"gold_gain":0.0,"event_name":"Living Wall","player_choice":"Forget","floor":3.0,"gold_loss":0.0,"damage_taken":0.0},{"damage_healed":0.0,"max_hp_gain":0.0,"max_hp_loss":0.0,"gold_gain":75.0,"event_name":"World of Goop","player_choice":"Gather Gold","floor":5.0,"gold_loss":0.0,"damage_taken":11.0},{"damage_healed":0.0,"max_hp_gain":0.0,"max_hp_loss":0.0,"gold_gain":0.0,"event_name":"WeMeetAgain","player_choice":"Gave Potion","floor":10.0,"gold_loss":0.0,"damage_taken":0.0,"relics_obtained":["Darkstone Periapt"]},{"damage_healed":0.0,"max_hp_gain":0.0,"max_hp_loss":0.0,"gold_gain":0.0,"event_name":"Match and Keep!","player_choice":"0 cards matched","floor":19.0,"gold_loss":0.0,"damage_taken":0.0,"cards_obtained":[]},{"damage_healed":0.0,"max_hp_gain":0.0,"max_hp_loss":0.0,"gold_gain":0.0,"event_name":"Lab","player_choice":"Got Potions","floor":22.0,"gold_loss":0.0,"damage_taken":0.0},{"damage_healed":0.0,"max_hp_gain":0.0,"max_hp_loss":0.0,"gold_gain":0.0,"cards_transformed":["Dualcast"],"event_name":"Transmorgrifier","player_choice":"Transformed","floor":29.0,"gold_loss":0.0,"damage_taken":0.0,"cards_obtained":["Recycle"]},{"damage_healed":0,"gold_gain":0,"player_choice":"Fight","damage_taken":0,"max_hp_gain":0,"max_hp_loss":0,"event_name":"Mysterious Sphere","floor":37,"gold_loss":0},{"cards_removed":["Beam Cell"],"damage_healed":0,"gold_gain":0,"player_choice":"Upgrade and Remove","damage_taken":0,"max_hp_gain":0,"max_hp_loss":0,"event_name":"Designer","floor":38,"gold_loss":110,"cards_upgraded":["Defragment"]},{"damage_healed":0,"gold_gain":0,"player_choice":"Max HP","damage_taken":0,"max_hp_gain":0,"max_hp_loss":4,"event_name":"Winding Halls","floor":45,"gold_loss":0}],"is_beta":false,"boss_relics":[{"not_picked":["Nuclear Battery","Cursed Key"],"picked":"Pandora\u0027s Box"},{"not_picked":["Calling Bell","Lizard Tail"],"picked":"Philosopher\u0027s Stone"}],"items_purged_floors":[11,20,27],"is_endless":false,"potions_floor_spawned":[12,16,18,21,31,33,37,39,47],"ascension_level":20}