{"gold_per_floor":[99,99,99,99,99,99,99,99,99,47,47,27,27,27,27,27,27,27,27,27,27,27,27,27,27,27,27,27,27,27,27,27,27],"floor_reached":33,"playtime":1392,"items_purged":[],"score":679,"play_id":"d8090b5e-1d40-4855-a726-ded0a08048e4","local_time":"20190407133645","is_ascension_mode":true,"campfire_choices":[{"data":"Body Slam","floor":6.0,"key":"SMITH"},{"floor":8.0,"key":"REST"},{"floor":13.0,"key":"REST"},{"data":"Metallicize","floor":15.0,"key":"SMITH"},{"data":"Feel No Pain","floor":23.0,"key":"SMITH"},{"data":"Corruption","floor":25.0,"key":"SMITH"},{"floor":30.0,"key":"REST"},{"floor":32.0,"key":"REST"}],"neow_cost":"NONE","seed_source_timestamp":40682713055400,"circlet_count":0,"master_deck":["AscendersBane","Strike_R","Strike_R","Defend_R","Defend_R","Defend_R","Defend_R","Bash","Body Slam+1","Metallicize+1","Clothesline","Shrug It Off","Corruption+1","Armaments","Shrug It Off","Carnage","Second Wind","Offering","Shrug It Off","Sentinel","Reaper","Entrench","Sever Soul","Bloodletting","Disarm","Feel No Pain+1","Shrug It Off","Offering","Intimidate","Shrug It Off","Shockwave","Armaments"],"special_seed":0,"relics":["Ectoplasm","Mummified Hand","Bag of Marbles","Prayer Wheel","Orrery","Lantern","Ancient Tea Set","Ornamental Fan"],"potions_floor_usage":[],"damage_taken":[{"damage":2.0,"enemies":"Jaw Worm","floor":1.0,"turns":3.0},{"damage":0.0,"enemies":"Small Slimes","floor":3.0,"turns":4.0},{"damage":0.0,"enemies":"Cultist","floor":4.0,"turns":3.0},{"damage":29.0,"enemies":"3 Sentries","floor":7.0,"turns":12.0},{"damage":45.0,"enemies":"Gremlin Nob","floor":11.0,"turns":5.0},{"damage":0.0,"enemies":"Looter","floor":12.0,"turns":2.0},{"damage":10.0,"enemies":"Exordium Thugs","floor":14.0,"turns":3.0},{"damage":2.0,"enemies":"Hexaghost","floor":16.0,"turns":9.0},{"damage":15.0,"enemies":"3 Byrds","floor":18.0,"turns":6.0},{"damage":11.0,"enemies":"Shell Parasite","floor":20.0,"turns":5.0},{"damage":20.0,"enemies":"Shelled Parasite and Fungi","floor":22.0,"turns":3.0},{"damage":0.0,"enemies":"Centurion and Healer","floor":24.0,"turns":9.0},{"damage":7.0,"enemies":"Snecko","floor":27.0,"turns":5.0},{"damage":12.0,"enemies":"3 Cultists","floor":29.0,"turns":6.0},{"damage":17.0,"enemies":"Gremlin Leader","floor":31.0,"turns":3.0},{"damage":31,"enemies":"Automaton","floor":33,"turns":10}],"seed_played":"7274451883820780636","potions_obtained":[{"floor":3.0,"key":"SneckoOil"},{"floor":11.0,"key":"Swift Potion"},{"floor":12.0,"key":"Strength Potion"},{"floor":14.0,"key":"Block Potion"},{"floor":20.0,"key":"Explosive Potion"},{"floor":29.0,"key":"PowerPotion"}],"is_trial":false,"path_per_floor":["M","?","M","M","?","R","E","R","T","$","E","M","R","M","R","B",null,"M","?","M","T","M","R","M","R","T","M","?","M","R","E","R","B"],"character_chosen":"IRONCLAD","items_purchased":["Armaments"],"campfire_rested":4,"item_purchase_floors":[10],"current_hp_per_floor":[66,66,66,66,55,55,26,48,48,48,3,3,25,15,15,13,60,45,45,34,34,22,22,30,30,30,29,8,4,28,27,51,30],"gold":27,"neow_bonus":"BOSS_RELIC","is_prod":false,"is_daily":false,"chose_seed":false,"campfire_upgraded":4,"win_rate":0,"timestamp":1554611805,"path_taken":["M","?","M","M","?","R","E","R","T","$","E","M","R","M","R","BOSS","M","?","M","?","M","R","M","R","T","M","?","M","R","E","R","BOSS"],"build_version":"2019-01-23","purchased_purges":0,"victory":false,"max_hp_per_floor":[75,75,75,75,75,75,75,75,75,75,75,75,75,75,75,75,75,75,75,75,75,75,75,75,75,75,75,80,80,80,80,80,80],"card_choices":[{"not_picked":["Anger","Metallicize"],"picked":"Body Slam","floor":1.0},{"not_picked":["Flex","Twin Strike","Clothesline"],"picked":"SKIP","floor":3.0},{"not_picked":["Flex","Twin Strike"],"picked":"Clothesline","floor":3.0},{"not_picked":["Heavy Blade","Wild Strike"],"picked":"Shrug It Off","floor":4.0},{"not_picked":["Pommel Strike","Dropkick"],"picked":"Corruption","floor":7.0},{"not_picked":["Heavy Blade","Brutality","Warcry"],"picked":"SKIP","floor":11.0},{"not_picked":["Burning Pact","Dual Wield"],"picked":"Shrug It Off","floor":12.0},{"not_picked":["Anger","Thunderclap","Heavy Blade"],"picked":"SKIP","floor":12.0},{"not_picked":["Anger","Armaments"],"picked":"Carnage","floor":14.0},{"not_picked":["Bloodletting","Wild Strike"],"picked":"Second Wind","floor":14.0},{"not_picked":["Dark Embrace","Fiend Fire"],"picked":"Offering","floor":16.0},{"not_picked":["Warcry","Bloodletting"],"picked":"Shrug It Off","floor":17.0},{"not_picked":["Bloodletting","Battle Trance"],"picked":"Sentinel","floor":17.0},{"not_picked":["Havoc","Disarm"],"picked":"Reaper","floor":18.0},{"not_picked":["Carnage+1","Havoc"],"picked":"Entrench","floor":18.0},{"not_picked":["Warcry","Clothesline"],"picked":"Disarm","floor":20.0},{"not_picked":["Flex","Blood for Blood","Corruption"],"picked":"SKIP","floor":20.0},{"not_picked":["Power Through","Twin Strike"],"picked":"Feel No Pain","floor":22.0},{"not_picked":["Uppercut","Heavy Blade","Iron Wave"],"picked":"SKIP","floor":22.0},{"not_picked":["Perfected Strike+1","Twin Strike"],"picked":"Shrug It Off","floor":24.0},{"not_picked":["Clash","Anger"],"picked":"Offering","floor":24.0},{"not_picked":["Sever Soul+1","Wild Strike+1"],"picked":"Intimidate","floor":27.0},{"not_picked":["Body Slam","Anger","Iron Wave"],"picked":"SKIP","floor":27.0},{"not_picked":["Uppercut","Spot Weakness"],"picked":"Shrug It Off","floor":29.0},{"not_picked":["Immolate","Shrug It Off"],"picked":"Shockwave","floor":29.0},{"not_picked":["Cleave","Spot Weakness"],"picked":"Armaments","floor":31.0}],"player_experience":2939346,"relics_obtained":[{"floor":7.0,"key":"Mummified Hand"},{"floor":9.0,"key":"Bag of Marbles"},{"floor":11.0,"key":"Prayer Wheel"},{"floor":21.0,"key":"Lantern"},{"floor":26.0,"key":"Ancient Tea Set"},{"floor":31.0,"key":"Ornamental Fan"}],"event_choices":[{"damage_healed":0.0,"max_hp_gain":0.0,"max_hp_loss":0.0,"gold_gain":0.0,"cards_transformed":["Strike_R"],"event_name":"Living Wall","player_choice":"Change","floor":2.0,"gold_loss":0.0,"damage_taken":0.0,"cards_obtained":["Metallicize"]},{"damage_healed":0.0,"max_hp_gain":0.0,"max_hp_loss":0.0,"gold_gain":75.0,"event_name":"World of Goop","player_choice":"Gather Gold","floor":5.0,"gold_loss":0.0,"damage_taken":11.0},{"damage_healed":0.0,"max_hp_gain":0.0,"max_hp_loss":0.0,"gold_gain":0.0,"cards_transformed":["Strike_R","Strike_R"],"event_name":"Drug Dealer","player_choice":"Became Test Subject","floor":19.0,"gold_loss":0.0,"damage_taken":0.0,"cards_obtained":["Sever Soul","Bloodletting"]},{"damage_healed":0.0,"max_hp_gain":5.0,"max_hp_loss":0.0,"gold_gain":0.0,"event_name":"Forgotten Altar","player_choice":"Shed Blood","floor":28.0,"gold_loss":0.0,"damage_taken":26.0}],"is_beta":false,"boss_relics":[{"not_picked":["Black Star","Empty Cage"],"picked":"Orrery"}],"items_purged_floors":[],"is_endless":false,"potions_floor_spawned":[3,11,12,14,20,29],"killed_by":"Automaton","ascension_level":20}