{"gold_per_floor":[114,129,141,141,22,22,34,34,34,47,77,95,270,286,286,381,381,398,498,509,509,159,159,178,213,292,303,320,320,339,355,355,457,457,471,485,49,149,449,482,482,29,29,41,53,87,99,109,109,109,109,109,40,67,67],"floor_reached":55,"playtime":7086,"items_purged":["Doubt"],"score":805,"play_id":"db38f72c-1e0b-4a4b-988b-3797cafcbcbe","local_time":"20190126192602","is_ascension_mode":false,"campfire_choices":[{"floor":6,"key":"REST"},{"floor":15,"key":"REST"},{"floor":23,"key":"RECALL"},{"floor":29,"key":"REST"},{"floor":32,"key":"REST"},{"floor":41,"key":"REST"},{"floor":49,"key":"REST"},{"data":"White Noise","floor":52,"key":"SMITH"}],"neow_cost":"NONE","seed_source_timestamp":510593139887181,"circlet_count":0,"master_deck":["Strike_B","Strike_B","Strike_B","Strike_B","Defend_B","Defend_B","Defend_B","Defend_B","Zap","Dualcast","Defragment","BootSequence","Static Discharge","Hello World","Redo","Capacitor","Force Field","Defragment","Glacier","Rainbow","Static Discharge","Loop","Self Repair","Discovery","Heatsinks+1","Buffer","Ball Lightning","White Noise+1","FTL","Biased Cognition","White Noise+1","Ball Lightning+1","Bandage Up","Redo+1","White Noise+1","Seek","Capacitor","Amplify","Hello World","Rainbow","Hello World+1","Ball Lightning+1","White Noise","Chill+1"],"relics":["Cracked Core","Gambling Chip","Peace Pipe","White Beast Statue","Matryoshka","Dodecahedron","Omamori","Shuriken","Lizard Tail","Incense Burner","Turnip","Pear","Toolbox","Meat on the Bone","Happy Flower","Strawberry","Bronze Scales"],"potions_floor_usage":[10,11,16,16,16,20,24,25,27,30,35,36,36,38,40,44,44,45,46,47,48,48,50,55],"damage_taken":[{"damage":6,"enemies":"Jaw Worm","floor":1,"turns":3},{"damage":5,"enemies":"Small Slimes","floor":2,"turns":3},{"damage":1,"enemies":"Cultist","floor":3,"turns":4},{"damage":7,"enemies":"Looter","floor":7,"turns":4},{"damage":17,"enemies":"Gremlin Gang","floor":10,"turns":7},{"damage":25,"enemies":"3 Sentries","floor":11,"turns":6},{"damage":14,"enemies":"Exordium Thugs","floor":12,"turns":6},{"damage":16,"enemies":"2 Fungi Beasts","floor":14,"turns":4},{"damage":21,"enemies":"The Guardian","floor":16,"turns":10},{"damage":3,"enemies":"Spheric Guardian","floor":18,"turns":7},{"damage":2,"enemies":"Shell Parasite","floor":20,"turns":6},{"damage":12,"enemies":"Snake Plant","floor":24,"turns":3},{"damage":17,"enemies":"Gremlin Leader","floor":25,"turns":8},{"damage":0,"enemies":"Snecko","floor":27,"turns":7},{"damage":24,"enemies":"Cultist and Chosen","floor":28,"turns":7},{"damage":22,"enemies":"3 Cultists","floor":30,"turns":5},{"damage":26,"enemies":"Centurion and Healer","floor":31,"turns":5},{"damage":32,"enemies":"Champ","floor":33,"turns":14},{"damage":55,"enemies":"3 Darklings","floor":35,"turns":4},{"damage":1,"enemies":"3 Shapes","floor":36,"turns":7},{"damage":12,"enemies":"Mind Bloom Boss Battle","floor":38,"turns":12},{"damage":15,"enemies":"Nemesis","floor":40,"turns":9},{"damage":38,"enemies":"Spire Growth","floor":44,"turns":5},{"damage":7,"enemies":"Sphere and 2 Shapes","floor":45,"turns":6},{"damage":14,"enemies":"Giant Head","floor":46,"turns":6},{"damage":4,"enemies":"Transient","floor":47,"turns":5},{"damage":44,"enemies":"Spire Growth","floor":48,"turns":5},{"damage":52,"enemies":"Donu and Deca","floor":50,"turns":8},{"damage":67,"enemies":"Shield and Spear","floor":54,"turns":7},{"damage":128,"enemies":"The Heart","floor":55,"turns":8}],"seed_played":"5167317231070547377","potions_obtained":[{"floor":7,"key":"Regen Potion"},{"floor":11,"key":"FocusPotion"},{"floor":12,"key":"Weak Potion"},{"floor":14,"key":"EssenceOfSteel"},{"floor":18,"key":"SpeedPotion"},{"floor":20,"key":"Poison Potion"},{"floor":24,"key":"Strength Potion"},{"floor":25,"key":"Strength Potion"},{"floor":27,"key":"Fruit Juice"},{"floor":28,"key":"FocusPotion"},{"floor":30,"key":"SmokeBomb"},{"floor":31,"key":"SteroidPotion"},{"floor":33,"key":"SkillPotion"},{"floor":35,"key":"Block Potion"},{"floor":36,"key":"Explosive Potion"},{"floor":38,"key":"FocusPotion"},{"floor":40,"key":"Ancient Potion"},{"floor":44,"key":"Poison Potion"},{"floor":45,"key":"FocusPotion"},{"floor":46,"key":"Energy Potion"},{"floor":47,"key":"EssenceOfSteel"},{"floor":48,"key":"Block Potion"},{"floor":54,"key":"Dexterity Potion"}],"is_trial":false,"path_per_floor":["M","M","M","?","$","R","M","?","T","M","E","M","?","M","R","B",null,"M","?","M","?","$","R","M","E","T","M","M","R","M","M","R","B",null,"M","M","$","?","?","E","R","$","T","M","M","E","M","M","R","B",null,"R","$","E","B"],"character_chosen":"DEFECT","items_purchased":["PowerPotion","Hello World","Self Repair","Discovery","Block Potion","Fire Potion","Incense Burner","SkillPotion","Bandage Up","PowerPotion","Toolbox","Seek","Capacitor","White Noise"],"campfire_rested":6,"item_purchase_floors":[5,5,22,22,22,22,37,37,37,42,42,42,42,53],"current_hp_per_floor":[69,64,63,63,63,75,68,68,68,65,40,26,26,10,32,11,75,72,72,70,70,70,70,65,55,55,67,50,74,59,40,64,39,80,32,38,38,37,37,50,77,77,77,54,58,62,69,48,77,41,97,97,97,68,0],"gold":67,"neow_bonus":"THREE_CARDS","is_prod":false,"is_daily":false,"chose_seed":false,"campfire_upgraded":1,"win_rate":0,"timestamp":1548523562,"path_taken":["M","M","M","?","$","R","M","?","T","M","E","M","?","M","R","BOSS","M","?","?","?","$","R","M","E","T","M","M","R","M","?","R","BOSS","M","M","$","?","?","E","R","$","T","?","M","E","M","M","R","BOSS","R","$","E","BOSS"],"build_version":"2019-01-23","purchased_purges":1,"victory":false,"max_hp_per_floor":[75,75,75,75,75,75,75,75,75,75,75,75,75,75,75,75,75,75,75,75,75,75,75,75,75,75,80,80,80,80,80,80,80,80,80,80,80,80,80,90,90,90,90,90,90,97,97,97,97,97,97,97,97,97,97],"card_choices":[{"not_picked":["Coolheaded","Chill"],"picked":"Defragment","floor":0},{"not_picked":["Stack","Go for the Eyes","Hologram"],"picked":"SKIP","floor":1},{"not_picked":["Cold Snap","Leap"],"picked":"BootSequence","floor":2},{"not_picked":["Amplify","Compile Driver"],"picked":"Static Discharge","floor":3},{"not_picked":["Recycle","Conserve Battery"],"picked":"Redo","floor":7},{"not_picked":["Glacier","Compile Driver"],"picked":"Capacitor","floor":10},{"not_picked":["Redo","Sweeping Beam"],"picked":"Force Field","floor":11},{"not_picked":["Loop","Static Discharge"],"picked":"Defragment","floor":12},{"not_picked":["Chaos","Hologram"],"picked":"Glacier","floor":14},{"not_picked":["Multi-Cast","Seek"],"picked":"Rainbow","floor":16},{"not_picked":["Stack","Doom and Gloom"],"picked":"Static Discharge","floor":18},{"not_picked":["BootSequence+1","Rebound"],"picked":"Loop","floor":20},{"not_picked":["Sweeping Beam","Turbo"],"picked":"Heatsinks+1","floor":24},{"not_picked":["Coolheaded+1","FTL"],"picked":"Buffer","floor":25},{"not_picked":["Barrage+1","Coolheaded"],"picked":"Ball Lightning","floor":27},{"not_picked":["Barrage","Streamline"],"picked":"White Noise+1","floor":28},{"not_picked":["Rip and Tear","Rebound+1","Hyperbeam"],"picked":"SKIP","floor":30},{"not_picked":["Gash","Cold Snap"],"picked":"FTL","floor":31},{"not_picked":["All For One","Buffer"],"picked":"Biased Cognition","floor":33},{"not_picked":["Steam","Leap+1"],"picked":"White Noise","floor":35},{"not_picked":["Beam Cell","Turbo"],"picked":"Ball Lightning+1","floor":36},{"not_picked":["Reinforced Body+1","Double Energy"],"picked":"Redo+1","floor":38},{"not_picked":["Redo+1","Turbo+1"],"picked":"White Noise+1","floor":40},{"not_picked":["Steam","Glacier"],"picked":"Amplify","floor":44},{"not_picked":["Sweeping Beam","Sunder+1"],"picked":"Hello World","floor":45},{"not_picked":["Hologram+1","Conserve Battery"],"picked":"Rainbow","floor":46},{"not_picked":["Ball Lightning","Coolheaded"],"picked":"Hello World+1","floor":47},{"not_picked":["Coolheaded","Cold Snap+1"],"picked":"Ball Lightning+1","floor":48},{"not_picked":["Reprogram","Blizzard+1"],"picked":"Chill+1","floor":54}],"player_experience":922199,"relics_obtained":[{"floor":11,"key":"Peace Pipe"},{"floor":25,"key":"Dodecahedron"},{"floor":26,"key":"Omamori"},{"floor":26,"key":"Shuriken"},{"floor":38,"key":"Turnip"},{"floor":40,"key":"Pear"},{"floor":43,"key":"Meat on the Bone"},{"floor":43,"key":"Happy Flower"},{"floor":46,"key":"Strawberry"},{"floor":54,"key":"Bronze Scales"}],"event_choices":[{"damage_healed":0,"gold_gain":0,"player_choice":"Ignored","damage_taken":0,"max_hp_gain":0,"max_hp_loss":0,"event_name":"Shining Light","floor":4,"gold_loss":0},{"damage_healed":0,"gold_gain":0,"player_choice":"Searched \u00272\u0027 times","damage_taken":0,"relics_obtained":["Gambling Chip"],"max_hp_gain":0,"max_hp_loss":0,"event_name":"Dead Adventurer","floor":8,"gold_loss":0},{"damage_healed":0,"gold_gain":175,"player_choice":"AGREE","damage_taken":0,"max_hp_gain":0,"max_hp_loss":0,"event_name":"Liars Game","floor":13,"gold_loss":0,"cards_obtained":["Doubt"]},{"damage_healed":0,"gold_gain":100,"player_choice":"Pray","damage_taken":0,"max_hp_gain":0,"max_hp_loss":0,"event_name":"Golden Shrine","floor":19,"gold_loss":0},{"damage_healed":0,"gold_gain":0,"player_choice":"Gave Potion","damage_taken":0,"relics_obtained":["Matryoshka"],"max_hp_gain":0,"max_hp_loss":0,"event_name":"WeMeetAgain","floor":21,"gold_loss":0},{"damage_healed":0,"gold_gain":0,"player_choice":"Fight","damage_taken":0,"max_hp_gain":0,"max_hp_loss":0,"event_name":"MindBloom","floor":38,"gold_loss":0},{"damage_healed":0,"gold_gain":300,"player_choice":"Gold","damage_taken":0,"max_hp_gain":0,"max_hp_loss":0,"event_name":"Wheel of Change","floor":39,"gold_loss":0}],"is_beta":false,"boss_relics":[{"not_picked":["Runic Pyramid","Inserter"],"picked":"White Beast Statue"},{"not_picked":["Sozu","Pandora\u0027s Box"],"picked":"Lizard Tail"}],"items_purged_floors":[22],"is_endless":false,"potions_floor_spawned":[7,11,12,14,18,20,24,25,27,28,30,31,33,35,36,38,40,44,45,46,47,48,54],"killed_by":"The Heart","ascension_level":0}