{"gold_per_floor":[111,123,55,55,55,55,81,97,149,149,149,149,175,186,186,282,282,296,311,65,82,101,101,134,134,209,209,222,241,253,267,267,363,363,381,31,47,59,159,159,159,174,174,174,191,22,22,42,42,42],"floor_reached":50,"playtime":2376,"items_purged":["Strike_B","Defend_B"],"score":525,"play_id":"7ce05069-061d-40e8-b743-b04a183a5364","local_time":"20181210204233","is_ascension_mode":true,"campfire_choices":[{"data":"Defragment","floor":6,"key":"SMITH"},{"floor":10,"key":"REST"},{"floor":12,"key":"REST"},{"floor":15,"key":"REST"},{"floor":23,"key":"REST"},{"floor":25,"key":"REST"},{"floor":27,"key":"REST"},{"floor":32,"key":"REST"},{"floor":40,"key":"REST"},{"floor":44,"key":"RECALL"},{"floor":47,"key":"REST"},{"floor":49,"key":"REST"}],"neow_cost":"NONE","seed_source_timestamp":531469219192990,"circlet_count":0,"master_deck":["Strike_B","Defend_B","Zap+1","Dualcast","Gash","Steam+1","Defragment+1","BootSequence+1","Barrage","Glacier","Coolheaded","Conserve Battery","Beam Cell+1","Creative AI+1","Fusion+1","Cold Snap","Stack","Ball Lightning","FTL","Biased Cognition","Turbo","Double Energy+1","Chill"],"relics":["Cracked Core","Centennial Puzzle","War Paint","Singing Bowl","Meat on the Bone","Astrolabe","DataDisk","PreservedInsect","Cables","Busted Crown","Torii","StoneCalendar"],"potions_floor_usage":[24,24,24,37,42,50,50,50],"damage_taken":[{"damage":6,"enemies":"Jaw Worm","floor":1,"turns":3},{"damage":0,"enemies":"2 Louse","floor":2,"turns":2},{"damage":49,"enemies":"Gremlin Nob","floor":7,"turns":5},{"damage":0,"enemies":"Cultist","floor":8,"turns":3},{"damage":8,"enemies":"3 Sentries","floor":13,"turns":10},{"damage":4,"enemies":"Exordium Wildlife","floor":14,"turns":7},{"damage":36,"enemies":"Slime Boss","floor":16,"turns":17},{"damage":44,"enemies":"3 Byrds","floor":18,"turns":6},{"damage":5,"enemies":"Shell Parasite","floor":19,"turns":9},{"damage":1,"enemies":"Centurion and Healer","floor":21,"turns":12},{"damage":8,"enemies":"3 Cultists","floor":22,"turns":8},{"damage":72,"enemies":"Gremlin Leader","floor":24,"turns":7},{"damage":4,"enemies":"Snake Plant","floor":28,"turns":5},{"damage":2,"enemies":"Shelled Parasite and Fungi","floor":29,"turns":6},{"damage":0,"enemies":"Chosen and Byrds","floor":30,"turns":7},{"damage":10,"enemies":"Centurion and Healer","floor":31,"turns":10},{"damage":16,"enemies":"Champ","floor":33,"turns":12},{"damage":11,"enemies":"Orb Walker","floor":35,"turns":4},{"damage":27,"enemies":"3 Darklings","floor":37,"turns":8},{"damage":11,"enemies":"Spire Growth","floor":38,"turns":4},{"damage":8,"enemies":"Mind Bloom Boss Battle","floor":39,"turns":6},{"damage":17,"enemies":"Writhing Mass","floor":42,"turns":7},{"damage":0,"enemies":"Maw","floor":45,"turns":7},{"damage":21,"enemies":"4 Shapes","floor":48,"turns":6},{"damage":95,"enemies":"Time Eater","floor":50,"turns":13}],"seed_played":"-7513607232121947697","potions_obtained":[{"floor":1,"key":"Strength Potion"},{"floor":8,"key":"Regen Potion"},{"floor":14,"key":"Block Potion"},{"floor":16,"key":"Fire Potion"},{"floor":28,"key":"AttackPotion"},{"floor":31,"key":"Weak Potion"},{"floor":35,"key":"Explosive Potion"},{"floor":38,"key":"Block Potion"},{"floor":45,"key":"Swift Potion"}],"is_trial":false,"path_per_floor":["M","M","$","?","?","R","E","M","T","R","?","R","E","M","R","B",null,"M","M","$","M","M","R","E","R","T","R","M","M","M","M","R","B",null,"M","$","M","M","?","R","?","M","T","R","M","$","R","M","R","B"],"character_chosen":"DEFECT","items_purchased":["Defragment","DataDisk","Cold Snap","Torii","Turbo","Chill"],"campfire_rested":10,"item_purchase_floors":[3,20,20,36,36,46],"current_hp_per_floor":[69,69,69,69,69,69,20,20,20,42,42,64,56,52,74,38,75,45,42,42,41,45,68,22,46,46,70,68,66,68,60,86,70,87,78,78,53,56,50,78,78,61,61,61,63,63,90,71,94,0],"gold":42,"neow_bonus":"UPGRADE_CARD","is_prod":false,"is_daily":false,"chose_seed":false,"campfire_upgraded":1,"win_rate":0,"timestamp":1544496153,"path_taken":["M","M","$","?","?","R","E","?","T","R","?","R","E","M","R","BOSS","M","M","$","M","M","R","E","R","T","R","M","?","M","?","R","BOSS","M","$","M","M","?","R","?","?","T","R","M","?","R","M","R","BOSS"],"build_version":"2018-12-06","purchased_purges":2,"victory":false,"max_hp_per_floor":[75,75,75,75,75,75,75,75,75,75,75,75,75,75,75,75,75,77,79,79,79,79,79,81,81,81,81,83,83,85,87,87,87,87,89,89,91,93,95,95,90,90,90,90,92,92,92,94,94,94],"card_choices":[{"not_picked":["Chaos","Compile Driver"],"picked":"Gash","floor":1},{"not_picked":["Darkness","Self Repair"],"picked":"Steam","floor":2},{"not_picked":["Aggregate","Meteor Strike"],"picked":"Barrage","floor":7},{"not_picked":["Chaos","Sweeping Beam"],"picked":"Glacier","floor":8},{"not_picked":["Steam","Steam Power"],"picked":"Coolheaded","floor":13},{"not_picked":["Hologram","Go for the Eyes"],"picked":"Conserve Battery","floor":14},{"not_picked":["Buffer","Core Surge"],"picked":"Hyperbeam","floor":16},{"not_picked":["Reinforced Body","Sweeping Beam","Go for the Eyes"],"picked":"Singing Bowl","floor":18},{"not_picked":["Hello World","Beam Cell+1","Turbo"],"picked":"Singing Bowl","floor":19},{"not_picked":["Barrage","Blizzard"],"picked":"Stack","floor":21},{"not_picked":["Meteor Strike","Self Repair"],"picked":"Ball Lightning","floor":22},{"not_picked":["Undo+1","Go for the Eyes","Conserve Battery"],"picked":"Singing Bowl","floor":24},{"not_picked":["Skim","Cold Snap+1","Rebound"],"picked":"Singing Bowl","floor":28},{"not_picked":["Genetic Algorithm","Beam Cell"],"picked":"FTL","floor":29},{"not_picked":["Sweeping Beam","Recycle","Go for the Eyes"],"picked":"Singing Bowl","floor":30},{"not_picked":["FTL","Recycle","Ball Lightning"],"picked":"Singing Bowl","floor":31},{"not_picked":["Hyperbeam","Fission"],"picked":"Biased Cognition","floor":33},{"not_picked":["Gash"],"picked":"Singing Bowl","floor":35},{"not_picked":["Fusion"],"picked":"Singing Bowl","floor":37},{"not_picked":["Compile Driver+1"],"picked":"Singing Bowl","floor":38},{"not_picked":["Storm+1"],"picked":"Singing Bowl","floor":39},{"not_picked":[],"picked":"Double Energy+1","floor":42},{"not_picked":["Rebound"],"picked":"Singing Bowl","floor":45},{"not_picked":["Ball Lightning"],"picked":"Singing Bowl","floor":48}],"player_experience":118671,"relics_obtained":[{"floor":7,"key":"Centennial Puzzle"},{"floor":9,"key":"War Paint"},{"floor":13,"key":"Meat on the Bone"},{"floor":24,"key":"PreservedInsect"},{"floor":26,"key":"Cables"},{"floor":39,"key":"StoneCalendar"}],"event_choices":[{"cards_removed":["Strike_B"],"damage_healed":0,"gold_gain":0,"player_choice":"Forget","damage_taken":0,"max_hp_gain":0,"max_hp_loss":0,"event_name":"Living Wall","floor":4,"gold_loss":0},{"damage_healed":0,"gold_gain":0,"cards_transformed":["Defend_B"],"player_choice":"Transformed","damage_taken":0,"max_hp_gain":0,"max_hp_loss":0,"event_name":"Transmorgrifier","floor":5,"gold_loss":0,"cards_obtained":["BootSequence"]},{"damage_healed":0,"gold_gain":0,"player_choice":"Gave Potion","damage_taken":0,"relics_obtained":["Singing Bowl"],"max_hp_gain":0,"max_hp_loss":0,"event_name":"WeMeetAgain","floor":11,"gold_loss":0},{"damage_healed":0,"gold_gain":0,"player_choice":"Fight","damage_taken":0,"max_hp_gain":0,"max_hp_loss":0,"event_name":"MindBloom","floor":39,"gold_loss":0},{"damage_healed":0,"gold_gain":0,"player_choice":"Max HP","damage_taken":0,"max_hp_gain":0,"max_hp_loss":5,"event_name":"Winding Halls","floor":41,"gold_loss":0}],"is_beta":false,"boss_relics":[{"not_picked":["Runic Dome","Tiny House"],"picked":"Astrolabe"},{"not_picked":["Pandora\u0027s Box","Lizard Tail"],"picked":"Busted Crown"}],"items_purged_floors":[20,46],"is_endless":false,"potions_floor_spawned":[1,8,14,16,19,22,28,31,35,38,45],"killed_by":"Time Eater","ascension_level":1}