{"gold_per_floor":[114,127,127,138,138,138,168,183,253,328,328,198,198,210,210,289,289,306,175,190,209,209],"floor_reached":22,"playtime":779,"items_purged":[],"score":372,"play_id":"63d61ffc-a6b8-4e06-bfa6-4ba26c19261d","local_time":"20190426154843","is_ascension_mode":true,"campfire_choices":[{"floor":6,"key":"REST"},{"floor":11,"key":"REST"},{"data":"Static Discharge","floor":13,"key":"SMITH"},{"floor":15,"key":"REST"}],"neow_cost":"NONE","seed_source_timestamp":1289572198525132,"circlet_count":0,"master_deck":["AscendersBane","Strike_B","Strike_B","Strike_B","Strike_B","Defend_B","Defend_B","Defend_B","Defend_B","Zap","Dualcast","White Noise+1","Rip and Tear","Heatsinks","Double Energy","Ball Lightning","Static Discharge+1","Conserve Battery","Biased Cognition","Redo+1","Storm","Leap","Cold Snap"],"relics":["Cracked Core","NeowsBlessing","Du-Vu Doll","Bag of Preparation","Gremlin Horn","Lizard Tail"],"potions_floor_usage":[7,8,16,18,20,22],"damage_taken":[{"damage":0,"enemies":"Cultist","floor":1,"turns":1},{"damage":0,"enemies":"2 Louse","floor":2,"turns":1},{"damage":0,"enemies":"Small Slimes","floor":4,"turns":1},{"damage":20,"enemies":"Lagavulin","floor":7,"turns":7},{"damage":3,"enemies":"Blue Slaver","floor":8,"turns":3},{"damage":7,"enemies":"Lots of Slimes","floor":14,"turns":2},{"damage":33,"enemies":"Hexaghost","floor":16,"turns":5},{"damage":18,"enemies":"Shell Parasite","floor":18,"turns":3},{"damage":2,"enemies":"3 Byrds","floor":20,"turns":2},{"damage":27,"enemies":"Snecko","floor":21,"turns":4},{"damage":16,"enemies":"Cultist and Chosen","floor":22,"turns":5}],"seed_played":"-7768772453199866942","potions_obtained":[{"floor":1,"key":"SteroidPotion"},{"floor":7,"key":"SpeedPotion"},{"floor":8,"key":"PowerPotion"},{"floor":16,"key":"Block Potion"},{"floor":20,"key":"Explosive Potion"}],"is_trial":false,"path_per_floor":["M","M","?","M","?","R","E","M","T","?","R","$","R","M","R","B",null,"M","$","M","M","M"],"character_chosen":"DEFECT","items_purchased":["Ball Lightning","Static Discharge","Storm","AttackPotion"],"campfire_rested":3,"item_purchase_floors":[12,12,19,19],"current_hp_per_floor":[64,64,64,64,59,71,51,48,48,37,58,58,58,51,71,38,63,45,45,43,16,35],"gold":209,"neow_bonus":"THREE_ENEMY_KILL","is_prod":false,"is_daily":false,"chose_seed":false,"campfire_upgraded":1,"win_rate":0,"timestamp":1556282923,"path_taken":["M","?","?","M","?","R","E","M","T","?","R","$","R","M","R","BOSS","M","$","M","M","M"],"build_version":"2019-01-23","purchased_purges":0,"victory":false,"max_hp_per_floor":[71,71,71,71,71,71,71,71,71,71,71,71,71,71,71,71,71,71,71,71,71,71],"card_choices":[{"not_picked":["Stack","Glacier"],"picked":"White Noise","floor":1},{"not_picked":["Rebound","Turbo"],"picked":"Rip and Tear","floor":2},{"not_picked":["Double Energy","Leap"],"picked":"Heatsinks","floor":4},{"not_picked":["Sweeping Beam","Blizzard"],"picked":"Double Energy","floor":7},{"not_picked":["Turbo","Reinforced Body","Blizzard"],"picked":"SKIP","floor":8},{"not_picked":["Barrage","Compile Driver"],"picked":"Conserve Battery","floor":14},{"not_picked":["Buffer","Core Surge"],"picked":"Biased Cognition","floor":16},{"not_picked":["Doom and Gloom","Streamline"],"picked":"Redo+1","floor":18},{"not_picked":["Rebound+1","Blizzard"],"picked":"Leap","floor":20},{"not_picked":["Redo","Go for the Eyes"],"picked":"Cold Snap","floor":21}],"player_experience":1248258,"relics_obtained":[{"floor":7,"key":"Bag of Preparation"},{"floor":9,"key":"Gremlin Horn"}],"event_choices":[{"damage_healed":0,"gold_gain":0,"player_choice":"Grow","damage_taken":0,"max_hp_gain":0,"max_hp_loss":0,"event_name":"Living Wall","floor":3,"gold_loss":0,"cards_upgraded":["White Noise"]},{"damage_healed":0,"gold_gain":0,"player_choice":"Success","damage_taken":5,"relics_obtained":["Du-Vu Doll"],"max_hp_gain":0,"max_hp_loss":0,"event_name":"Scrap Ooze","floor":5,"gold_loss":0},{"damage_healed":0,"gold_gain":75,"player_choice":"Gather Gold","damage_taken":11,"max_hp_gain":0,"max_hp_loss":0,"event_name":"World of Goop","floor":10,"gold_loss":0}],"is_beta":false,"boss_relics":[{"not_picked":["Ectoplasm","Runic Dome"],"picked":"Lizard Tail"}],"items_purged_floors":[],"is_endless":false,"potions_floor_spawned":[1,7,8,16,20],"killed_by":"Cultist and Chosen","ascension_level":20}