{"path_per_floor":["M","M","M","M","M","R","$","E","T","M","R","E","R","M","R","B",null,"M","M","M","?","$","E","?","M","T","?","?","$"],"character_chosen":"THE_SILENT","items_purchased":["Blur","Noxious Fumes","Blood Vial","Noxious Fumes"],"gold_per_floor":[111,123,141,151,165,165,50,77,77,96,96,128,128,144,144,247,247,266,278,297,212,39,367,367,377,377,377,377,26],"floor_reached":30,"campfire_rested":1,"playtime":2737,"current_hp_per_floor":[68,67,67,62,54,54,54,36,36,21,21,25,25,24,45,33,70,70,57,41,41,41,20,20,5,12,12,12,12],"items_purged":["Strike_G","Defend_G","Strike_G"],"gold":26,"play_id":"ca787d41-f2e4-455f-abe1-0b7d38ed741f","is_prod":false,"is_daily":false,"is_ascension_mode":false,"campfire_upgraded":3,"path_taken":["M","M","M","M","M","R","?","E","T","M","R","E","R","M","R","BOSS","M","M","M","?","?","E","?","M","T","?","?","$","M"],"build_version":"2018-01-25-PROD3","purchased_purges":3,"victory":false,"master_deck":["Defend_G","Defend_G","Defend_G","Strike_G","Strike_G","Survivor","Neutralize+1","Flying Knee","Poisoned Stab","Bouncing Flask+1","Predator","Dagger Throw","Blur","Calculated Gamble","Crippling Poison+1","Burst","Backstab","After Image","Leg Sweep+1","Dagger Spray","Skewer","Noxious Fumes","Heel Hook+1","Heel Hook","Quick Slash","Noxious Fumes"],"max_hp_per_floor":[70,70,70,70,70,70,70,70,70,70,70,70,70,70,70,70,70,70,70,70,70,70,70,70,70,77,77,77,77],"relics":["Velvet Choker","Shuriken","Happy Flower","Oddly Smooth Stone","Black Star","Dodecahedron","Frozen Eye","Old Coin","Strawberry","Blood Vial"],"card_choices":[{"not_picked":["Malaise","Blade Dance"],"picked":"Flying Knee"},{"not_picked":["All Out Attack","Blur"],"picked":"Poisoned Stab"},{"not_picked":["Dodge and Roll","Escape Plan"],"picked":"Bouncing Flask"},{"not_picked":["PiercingWail","Acrobatics"],"picked":"Predator"},{"not_picked":["Acrobatics","Prepared"],"picked":"Dagger Throw"},{"not_picked":["Sucker Punch","Night Terror"],"picked":"Calculated Gamble"},{"not_picked":["Distraction","Prepared"],"picked":"Crippling Poison"},{"not_picked":["Endless Agony","Deadly Poison"],"picked":"Burst"},{"not_picked":["Bane","Finisher"],"picked":"Backstab"},{"not_picked":["Glass Knife","Wraith Form"],"picked":"After Image"},{"not_picked":["Prepared","Riddle With Holes"],"picked":"Leg Sweep"},{"not_picked":["Leg Sweep","Bane"],"picked":"Dagger Spray"},{"not_picked":["Caltrops","Prepared"],"picked":"Skewer"},{"not_picked":["Sucker Punch","Bane"],"picked":"Heel Hook"},{"not_picked":["Eviscerate","Prepared"],"picked":"Quick Slash"}],"player_experience":31516,"potions_floor_usage":[12,12,20,23,30],"damage_taken":[{"damage":2,"enemies":"Blue Slaver","floor":1,"turns":5},{"damage":1,"enemies":"Jaw Worm","floor":2,"turns":4},{"damage":0,"enemies":"Small Slimes","floor":3,"turns":3},{"damage":5,"enemies":"3 Louse","floor":4,"turns":3},{"damage":8,"enemies":"Red Slaver","floor":5,"turns":3},{"damage":18,"enemies":"Gremlin Nob","floor":8,"turns":4},{"damage":15,"enemies":"Gremlin Gang","floor":10,"turns":4},{"damage":8,"enemies":"3 Sentries","floor":12,"turns":5},{"damage":1,"enemies":"Looter","floor":14,"turns":3},{"damage":12,"enemies":"Slime Boss","floor":16,"turns":8},{"damage":0,"enemies":"Chosen","floor":18,"turns":3},{"damage":13,"enemies":"2 Thieves","floor":19,"turns":4},{"damage":31,"enemies":"Slaver and Parasite","floor":20,"turns":6},{"damage":21,"enemies":"Book of Stabbing","floor":23,"turns":6},{"damage":15,"enemies":"Snecko","floor":25,"turns":5},{"damage":23,"enemies":"Chosen and Byrds","floor":30,"turns":4}],"event_choices":[{"event_name":"Addict","player_choice":"Obtained Relic","floor":21,"damage_taken":0},{"event_name":"Transmorgrifier","player_choice":"Transform","floor":24,"damage_taken":0},{"event_name":"Drug Dealer","player_choice":"Ignored","floor":27,"damage_taken":0},{"event_name":"Back to Basics","player_choice":"Elegance","floor":28,"damage_taken":0}],"boss_relics":[{"not_picked":["Calling Bell","Eternal Feather"],"picked":"Black Star"}],"potions_floor_spawned":[1,2,5,8,16,20,25],"seed_played":"8678545875808109128","killed_by":"Chosen and Byrds","ascension_level":0,"is_trial":false}