{"gold_per_floor":[118,128,146,146,165,193,193,220,247,310,310,325,42,74,74,153,153,163,176,176,176,194,194,244,169,192,192,192,207,49,84,84,155,155,169,179,1178,1198,1198,1198,485,495,522,522,532,532,532,532,532,532,532,532,532,87,120,120],"floor_reached":57,"playtime":2404,"items_purged":["Strike_R","Strike_R"],"score":2851,"play_id":"066eecb3-7845-4fd2-b2d2-3d7518198cb9","local_time":"20190330203518","is_ascension_mode":true,"campfire_choices":[{"data":"Immolate","floor":7.0,"key":"SMITH"},{"data":"Armaments","floor":15.0,"key":"SMITH"},{"floor":23.0,"key":"REST"},{"floor":32.0,"key":"RECALL"},{"floor":40.0,"key":"REST"},{"floor":44.0,"key":"REST"},{"floor":49.0,"key":"REST"},{"floor":53.0,"key":"REST"}],"neow_cost":"NONE","seed_source_timestamp":118270679933100,"circlet_count":0,"master_deck":["AscendersBane","Strike_R","Defend_R","Defend_R","Defend_R","Defend_R","Bash+1","Second Wind","Immolate+1","Rampage","Disarm","Flame Barrier","Disarm","True Grit","Armaments+1","Demon Form","Burning Pact+1","Seeing Red","Ghostly","Ghostly","Ghostly","Armaments+1","Ghostly","Power Through","Feed","Feel No Pain","Whirlwind","Deep Breath","Dark Shackles","Ghostly","True Grit","Flame Barrier","Exhume"],"special_seed":0,"relics":["Burning Blood","NeowsBlessing","PreservedInsect","Ancient Tea Set","Regal Pillow","Omamori","Matryoshka","Lantern","Ice Cream","Fusion Hammer","Art of War","Orichalcum","Juzu Bracelet","Pen Nib","Runic Pyramid","DollysMirror","Mango","Vajra","Frozen Egg 2","Anchor","Gremlin Horn"],"potions_floor_usage":[56,56],"damage_taken":[{"damage":0.0,"enemies":"Small Slimes","floor":1.0,"turns":1.0},{"damage":0.0,"enemies":"2 Louse","floor":2.0,"turns":1.0},{"damage":0.0,"enemies":"Jaw Worm","floor":3.0,"turns":1.0},{"damage":10.0,"enemies":"Gremlin Gang","floor":5.0,"turns":2.0},{"damage":29.0,"enemies":"Lagavulin","floor":6.0,"turns":7.0},{"damage":0.0,"enemies":"3 Sentries","floor":8.0,"turns":2.0},{"damage":0.0,"enemies":"3 Sentries","floor":10.0,"turns":2.0},{"damage":1.0,"enemies":"Blue Slaver","floor":12.0,"turns":4.0},{"damage":0.0,"enemies":"Gremlin Nob","floor":14.0,"turns":2.0},{"damage":2.0,"enemies":"Hexaghost","floor":16.0,"turns":11.0},{"damage":16.0,"enemies":"Spheric Guardian","floor":18.0,"turns":6.0},{"damage":21.0,"enemies":"Shell Parasite","floor":19.0,"turns":5.0},{"damage":24.0,"enemies":"Cultist and Chosen","floor":22.0,"turns":8.0},{"damage":0.0,"enemies":"Snake Plant","floor":29.0,"turns":5.0},{"damage":3.0,"enemies":"Book of Stabbing","floor":31.0,"turns":6.0},{"damage":12.0,"enemies":"Champ","floor":33.0,"turns":15.0},{"damage":17.0,"enemies":"3 Darklings","floor":35.0,"turns":6.0},{"damage":3.0,"enemies":"Orb Walker","floor":36.0,"turns":4.0},{"damage":2.0,"enemies":"Spire Growth","floor":38.0,"turns":7.0},{"damage":3.0,"enemies":"Sphere and 2 Shapes","floor":42.0,"turns":7.0},{"damage":29.0,"enemies":"Transient","floor":45.0,"turns":6.0},{"damage":0.0,"enemies":"Donu and Deca","floor":50.0,"turns":8.0},{"damage":31.0,"enemies":"Awakened One","floor":51.0,"turns":17.0},{"damage":2.0,"enemies":"Shield and Spear","floor":55.0,"turns":11.0},{"damage":50,"enemies":"The Heart","floor":56,"turns":14}],"seed_played":"7005537858265324717","potions_obtained":[{"floor":2.0,"key":"SteroidPotion"},{"floor":3.0,"key":"Swift Potion"},{"floor":12.0,"key":"SpeedPotion"},{"floor":29.0,"key":"SteroidPotion"},{"floor":31.0,"key":"Dexterity Potion"},{"floor":55.0,"key":"PowerPotion"}],"is_trial":false,"path_per_floor":["M","M","M","?","M","E","R","E","T","?","?","M","$","E","R","B",null,"M","M","?","?","M","R","?","?","T","?","$","M","$","E","R","B",null,"M","M","?","M","?","R","$","M","T","R","M","?","?","T","R","B","B",null,"R","$","E","B",null],"character_chosen":"IRONCLAD","items_purchased":["Lantern","True Grit","Juzu Bracelet","DollysMirror","Mango","True Grit","Exhume","Fruit Juice","Anchor","Ancient Potion"],"campfire_rested":5,"item_purchase_floors":[13,13,30,41,41,41,54,54,54,54],"current_hp_per_floor":[74,75,75,49,45,22,22,28,28,34,34,39,39,45,45,49,69,59,44,37,29,11,38,38,38,38,38,38,42,42,42,42,36,41,34,40,40,48,38,53,67,71,71,71,48,48,48,48,71,71,50,69,75,80,84,40],"gold":120,"neow_bonus":"THREE_ENEMY_KILL","is_prod":false,"is_daily":false,"chose_seed":false,"campfire_upgraded":2,"win_rate":0,"timestamp":1553945718,"path_taken":["M","M","M","?","M","E","R","E","T","?","?","?","$","E","R","BOSS","M","M","?","?","M","R","?","?","T","?","$","?","$","E","R","BOSS","M","M","?","M","?","R","?","M","T","R","M","?","?","?","R","BOSS","BOSS","R","$","E","BOSS"],"build_version":"2019-01-23","purchased_purges":2,"victory":true,"max_hp_per_floor":[75,75,75,75,75,75,75,75,75,75,75,75,75,75,75,75,75,75,75,37,42,42,42,42,42,42,42,42,42,42,42,42,42,42,46,49,49,53,53,53,67,71,71,71,71,71,71,71,71,71,75,75,75,80,84,84],"card_choices":[{"not_picked":["Havoc","Warcry"],"picked":"Second Wind","floor":1.0},{"not_picked":["Flex","Headbutt","Clash"],"picked":"SKIP","floor":2.0},{"not_picked":["Fire Breathing","Cleave"],"picked":"Immolate","floor":3.0},{"not_picked":["Anger","Perfected Strike"],"picked":"Rampage","floor":5.0},{"not_picked":["Twin Strike","Spot Weakness"],"picked":"Disarm","floor":6.0},{"not_picked":["Armaments","Dropkick"],"picked":"Flame Barrier","floor":8.0},{"not_picked":["Headbutt","Pummel"],"picked":"Disarm","floor":10.0},{"not_picked":["Fire Breathing","Pommel Strike","Havoc"],"picked":"SKIP","floor":12.0},{"not_picked":["Pommel Strike","Infernal Blade"],"picked":"Armaments","floor":14.0},{"not_picked":["Limit Break","Immolate"],"picked":"Demon Form","floor":16.0},{"not_picked":["Heavy Blade","Clash"],"picked":"Burning Pact+1","floor":18.0},{"not_picked":["True Grit","Uppercut"],"picked":"Seeing Red","floor":19.0},{"not_picked":["Body Slam","Seeing Red"],"picked":"Armaments+1","floor":22.0},{"not_picked":["Blood for Blood","Sword Boomerang+1"],"picked":"Power Through","floor":29.0},{"not_picked":["Spot Weakness","Rupture","Wild Strike"],"picked":"SKIP","floor":31.0},{"not_picked":["Impervious","Dark Embrace"],"picked":"Feed","floor":33.0},{"not_picked":["Disarm","Anger","Searing Blow+1"],"picked":"SKIP","floor":35.0},{"not_picked":["Sword Boomerang","Headbutt"],"picked":"Feel No Pain","floor":36.0},{"not_picked":["Armaments+1","Body Slam"],"picked":"Whirlwind","floor":38.0},{"not_picked":["Impatience","Forethought"],"picked":"Deep Breath","floor":39.0},{"not_picked":["Dramatic Entrance","The Bomb"],"picked":"Dark Shackles","floor":39.0},{"not_picked":["Spot Weakness","Twin Strike","Metallicize"],"picked":"SKIP","floor":42.0},{"not_picked":["Flame Barrier","Pommel Strike","Fire Breathing+1"],"picked":"SKIP","floor":45.0},{"not_picked":["Pommel Strike","Fire Breathing+1"],"picked":"Flame Barrier","floor":45.0},{"not_picked":["Perfected Strike","Pommel Strike+1","Blood for Blood"],"picked":"SKIP","floor":55.0}],"player_experience":2754356,"relics_obtained":[{"floor":6.0,"key":"Ancient Tea Set"},{"floor":8.0,"key":"Regal Pillow"},{"floor":9.0,"key":"Omamori"},{"floor":10.0,"key":"Matryoshka"},{"floor":14.0,"key":"Ice Cream"},{"floor":26.0,"key":"Art of War"},{"floor":26.0,"key":"Orichalcum"},{"floor":31.0,"key":"Pen Nib"},{"floor":43.0,"key":"Vajra"},{"floor":48.0,"key":"Frozen Egg 2"},{"floor":55.0,"key":"Gremlin Horn"}],"event_choices":[{"damage_healed":0.0,"max_hp_gain":0.0,"max_hp_loss":0.0,"gold_gain":0.0,"event_name":"Scrap Ooze","player_choice":"Success","floor":4.0,"gold_loss":0.0,"damage_taken":26.0,"relics_obtained":["PreservedInsect"]},{"damage_healed":0.0,"max_hp_gain":0.0,"max_hp_loss":0.0,"gold_gain":0.0,"event_name":"Dead Adventurer","player_choice":"Searched \u00271\u0027 times","floor":10.0,"gold_loss":0.0,"damage_taken":0.0},{"damage_healed":0.0,"max_hp_gain":0.0,"max_hp_loss":0.0,"gold_gain":0.0,"event_name":"Upgrade Shrine","player_choice":"Upgraded","floor":11.0,"gold_loss":0.0,"damage_taken":0.0,"cards_upgraded":["Bash"]},{"damage_healed":0.0,"max_hp_gain":0.0,"max_hp_loss":38.0,"gold_gain":0.0,"event_name":"Ghosts","player_choice":"Became a Ghost","floor":20.0,"gold_loss":0.0,"damage_taken":0.0,"cards_obtained":["Ghostly","Ghostly","Ghostly"]},{"damage_healed":0.0,"max_hp_gain":5.0,"max_hp_loss":0.0,"gold_gain":0.0,"event_name":"Forgotten Altar","player_choice":"Shed Blood","floor":21.0,"gold_loss":0.0,"damage_taken":13.0},{"damage_healed":0.0,"max_hp_gain":0.0,"max_hp_loss":0.0,"gold_gain":50.0,"event_name":"Nest","player_choice":"Stole From Cult","floor":24.0,"gold_loss":0.0,"damage_taken":0.0},{"cards_removed":["Strike_R"],"damage_healed":0.0,"max_hp_gain":0.0,"max_hp_loss":0.0,"gold_gain":0.0,"event_name":"Beggar","player_choice":"Gave Gold","floor":25.0,"gold_loss":75.0,"damage_taken":0.0},{"damage_healed":0.0,"max_hp_gain":0.0,"max_hp_loss":0.0,"gold_gain":0.0,"event_name":"Duplicator","player_choice":"Copied","floor":27.0,"gold_loss":0.0,"damage_taken":0.0,"cards_obtained":["Ghostly"]},{"damage_healed":0.0,"max_hp_gain":0.0,"max_hp_loss":0.0,"gold_gain":999.0,"event_name":"MindBloom","player_choice":"Gold","floor":37.0,"gold_loss":0.0,"damage_taken":0.0,"cards_obtained":["Normality","Normality"]},{"damage_healed":0.0,"max_hp_gain":0.0,"max_hp_loss":0.0,"gold_gain":0.0,"event_name":"SensoryStone","player_choice":"Memory 3","floor":39.0,"gold_loss":0.0,"damage_taken":10.0},{"damage_healed":0.0,"max_hp_gain":0.0,"max_hp_loss":0.0,"gold_gain":0.0,"event_name":"Mysterious Sphere","player_choice":"Ignored","floor":46.0,"gold_loss":0.0,"damage_taken":0.0},{"cards_removed":["Strike_R"],"damage_healed":0.0,"max_hp_gain":0.0,"max_hp_loss":0.0,"gold_gain":0.0,"event_name":"Falling","player_choice":"Removed Attack","floor":47.0,"gold_loss":0.0,"damage_taken":0.0}],"is_beta":false,"boss_relics":[{"not_picked":["Empty Cage","Orrery"],"picked":"Fusion Hammer"},{"not_picked":["Astrolabe","Black Star"],"picked":"Runic Pyramid"}],"items_purged_floors":[13,41],"is_endless":false,"potions_floor_spawned":[2,3,5,12,14,19,29,31,36,42,45,55],"ascension_level":20}