{"gold_per_floor":[118,43,57,68,68,68,94,108,108,18,48,48,48,7,7,7],"floor_reached":16,"playtime":314,"items_purged":[],"score":216,"play_id":"382635c1-fb8f-4964-8aec-03df9c1c2196","local_time":"20190317175244","is_ascension_mode":true,"campfire_choices":[{"data":"Consume","floor":6,"key":"SMITH"},{"data":"Defragment","floor":15,"key":"SMITH"}],"neow_cost":"NONE","seed_source_timestamp":25403073349500,"circlet_count":0,"master_deck":["AscendersBane","Strike_B","Strike_B","Strike_B","Defend_B","Defend_B","Defend_B","Defend_B","Zap","Dualcast","Consume+1","Chaos","Reboot","Electrodynamics","Rainbow","Defragment+1"],"relics":["Cracked Core","NeowsBlessing","Dodecahedron","Ice Cream","Mango","Bird Faced Urn"],"potions_floor_usage":[7,7,8,11],"damage_taken":[{"damage":0,"enemies":"Small Slimes","floor":1,"turns":1},{"damage":0,"enemies":"Jaw Worm","floor":3,"turns":1},{"damage":0,"enemies":"2 Louse","floor":4,"turns":1},{"damage":39,"enemies":"Gremlin Nob","floor":7,"turns":4},{"damage":4,"enemies":"Large Slime","floor":8,"turns":6},{"damage":10,"enemies":"Lagavulin","floor":11,"turns":5},{"damage":0,"enemies":"Slime Boss","floor":16,"turns":3}],"seed_played":"-7229027173908655030","potions_obtained":[{"floor":1,"key":"LiquidBronze"},{"floor":3,"key":"LiquidBronze"},{"floor":7,"key":"SpeedPotion"},{"floor":8,"key":"Poison Potion"}],"is_trial":false,"path_per_floor":["M","?","M","M","?","R","E","M","T","$","E","?","?","$","R","B"],"character_chosen":"DEFECT","items_purchased":["Electrodynamics","Defragment"],"campfire_rested":0,"item_purchase_floors":[10,14],"current_hp_per_floor":[64,64,64,64,46,46,7,3,17,17,7,7,7,7,7,9],"gold":7,"neow_bonus":"THREE_ENEMY_KILL","is_prod":false,"is_daily":false,"chose_seed":false,"campfire_upgraded":2,"win_rate":0,"timestamp":1552812764,"path_taken":["M","?","M","M","?","R","E","M","T","?","E","?","?","?","R","BOSS"],"build_version":"2019-01-23","purchased_purges":0,"victory":false,"max_hp_per_floor":[71,71,71,71,71,71,71,71,85,85,85,85,85,85,85,85],"card_choices":[{"not_picked":["Beam Cell","Chaos"],"picked":"Consume","floor":1},{"not_picked":["Tempest","Gash"],"picked":"Chaos","floor":3},{"not_picked":["Leap","Storm","Rebound"],"picked":"SKIP","floor":4},{"not_picked":["Heatsinks","Hologram"],"picked":"Reboot","floor":7},{"not_picked":["Skim","Undo","Beam Cell"],"picked":"SKIP","floor":8},{"not_picked":["Recycle","Stack"],"picked":"Rainbow","floor":11}],"player_experience":2322268,"relics_obtained":[{"floor":7,"key":"Ice Cream"},{"floor":9,"key":"Mango"},{"floor":11,"key":"Bird Faced Urn"}],"event_choices":[{"cards_removed":["Strike_B"],"damage_healed":0,"gold_gain":0,"player_choice":"Card Removal","damage_taken":0,"max_hp_gain":0,"max_hp_loss":0,"event_name":"The Cleric","floor":2,"gold_loss":75},{"damage_healed":0,"gold_gain":0,"player_choice":"Success","damage_taken":18,"relics_obtained":["Dodecahedron"],"max_hp_gain":0,"max_hp_loss":0,"event_name":"Scrap Ooze","floor":5,"gold_loss":0},{"damage_healed":0,"gold_gain":0,"player_choice":"Searched \u00270\u0027 times","damage_taken":0,"max_hp_gain":0,"max_hp_loss":0,"event_name":"Dead Adventurer","floor":12,"gold_loss":0},{"damage_healed":0,"gold_gain":0,"player_choice":"Ignored","damage_taken":0,"max_hp_gain":0,"max_hp_loss":0,"event_name":"Shining Light","floor":13,"gold_loss":0}],"is_beta":false,"boss_relics":[],"items_purged_floors":[],"is_endless":false,"potions_floor_spawned":[1,3,7,8],"killed_by":"Slime Boss","ascension_level":20}