{"gold_per_floor":[116,116,135,285,360,360,387,46,46,61,86,86,98,110,110,187,187,205,205,215,215,215,215,227,227,227,254,254,286,286,300,300,376,376,388,406,34,0,0,0,29,29,54,100,112,224,255,267,279,291,303],"floor_reached":52,"playtime":1908,"items_purged":["Doubt"],"score":2258,"play_id":"e03fc627-e0d3-4546-a7ef-e05126903b81","local_time":"20190216232004","is_ascension_mode":true,"campfire_choices":[{"data":"Zap","floor":6,"key":"SMITH"},{"data":"Beam Cell","floor":12,"key":"SMITH"},{"data":"Defragment","floor":15,"key":"SMITH"},{"floor":23,"key":"REST"},{"data":"Coolheaded","floor":25,"key":"SMITH"},{"floor":28,"key":"REST"},{"floor":32,"key":"REST"},{"data":"Biased Cognition","floor":40,"key":"SMITH"},{"data":"Ghostly","floor":45,"key":"SMITH"},{"data":"Ghostly","floor":49,"key":"SMITH"}],"neow_cost":"NONE","seed_source_timestamp":219741086853800,"circlet_count":0,"master_deck":["AscendersBane","Strike_B+1","Strike_B+1","Strike_B+1","Strike_B+1","Defend_B+1","Defend_B+1","Defend_B+1","Defend_B+1","Zap+1","Dualcast","Streamline+1","Coolheaded+1","Cold Snap","Glacier","Beam Cell+1","Reboot","Defragment+1","Coolheaded","Beam Cell","Ghostly+1","Ghostly+1","Ghostly+1","Biased Cognition+1","Coolheaded","Self Repair","Cold Snap","Chill","Gash"],"relics":["Cracked Core","NeowsBlessing","Darkstone Periapt","ClockworkSouvenir","Gremlin Horn","Regal Pillow","Runic Dome","Nilry\u0027s Codex","Unceasing Top","Potion Belt","Vajra","Busted Crown","Pantograph","Red Mask","Pear","MawBank","Bag of Marbles","Thread and Needle"],"potions_floor_usage":[27,29,29,33,51,51,51],"damage_taken":[{"damage":0,"enemies":"Cultist","floor":1,"turns":1},{"damage":0,"enemies":"Small Slimes","floor":3,"turns":1},{"damage":0,"enemies":"3 Sentries","floor":7,"turns":1},{"damage":0,"enemies":"2 Louse","floor":10,"turns":2},{"damage":20,"enemies":"Gremlin Nob","floor":11,"turns":5},{"damage":0,"enemies":"2 Fungi Beasts","floor":13,"turns":2},{"damage":4,"enemies":"Blue Slaver","floor":14,"turns":3},{"damage":12,"enemies":"The Guardian","floor":16,"turns":12},{"damage":3,"enemies":"Spheric Guardian","floor":18,"turns":4},{"damage":7,"enemies":"2 Thieves","floor":20,"turns":4},{"damage":8,"enemies":"Colosseum Slavers","floor":22,"turns":5},{"damage":0,"enemies":"Centurion and Healer","floor":24,"turns":5},{"damage":25,"enemies":"Book of Stabbing","floor":27,"turns":7},{"damage":54,"enemies":"Gremlin Leader","floor":29,"turns":13},{"damage":11,"enemies":"3 Cultists","floor":31,"turns":6},{"damage":0,"enemies":"Automaton","floor":33,"turns":15},{"damage":3,"enemies":"Orb Walker","floor":35,"turns":4},{"damage":0,"enemies":"3 Shapes","floor":36,"turns":5},{"damage":0,"enemies":"Reptomancer","floor":41,"turns":7},{"damage":0,"enemies":"Giant Head","floor":44,"turns":8},{"damage":0,"enemies":"Mind Bloom Boss Battle","floor":46,"turns":8},{"damage":22,"enemies":"Sphere and 2 Shapes","floor":47,"turns":6},{"damage":5,"enemies":"Time Eater","floor":50,"turns":23},{"damage":0,"enemies":"Donu and Deca","floor":51,"turns":12}],"seed_played":"861128791581110055","potions_obtained":[{"floor":7,"key":"SpeedPotion"},{"floor":13,"key":"PowerPotion"},{"floor":20,"key":"Block Potion"},{"floor":27,"key":"GamblersBrew"},{"floor":29,"key":"Ancient Potion"},{"floor":31,"key":"Ancient Potion"},{"floor":33,"key":"Explosive Potion"},{"floor":41,"key":"GamblersBrew"},{"floor":46,"key":"Strength Potion"}],"is_trial":false,"path_per_floor":["M","?","M","?","?","R","E","$","T","M","E","R","M","M","R","B",null,"M","?","M","?","?","R","M","R","T","E","R","E","?","M","R","B",null,"M","M","$","?","?","R","E","?","T","E","R","?","M","?","R","B","B",null],"character_chosen":"DEFECT","items_purchased":["Glacier","ClockworkSouvenir","Pantograph","Self Repair"],"campfire_rested":3,"item_purchase_floors":[8,8,37,37],"current_hp_per_floor":[64,64,64,64,53,53,53,53,53,53,33,33,33,29,29,17,58,55,34,27,27,19,55,55,55,55,30,66,12,12,1,26,26,33,30,30,30,30,30,30,43,43,43,43,43,43,21,21,21,43,43],"gold":315,"neow_bonus":"THREE_ENEMY_KILL","is_prod":false,"is_daily":false,"chose_seed":false,"campfire_upgraded":7,"win_rate":0,"timestamp":1550326804,"path_taken":["M","?","M","?","?","R","E","$","T","M","E","R","M","M","R","BOSS","M","?","M","?","?","R","M","R","T","E","R","E","?","?","R","BOSS","M","?","$","?","?","R","E","?","T","E","R","?","?","?","R","BOSS","BOSS"],"build_version":"2019-01-23","purchased_purges":1,"victory":true,"max_hp_per_floor":[71,71,71,71,71,71,71,71,71,71,71,71,71,71,71,71,71,71,71,71,71,71,71,71,71,71,71,71,71,35,35,35,35,35,35,35,35,35,33,33,43,43,43,43,43,43,43,43,43,43,43],"card_choices":[{"not_picked":["Hologram","Turbo"],"picked":"Streamline","floor":1},{"not_picked":["Darkness","Ball Lightning"],"picked":"Coolheaded","floor":3},{"not_picked":["Gash","Heatsinks"],"picked":"Cold Snap","floor":7},{"not_picked":["Genetic Algorithm","Stack"],"picked":"Beam Cell","floor":10},{"not_picked":["Ball Lightning","Leap"],"picked":"Reboot","floor":11},{"not_picked":["Stack","Skim","Gash"],"picked":"SKIP","floor":13},{"not_picked":["Tempest","Loop"],"picked":"Defragment","floor":14},{"not_picked":["Rebound","Steam","Force Field"],"picked":"SKIP","floor":18},{"not_picked":["Compile Driver","Rebound","Steam Power"],"picked":"SKIP","floor":20},{"not_picked":["Doom and Gloom","Hologram"],"picked":"Coolheaded","floor":24},{"not_picked":["Heatsinks","Leap"],"picked":"Beam Cell","floor":27},{"not_picked":["Aggregate","Chaos","Steam"],"picked":"SKIP","floor":29},{"not_picked":["Conserve Battery","Streamline","Cold Snap"],"picked":"SKIP","floor":31},{"not_picked":["Thunder Strike","Core Surge"],"picked":"Biased Cognition","floor":33},{"not_picked":["Skim"],"picked":"SKIP","floor":35},{"not_picked":[],"picked":"Coolheaded","floor":36},{"not_picked":[],"picked":"Cold Snap","floor":41},{"not_picked":[],"picked":"Chill","floor":44},{"not_picked":[],"picked":"Gash","floor":46},{"not_picked":["Barrage"],"picked":"SKIP","floor":47}],"player_experience":106113,"relics_obtained":[{"floor":7,"key":"Darkstone Periapt"},{"floor":9,"key":"Gremlin Horn"},{"floor":11,"key":"Regal Pillow"},{"floor":19,"key":"Nilry\u0027s Codex"},{"floor":26,"key":"Unceasing Top"},{"floor":27,"key":"Potion Belt"},{"floor":29,"key":"Vajra"},{"floor":41,"key":"Pear"},{"floor":43,"key":"MawBank"},{"floor":44,"key":"Bag of Marbles"},{"floor":46,"key":"Thread and Needle"}],"event_choices":[{"damage_healed":0,"gold_gain":0,"player_choice":"Grow","damage_taken":0,"max_hp_gain":0,"max_hp_loss":0,"event_name":"Living Wall","floor":2,"gold_loss":0,"cards_upgraded":["Streamline"]},{"damage_healed":0,"gold_gain":150,"player_choice":"AGREE","damage_taken":0,"max_hp_gain":0,"max_hp_loss":0,"event_name":"Liars Game","floor":4,"gold_loss":0,"cards_obtained":["Doubt"]},{"damage_healed":0,"gold_gain":75,"player_choice":"Gather Gold","damage_taken":11,"max_hp_gain":0,"max_hp_loss":0,"event_name":"World of Goop","floor":5,"gold_loss":0},{"damage_healed":0,"gold_gain":0,"player_choice":"Obtained Book","damage_taken":21,"max_hp_gain":0,"max_hp_loss":0,"event_name":"Cursed Tome","floor":19,"gold_loss":0},{"damage_healed":0,"gold_gain":0,"player_choice":"Simplicity","damage_taken":0,"max_hp_gain":0,"max_hp_loss":0,"event_name":"Back to Basics","floor":21,"gold_loss":0,"cards_upgraded":["Strike_B","Strike_B","Strike_B","Strike_B","Defend_B","Defend_B","Defend_B","Defend_B"]},{"damage_healed":0,"gold_gain":0,"player_choice":"Fight","damage_taken":0,"max_hp_gain":0,"max_hp_loss":0,"event_name":"Colosseum","floor":22,"gold_loss":0},{"damage_healed":0,"gold_gain":0,"player_choice":"Fled From Nobs","damage_taken":0,"max_hp_gain":0,"max_hp_loss":0,"event_name":"Colosseum","floor":22,"gold_loss":0},{"damage_healed":0,"gold_gain":0,"player_choice":"Became a Ghost","damage_taken":0,"max_hp_gain":0,"max_hp_loss":36,"event_name":"Ghosts","floor":30,"gold_loss":0,"cards_obtained":["Ghostly","Ghostly","Ghostly"]},{"damage_healed":0,"gold_gain":0,"player_choice":"Paid","damage_taken":0,"relics_obtained":["Red Mask"],"max_hp_gain":0,"max_hp_loss":0,"event_name":"Tomb of Lord Red Mask","floor":38,"gold_loss":34},{"damage_healed":0,"gold_gain":0,"player_choice":"Max HP","damage_taken":0,"max_hp_gain":0,"max_hp_loss":2,"event_name":"Winding Halls","floor":39,"gold_loss":0},{"damage_healed":0,"gold_gain":0,"player_choice":"Ignored","damage_taken":0,"max_hp_gain":0,"max_hp_loss":0,"event_name":"Mysterious Sphere","floor":42,"gold_loss":0},{"damage_healed":0,"gold_gain":0,"player_choice":"Fight","damage_taken":0,"max_hp_gain":0,"max_hp_loss":0,"event_name":"MindBloom","floor":46,"gold_loss":0},{"damage_healed":0,"gold_gain":0,"player_choice":"Upgraded","damage_taken":0,"max_hp_gain":0,"max_hp_loss":0,"event_name":"Upgrade Shrine","floor":48,"gold_loss":0,"cards_upgraded":["Ghostly"]}],"is_beta":false,"boss_relics":[{"not_picked":["Calling Bell","Orrery"],"picked":"Runic Dome"},{"not_picked":["Empty Cage","Runic Pyramid"],"picked":"Busted Crown"}],"items_purged_floors":[8],"is_endless":false,"potions_floor_spawned":[7,13,20,27,29,31,33,41,46],"ascension_level":20}