{"gold_per_floor":[15,15,29,29,45,45,77,77,77,77,111,111,111,129,129,201,201,221,146,159,31,31],"floor_reached":22,"playtime":883,"items_purged":["Strike_R"],"score":484,"play_id":"2496ffdc-7f5a-4248-a1ce-3844366c1458","local_time":"20190315195104","is_ascension_mode":true,"campfire_choices":[{"data":"Bash","floor":6,"key":"SMITH"},{"floor":8,"key":"REST"},{"data":"Corruption","floor":10,"key":"SMITH"},{"data":"Barricade","floor":13,"key":"SMITH"},{"data":"Entrench","floor":15,"key":"SMITH"}],"neow_cost":"NO_GOLD","seed_source_timestamp":121007927457900,"circlet_count":0,"master_deck":["AscendersBane","Strike_R","Strike_R","Strike_R+1","Defend_R","Defend_R+1","Defend_R","Defend_R","Bash+1","Entrench+1","Corruption+1","Evolve","Dropkick","Barricade+1","Offering","True Grit","Battle Trance","Armaments"],"relics":["Burning Blood","Champion Belt","Anchor","Matryoshka","Bronze Scales","Runic Pyramid"],"potions_floor_usage":[11,16,16,20,22,22],"damage_taken":[{"damage":1,"enemies":"Small Slimes","floor":1,"turns":5},{"damage":6,"enemies":"Jaw Worm","floor":3,"turns":4},{"damage":6,"enemies":"2 Louse","floor":5,"turns":3},{"damage":46,"enemies":"Lagavulin","floor":7,"turns":9},{"damage":27,"enemies":"3 Sentries","floor":11,"turns":10},{"damage":5,"enemies":"Blue Slaver","floor":14,"turns":3},{"damage":0,"enemies":"Hexaghost","floor":16,"turns":13},{"damage":8,"enemies":"Chosen","floor":18,"turns":5},{"damage":15,"enemies":"Shell Parasite","floor":20,"turns":5},{"damage":50,"enemies":"3 Cultists","floor":22,"turns":8}],"seed_played":"-1951456525614078842","potions_obtained":[{"floor":1,"key":"GamblersBrew"},{"floor":7,"key":"AttackPotion"},{"floor":11,"key":"SpeedPotion"},{"floor":16,"key":"Ancient Potion"},{"floor":18,"key":"Weak Potion"},{"floor":20,"key":"BloodPotion"}],"is_trial":false,"path_per_floor":["M","?","M","?","M","R","E","R","T","R","E","?","R","M","R","B",null,"M","?","M","$","M"],"character_chosen":"IRONCLAD","items_purchased":["Armaments"],"campfire_rested":1,"item_purchase_floors":[21],"current_hp_per_floor":[73,50,50,50,50,50,10,32,32,32,11,11,11,12,12,18,61,59,59,50,50,7],"gold":31,"neow_bonus":"ONE_RARE_RELIC","is_prod":false,"is_daily":false,"chose_seed":false,"campfire_upgraded":4,"win_rate":0,"timestamp":1552647064,"path_taken":["M","?","M","?","M","R","E","R","T","R","E","?","R","M","R","BOSS","M","?","M","$","M"],"build_version":"2019-01-23","purchased_purges":1,"victory":false,"max_hp_per_floor":[75,75,75,75,75,75,75,75,75,75,75,75,75,75,75,75,75,75,75,75,75,75],"card_choices":[{"not_picked":["Shockwave","Body Slam"],"picked":"Entrench","floor":1},{"not_picked":["Dropkick","Ghostly Armor"],"picked":"Corruption","floor":3},{"not_picked":["Fire Breathing","Twin Strike"],"picked":"Evolve","floor":5},{"not_picked":["Anger","Headbutt"],"picked":"Dropkick","floor":7},{"not_picked":["Anger","Demon Form"],"picked":"Barricade","floor":11},{"not_picked":["Iron Wave","Infernal Blade","Havoc"],"picked":"SKIP","floor":14},{"not_picked":["Fiend Fire","Reaper"],"picked":"Offering","floor":16},{"not_picked":["Shrug It Off","Battle Trance"],"picked":"True Grit","floor":18},{"not_picked":["Twin Strike","Perfected Strike"],"picked":"Battle Trance","floor":20}],"player_experience":2293900,"relics_obtained":[{"floor":7,"key":"Anchor"},{"floor":9,"key":"Matryoshka"},{"floor":11,"key":"Bronze Scales"}],"event_choices":[{"damage_healed":0,"gold_gain":0,"player_choice":"Entered Light","damage_taken":23,"max_hp_gain":0,"max_hp_loss":0,"event_name":"Shining Light","floor":2,"gold_loss":0,"cards_upgraded":["Defend_R","Strike_R"]},{"damage_healed":0,"gold_gain":0,"player_choice":"Ignored","damage_taken":0,"max_hp_gain":0,"max_hp_loss":0,"event_name":"Liars Game","floor":4,"gold_loss":0},{"damage_healed":0,"gold_gain":0,"player_choice":"Searched \u00270\u0027 times","damage_taken":0,"max_hp_gain":0,"max_hp_loss":0,"event_name":"Dead Adventurer","floor":12,"gold_loss":0},{"cards_removed":["Strike_R"],"damage_healed":0,"gold_gain":0,"player_choice":"Gave Gold","damage_taken":0,"max_hp_gain":0,"max_hp_loss":0,"event_name":"Beggar","floor":19,"gold_loss":75}],"is_beta":false,"boss_relics":[{"not_picked":["Ectoplasm","Fusion Hammer"],"picked":"Runic Pyramid"}],"items_purged_floors":[21],"is_endless":false,"potions_floor_spawned":[1,7,11,16,18,20],"killed_by":"3 Cultists","ascension_level":20}