{"gold_per_floor":[16,16,27,27,41,70,81,81,150,150,168,196,208,220,232,244],"floor_reached":16,"playtime":547,"items_purged":[],"score":220,"play_id":"28df4b5a-6582-4c72-836b-3411a77d32f6","local_time":"20190210143759","is_ascension_mode":true,"campfire_choices":[{"data":"Streamline","floor":8,"key":"SMITH"},{"floor":10,"key":"REST"},{"data":"Coolheaded","floor":15,"key":"SMITH"}],"neow_cost":"NO_GOLD","seed_source_timestamp":419107956892400,"circlet_count":0,"master_deck":["AscendersBane","Strike_B","Strike_B","Strike_B","Strike_B","Defend_B","Defend_B","Defend_B","Defend_B","Zap+1","Dualcast","Seek","Streamline+1","Gash","White Noise","Coolheaded+1","Glacier"],"relics":["Cracked Core","Calipers","Question Card","MawBank","Dodecahedron"],"potions_floor_usage":[12,16],"damage_taken":[{"damage":6,"enemies":"Jaw Worm","floor":1,"turns":4},{"damage":0,"enemies":"Cultist","floor":3,"turns":3},{"damage":5,"enemies":"Small Slimes","floor":5,"turns":3},{"damage":32,"enemies":"Gremlin Nob","floor":6,"turns":4},{"damage":1,"enemies":"2 Fungi Beasts","floor":7,"turns":3},{"damage":13,"enemies":"Blue Slaver","floor":11,"turns":3},{"damage":26,"enemies":"Lagavulin","floor":12,"turns":7},{"damage":16,"enemies":"Hexaghost","floor":16,"turns":9}],"seed_played":"-5564729744526800611","potions_obtained":[{"floor":3,"key":"Energy Potion"},{"floor":11,"key":"EssenceOfSteel"}],"is_trial":false,"path_per_floor":["M","?","M","$","M","E","M","R","T","R","M","E","T","?","R","B"],"character_chosen":"DEFECT","items_purchased":[],"campfire_rested":1,"item_purchase_floors":[],"current_hp_per_floor":[58,58,58,58,53,21,20,20,20,41,28,2,2,25,25,9],"gold":244,"neow_bonus":"THREE_RARE_CARDS","is_prod":false,"is_daily":false,"chose_seed":false,"campfire_upgraded":2,"win_rate":0,"timestamp":1549777079,"path_taken":["M","?","M","$","M","E","M","R","T","R","?","E","?","?","R","BOSS"],"build_version":"2019-01-23","purchased_purges":0,"victory":false,"max_hp_per_floor":[71,71,71,71,71,71,71,71,71,71,71,71,71,71,71,71],"card_choices":[{"not_picked":["All For One","Amplify"],"picked":"Seek","floor":0},{"not_picked":["Hologram","Auto Shields","Storm"],"picked":"SKIP","floor":1},{"not_picked":["Beam Cell","Coolheaded"],"picked":"Streamline","floor":3},{"not_picked":["Reinforced Body","Barrage"],"picked":"Gash","floor":5},{"not_picked":["Sweeping Beam","Reprogram","Stack"],"picked":"SKIP","floor":6},{"not_picked":["Hologram","Redo"],"picked":"White Noise","floor":7},{"not_picked":["Skim","Gash","Blizzard"],"picked":"Coolheaded","floor":11},{"not_picked":["Heatsinks","Hyperbeam","Compile Driver"],"picked":"Glacier","floor":12}],"player_experience":1492269,"relics_obtained":[{"floor":6,"key":"Calipers"},{"floor":9,"key":"Question Card"},{"floor":12,"key":"MawBank"},{"floor":13,"key":"Dodecahedron"}],"event_choices":[{"damage_healed":0,"gold_gain":0,"player_choice":"Upgraded","damage_taken":0,"max_hp_gain":0,"max_hp_loss":0,"event_name":"Upgrade Shrine","floor":2,"gold_loss":0,"cards_upgraded":["Zap"]},{"damage_healed":23,"gold_gain":0,"player_choice":"Banana","damage_taken":0,"max_hp_gain":0,"max_hp_loss":0,"event_name":"Big Fish","floor":14,"gold_loss":0}],"is_beta":false,"boss_relics":[],"items_purged_floors":[],"is_endless":false,"potions_floor_spawned":[3,11],"killed_by":"Hexaghost","ascension_level":20}