{"gold_per_floor":[119,136,155,120,120,154,154,187,187,187],"floor_reached":10,"playtime":207,"items_purged":[],"score":152,"play_id":"6fce8c0b-695e-413b-9976-c2af436a521e","local_time":"20190422181303","is_ascension_mode":true,"campfire_choices":[{"data":"Perfected Strike","floor":7,"key":"SMITH"}],"neow_cost":"NONE","seed_source_timestamp":23290259822600,"circlet_count":0,"master_deck":["AscendersBane","Strike_R","Strike_R","Strike_R","Strike_R","Strike_R","Defend_R","Defend_R","Defend_R","Defend_R","Bash","Dark Embrace","Spot Weakness","Disarm","Perfected Strike+1","Pain","Reaper","Shockwave"],"relics":["Burning Blood","WarpedTongs","Omamori","Letter Opener","Happy Flower"],"potions_floor_usage":[8],"damage_taken":[{"damage":7,"enemies":"Cultist","floor":1,"turns":4},{"damage":19,"enemies":"Jaw Worm","floor":2,"turns":3},{"damage":6,"enemies":"2 Louse","floor":3,"turns":2},{"damage":43,"enemies":"3 Sentries","floor":6,"turns":8},{"damage":33,"enemies":"Gremlin Nob","floor":8,"turns":4},{"damage":0,"enemies":"Exordium Thugs","floor":10,"turns":1}],"seed_played":"7362126964342846518","potions_obtained":[{"floor":1,"key":"LiquidBronze"},{"floor":6,"key":"Energy Potion"},{"floor":8,"key":"Weak Potion"}],"is_trial":false,"path_per_floor":["M","M","M","?","?","E","R","E","T","M"],"character_chosen":"IRONCLAD","items_purchased":[],"campfire_rested":0,"item_purchase_floors":[],"current_hp_per_floor":[67,54,54,72,72,35,35,14,14,14],"gold":187,"neow_bonus":"ONE_RANDOM_RARE_CARD","is_prod":false,"is_daily":false,"chose_seed":false,"campfire_upgraded":1,"win_rate":0,"timestamp":1555924383,"path_taken":["M","M","?","?","?","E","R","E","T","?"],"build_version":"2019-01-23","purchased_purges":0,"victory":false,"max_hp_per_floor":[75,75,75,75,75,75,75,75,75,75],"card_choices":[{"not_picked":["Hemokinesis","Flex"],"picked":"Spot Weakness","floor":1},{"not_picked":["Havoc","Second Wind"],"picked":"Disarm","floor":2},{"not_picked":["Sword Boomerang","Clash"],"picked":"Perfected Strike","floor":3},{"not_picked":["Cleave","Dropkick"],"picked":"Reaper","floor":6},{"not_picked":["Armaments","Inflame"],"picked":"Shockwave","floor":8}],"player_experience":3298109,"relics_obtained":[{"floor":6,"key":"Omamori"},{"floor":8,"key":"Letter Opener"},{"floor":9,"key":"Happy Flower"}],"event_choices":[{"damage_healed":18,"gold_gain":0,"player_choice":"Healed","damage_taken":0,"max_hp_gain":0,"max_hp_loss":0,"event_name":"The Cleric","floor":4,"gold_loss":35},{"damage_healed":0,"gold_gain":0,"player_choice":"Rummage","damage_taken":0,"relics_obtained":["WarpedTongs"],"max_hp_gain":0,"max_hp_loss":0,"event_name":"Accursed Blacksmith","floor":5,"gold_loss":0,"cards_obtained":["Pain"]}],"is_beta":false,"boss_relics":[],"items_purged_floors":[],"is_endless":false,"potions_floor_spawned":[1,6,8],"killed_by":"Exordium Thugs","ascension_level":20}