{"gold_per_floor":[110,128,12,12,12,38,138,157,203,203,214,64,93,93,93,93],"floor_reached":16,"playtime":939,"items_purged":["Strike_G"],"score":123,"play_id":"efe43c69-fe02-4ea3-bd5b-d842ef19444c","local_time":"20190421002615","is_ascension_mode":true,"campfire_choices":[{"data":"Dagger Spray","floor":10.0,"key":"SMITH"},{"floor":15.0,"key":"REST"}],"neow_cost":"NONE","seed_source_timestamp":16013567894500,"circlet_count":0,"master_deck":["Defend_G","Defend_G","Defend_G","Defend_G","Defend_G","Strike_G","Strike_G","Strike_G","Survivor","Neutralize","PiercingWail","Quick Slash","Well Laid Plans","Deadly Poison","Dagger Spray+1","Blur","Blade Dance","Skewer"],"special_seed":0,"relics":["Ring of the Snake","Juzu Bracelet","Sundial","Orichalcum","Regal Pillow","Odd Mushroom"],"potions_floor_usage":[16,16],"damage_taken":[{"damage":1.0,"enemies":"2 Louse","floor":1.0,"turns":3.0},{"damage":0.0,"enemies":"Jaw Worm","floor":2.0,"turns":4.0},{"damage":31.0,"enemies":"3 Sentries","floor":6.0,"turns":11.0},{"damage":2.0,"enemies":"Small Slimes","floor":8.0,"turns":3.0},{"damage":2.0,"enemies":"Red Slaver","floor":11.0,"turns":4.0},{"damage":10.0,"enemies":"The Mushroom Lair","floor":13.0,"turns":4.0},{"damage":63,"enemies":"Hexaghost","floor":16,"turns":16}],"seed_played":"8587375133541207887","potions_obtained":[{"floor":2.0,"key":"LiquidBronze"},{"floor":6.0,"key":"SpeedPotion"},{"floor":13.0,"key":"Energy Potion"}],"is_trial":false,"path_per_floor":["M","M","$","?","?","E","?","M","T","R","M","$","?","?","R","B"],"character_chosen":"THE_SILENT","items_purchased":["Well Laid Plans","Regal Pillow"],"campfire_rested":1,"item_purchase_floors":[3,12],"current_hp_per_floor":[76,76,76,76,69,38,38,36,36,36,34,34,24,24,62,0],"gold":93,"neow_bonus":"TEN_PERCENT_HP_BONUS","is_prod":false,"is_daily":false,"chose_seed":false,"campfire_upgraded":1,"win_rate":0,"timestamp":1555773975,"path_taken":["M","M","$","?","?","E","?","M","T","R","M","$","?","?","R","BOSS"],"build_version":"2019-01-23","purchased_purges":1,"victory":false,"max_hp_per_floor":[77,77,77,77,77,77,77,77,77,77,77,77,77,77,77,77],"card_choices":[{"not_picked":["Flying Knee","Dagger Spray"],"picked":"PiercingWail","floor":1.0},{"not_picked":["Eviscerate","Reflex"],"picked":"Quick Slash","floor":2.0},{"not_picked":["Riddle With Holes","Poisoned Stab"],"picked":"Deadly Poison","floor":6.0},{"not_picked":["Deflect","Quick Slash"],"picked":"Dagger Spray","floor":8.0},{"not_picked":["Bouncing Flask","Cloak And Dagger"],"picked":"Blur","floor":11.0},{"not_picked":["Outmaneuver","Infinite Blades"],"picked":"Blade Dance","floor":13.0}],"player_experience":321347,"relics_obtained":[{"floor":6.0,"key":"Sundial"},{"floor":9.0,"key":"Orichalcum"},{"floor":13.0,"key":"Odd Mushroom"}],"event_choices":[{"damage_healed":0.0,"max_hp_gain":0.0,"max_hp_loss":0.0,"gold_gain":0.0,"event_name":"The Cleric","player_choice":"Leave","floor":4.0,"gold_loss":0.0,"damage_taken":0.0},{"damage_healed":0.0,"max_hp_gain":0.0,"max_hp_loss":0.0,"gold_gain":0.0,"event_name":"Scrap Ooze","player_choice":"Success","floor":5.0,"gold_loss":0.0,"damage_taken":7.0,"relics_obtained":["Juzu Bracelet"]},{"damage_healed":0.0,"max_hp_gain":0.0,"max_hp_loss":0.0,"gold_gain":100.0,"event_name":"Golden Shrine","player_choice":"Pray","floor":7.0,"gold_loss":0.0,"damage_taken":0.0},{"damage_healed":0.0,"max_hp_gain":0.0,"max_hp_loss":0.0,"gold_gain":0.0,"event_name":"Mushrooms","player_choice":"Fought Mushrooms","floor":13.0,"gold_loss":0.0,"damage_taken":0.0},{"damage_healed":0.0,"max_hp_gain":0.0,"max_hp_loss":0.0,"gold_gain":0.0,"cards_transformed":["Strike_G"],"event_name":"Living Wall","player_choice":"Change","floor":14.0,"gold_loss":0.0,"damage_taken":0.0,"cards_obtained":["Skewer"]}],"is_beta":false,"boss_relics":[],"items_purged_floors":[3],"is_endless":false,"potions_floor_spawned":[2,6,13],"killed_by":"Hexaghost","ascension_level":5}