{"gold_per_floor":[109,125,200,200,218,218,218,218,218,237,237,237,256,256],"floor_reached":14,"playtime":303,"items_purged":[],"score":160,"play_id":"da174f95-7031-4d34-bdf0-e63f4cc95beb","local_time":"20190205212325","is_ascension_mode":true,"campfire_choices":[{"floor":6,"key":"DIG"},{"floor":8,"key":"DIG"},{"floor":11,"key":"DIG"},{"floor":12,"key":"DIG"}],"neow_cost":"PERCENT_DAMAGE","seed_source_timestamp":11675487096600,"circlet_count":0,"master_deck":["AscendersBane","Strike_B","Strike_B","Strike_B","Strike_B","Defend_B","Defend_B","Defend_B","Defend_B","Zap","Dualcast","Coolheaded","Streamline"],"relics":["Cracked Core","Shovel","Juzu Bracelet","Peace Pipe","Golden Idol","WingedGreaves","Lantern","Du-Vu Doll"],"potions_floor_usage":[14,14],"damage_taken":[{"damage":0,"enemies":"2 Louse","floor":1,"turns":4},{"damage":1,"enemies":"Cultist","floor":2,"turns":3},{"damage":9,"enemies":"Small Slimes","floor":5,"turns":3},{"damage":4,"enemies":"Exordium Wildlife","floor":10,"turns":3},{"damage":7,"enemies":"Blue Slaver","floor":13,"turns":5},{"damage":14,"enemies":"Exordium Thugs","floor":14,"turns":3}],"seed_played":"6319056236834900733","potions_obtained":[{"floor":2,"key":"Fire Potion"},{"floor":5,"key":"GamblersBrew"}],"is_trial":false,"path_per_floor":["M","M","?","?","M","R","?","R","T","M","R","R","M","M"],"character_chosen":"DEFECT","items_purchased":[],"campfire_rested":0,"item_purchase_floors":[],"current_hp_per_floor":[46,45,34,34,25,25,25,25,25,21,21,21,14,0],"gold":256,"neow_bonus":"ONE_RARE_RELIC","is_prod":false,"is_daily":false,"chose_seed":false,"campfire_upgraded":0,"win_rate":0,"timestamp":1549369405,"path_taken":["M","M","?","?","M","R","?","R","T","M","R","R","M","M"],"build_version":"2019-01-23","purchased_purges":0,"victory":false,"max_hp_per_floor":[71,71,71,71,71,71,64,64,64,64,64,64,64,64],"card_choices":[{"not_picked":["Barrage","Chaos","Compile Driver"],"picked":"SKIP","floor":1},{"not_picked":["Compile Driver","Turbo"],"picked":"Gash","floor":2},{"not_picked":["Rebound","Stack"],"picked":"Coolheaded","floor":5},{"not_picked":["Hello World","Undo","Rebound"],"picked":"SKIP","floor":10},{"not_picked":["Genetic Algorithm","Rebound"],"picked":"Streamline","floor":13}],"player_experience":1388902,"relics_obtained":[{"floor":6,"key":"Peace Pipe"},{"floor":8,"key":"WingedGreaves"},{"floor":11,"key":"Lantern"},{"floor":12,"key":"Du-Vu Doll"}],"event_choices":[{"damage_healed":0,"gold_gain":75,"player_choice":"Gather Gold","damage_taken":11,"max_hp_gain":0,"max_hp_loss":0,"event_name":"World of Goop","floor":3,"gold_loss":0},{"cards_removed":["Gash"],"damage_healed":0,"gold_gain":0,"player_choice":"Gave Card","damage_taken":0,"relics_obtained":["Juzu Bracelet"],"max_hp_gain":0,"max_hp_loss":0,"event_name":"WeMeetAgain","floor":4,"gold_loss":0},{"damage_healed":0,"gold_gain":0,"player_choice":"Lose Max HP","damage_taken":0,"relics_obtained":["Golden Idol"],"max_hp_gain":0,"max_hp_loss":7,"event_name":"Golden Idol","floor":7,"gold_loss":0}],"is_beta":false,"boss_relics":[],"items_purged_floors":[],"is_endless":false,"potions_floor_spawned":[2,5],"killed_by":"Exordium Thugs","ascension_level":20}