{"path_per_floor":["M","?","M","M","M","R","E","R","T","R","M","?","E","M","R","B",null,"M","M","?","$"],"character_chosen":"IRONCLAD","items_purchased":["Demon Form"],"gold_per_floor":[111,91,101,120,137,137,170,170,197,197,207,307,338,350,350,454,454,473,491,491,267],"floor_reached":22,"campfire_rested":0,"playtime":2030,"current_hp_per_floor":[80,80,80,77,78,78,56,56,56,56,59,59,55,51,51,27,80,38,7,7,7],"items_purged":["Bash"],"gold":267,"score":196,"play_id":"f47feffd-02c4-4f90-9fce-3057365efd0b","is_prod":false,"is_daily":false,"is_ascension_mode":false,"campfire_upgraded":4,"path_taken":["M","?","?","M","M","R","E","R","T","R","M","?","E","M","R","BOSS","M","M","?","$","M"],"build_version":"2018-02-05-BETA1","purchased_purges":1,"victory":false,"master_deck":["Strike_R","Strike_R","Strike_R","Strike_R","Strike_R","Defend_R","Defend_R","Defend_R","Defend_R","Uppercut+1","Inflame+1","True Grit+1","Battle Trance+1","Headbutt","Brutality","Rupture","Berserk","Warcry","Combust","Demon Form"],"max_hp_per_floor":[80,80,80,80,80,80,80,80,80,80,80,80,80,80,80,80,80,80,80,80,80],"relics":["Burning Blood","Frozen Eye","Anchor","Toolbox","Nloth\u0027s Gift"],"card_choices":[{"not_picked":["Reckless Charge","Clothesline"],"picked":"Uppercut"},{"not_picked":["Feel No Pain","Headbutt"],"picked":"Inflame"},{"not_picked":["Battle Trance","Shrug It Off"],"picked":"True Grit"},{"not_picked":["Shockwave","Uppercut"],"picked":"Battle Trance"},{"not_picked":["Power Through","Pummel"],"picked":"Headbutt"},{"not_picked":["Rupture","Blood for Blood"],"picked":"Brutality"},{"not_picked":["Perfected Strike","Second Wind"],"picked":"Rupture"},{"not_picked":["Barricade","Impervious"],"picked":"Berserk"},{"not_picked":["Body Slam","Pommel Strike"],"picked":"Warcry"},{"not_picked":["Second Wind","Clothesline"],"picked":"Combust"}],"player_experience":4539,"potions_floor_usage":[4,13,14,16,19,22],"damage_taken":[{"damage":6,"enemies":"Cultist","floor":1,"turns":3},{"damage":1,"enemies":"Jaw Worm","floor":3,"turns":3},{"damage":9,"enemies":"Blue Slaver","floor":4,"turns":2},{"damage":5,"enemies":"Looter","floor":5,"turns":5},{"damage":28,"enemies":"Lagavulin","floor":7,"turns":6},{"damage":3,"enemies":"Red Slaver","floor":11,"turns":4},{"damage":10,"enemies":"3 Sentries","floor":13,"turns":5},{"damage":10,"enemies":"Lots of Slimes","floor":14,"turns":6},{"damage":30,"enemies":"Hexaghost","floor":16,"turns":9},{"damage":48,"enemies":"3 Byrds","floor":18,"turns":9},{"damage":37,"enemies":"Chosen","floor":19,"turns":7},{"damage":7,"enemies":"Centurion and Healer","floor":22,"turns":4}],"event_choices":[{"event_name":"The Woman in Blue","player_choice":"Bought 1 Potion","floor":2,"damage_taken":0},{"event_name":"Golden Shrine","player_choice":"Pray","floor":12,"damage_taken":0},{"event_name":"N\u0027loth","player_choice":"Traded a Black Star","floor":20,"damage_taken":0}],"boss_relics":[{"not_picked":["Ectoplasm","Velvet Choker"],"picked":"Black Star"}],"potions_floor_spawned":[1,11,13,18,19],"seed_played":"-3651026973172837272","killed_by":"Centurion and Healer","ascension_level":0,"is_trial":false}