{"path_per_floor":["M","?","?","M","?","R","E","M","T","R","M","?"],"character_chosen":"THE_SILENT","items_purchased":[],"gold_per_floor":[218,218,218,231,181,181,216,236,236,236,256,276,276],"floor_reached":13,"campfire_rested":0,"playtime":1117,"current_hp_per_floor":[61,61,47,47,47,47,25,23,23,23,22,5,0],"items_purged":[],"gold":276,"score":116,"play_id":"5814da8a-533a-429b-b1c8-3d8cf8414f63","local_time":"20180409221028","is_prod":false,"is_daily":false,"is_ascension_mode":true,"campfire_upgraded":1,"timestamp":1523283028,"path_taken":["M","?","?","?","?","R","E","M","T","R","M","?","M"],"build_version":"2018-04-05","purchased_purges":0,"victory":false,"master_deck":["Defend_G","Defend_G","Defend_G+1","Defend_G","Defend_G","Strike_G","Strike_G","Strike_G+1","Strike_G","Survivor","Neutralize+1","Calculated Gamble","Tools of the Trade","Predator","Infinite Blades","Backflip","Terror"],"max_hp_per_floor":[70,70,70,70,70,70,70,70,70,70,70,70,70],"relics":["Ring of the Snake","Shovel","The Courier","Peace Pipe","Odd Mushroom"],"card_choices":[{"not_picked":["Slice","Sucker Punch"],"picked":"Calculated Gamble","floor":1.0},{"not_picked":["Prepared","Eviscerate"],"picked":"Tools of the Trade","floor":4.0},{"not_picked":["Sucker Punch","Slice"],"picked":"Predator","floor":7.0},{"not_picked":["Outmaneuver","Underhanded Strike"],"picked":"Infinite Blades","floor":8},{"not_picked":["Eviscerate","Slice"],"picked":"Backflip","floor":11},{"not_picked":["Bane","Flying Knee"],"picked":"Terror","floor":12}],"player_experience":240246,"potions_floor_usage":[12],"damage_taken":[{"damage":2.0,"enemies":"2 Louse","floor":1.0,"turns":2.0},{"damage":0.0,"enemies":"Jaw Worm","floor":4.0,"turns":4.0},{"damage":22.0,"enemies":"3 Sentries","floor":7.0,"turns":15.0},{"damage":2,"enemies":"Small Slimes","floor":8,"turns":3},{"damage":1,"enemies":"Red Slaver","floor":11,"turns":5},{"damage":17,"enemies":"The Mushroom Lair","floor":12,"turns":6},{"damage":5,"enemies":"3 Louse","floor":13,"turns":2}],"event_choices":[{"event_name":"Liars Game","player_choice":"disagreed","floor":2.0,"damage_taken":0.0},{"event_name":"Shining Light","player_choice":"Entered Light","floor":3.0,"damage_taken":0.0},{"event_name":"The Cleric","player_choice":"Card Removal","floor":5.0,"damage_taken":0.0},{"event_name":"Mushrooms","player_choice":"Fought Mushrooms","floor":12,"damage_taken":0}],"boss_relics":[],"potions_floor_spawned":[7],"seed_played":"-4813369458912715383","killed_by":"3 Louse","ascension_level":8,"is_trial":false}