{"gold_per_floor":[114,114,132,142,152,152,427,452,452,452,4,4,4,4,4,4],"floor_reached":16,"playtime":248,"items_purged":[],"score":196,"play_id":"2abeb8cd-14c3-4d38-a300-06bdaee19882","local_time":"20190323134033","is_ascension_mode":true,"campfire_choices":[{"data":"Shockwave","floor":6,"key":"SMITH"},{"data":"Bash","floor":10,"key":"SMITH"},{"floor":12,"key":"REST"},{"data":"Strike_R","floor":15,"key":"SMITH"}],"neow_cost":"NONE","seed_source_timestamp":327941098386600,"circlet_count":0,"master_deck":["AscendersBane","Strike_R","Strike_R","Strike_R","Strike_R","Strike_R+1","Defend_R+1","Defend_R","Defend_R","Defend_R","Bash+1","Seeing Red","Flame Barrier+1","Shockwave+1","Regret"],"relics":["Burning Blood","NeowsBlessing","CultistMask","Champion Belt","Blue Candle","Omamori","Sundial"],"potions_floor_usage":[16],"damage_taken":[{"damage":0,"enemies":"Small Slimes","floor":1,"turns":1},{"damage":0,"enemies":"Cultist","floor":3,"turns":1},{"damage":0,"enemies":"2 Louse","floor":4,"turns":2},{"damage":10,"enemies":"Looter","floor":5,"turns":5},{"damage":50,"enemies":"Gremlin Nob","floor":8,"turns":6},{"damage":29,"enemies":"Slime Boss","floor":16,"turns":7}],"seed_played":"6302006088656701522","potions_obtained":[{"floor":1,"key":"FearPotion"},{"floor":4,"key":"FairyPotion"}],"is_trial":false,"path_per_floor":["M","?","M","M","M","R","?","E","T","R","$","R","?","?","R","B"],"character_chosen":"IRONCLAD","items_purchased":["Omamori","Sundial"],"campfire_rested":1,"item_purchase_floors":[11,11],"current_hp_per_floor":[74,74,75,75,71,71,71,27,27,27,27,49,26,51,51,22],"gold":4,"neow_bonus":"THREE_ENEMY_KILL","is_prod":false,"is_daily":false,"chose_seed":false,"campfire_upgraded":3,"win_rate":0,"timestamp":1553316033,"path_taken":["M","?","?","M","?","R","?","E","T","R","?","R","?","?","R","BOSS"],"build_version":"2019-01-23","purchased_purges":0,"victory":false,"max_hp_per_floor":[75,75,75,75,75,75,75,75,75,75,75,75,75,75,75,75],"card_choices":[{"not_picked":["Combust","Burning Pact"],"picked":"Seeing Red","floor":1},{"not_picked":["Clash","Burning Pact","Thunderclap"],"picked":"SKIP","floor":3},{"not_picked":["Thunderclap","Intimidate"],"picked":"Flame Barrier","floor":4},{"not_picked":["Twin Strike","Cleave"],"picked":"Shockwave","floor":5},{"not_picked":["Spot Weakness","Burning Pact","Headbutt"],"picked":"SKIP","floor":8}],"player_experience":2497265,"relics_obtained":[{"floor":8,"key":"Champion Belt"},{"floor":9,"key":"Blue Candle"}],"event_choices":[{"damage_healed":0,"gold_gain":0,"player_choice":"Trade","damage_taken":0,"relics_obtained":["CultistMask"],"max_hp_gain":0,"max_hp_loss":0,"event_name":"FaceTrader","floor":2,"gold_loss":0},{"damage_healed":0,"gold_gain":275,"player_choice":"Desecrate","damage_taken":0,"max_hp_gain":0,"max_hp_loss":0,"event_name":"Golden Shrine","floor":7,"gold_loss":0,"cards_obtained":["Regret"]},{"damage_healed":0,"gold_gain":0,"player_choice":"Entered Light","damage_taken":23,"max_hp_gain":0,"max_hp_loss":0,"event_name":"Shining Light","floor":13,"gold_loss":0,"cards_upgraded":["Defend_R","Flame Barrier"]},{"damage_healed":25,"gold_gain":0,"player_choice":"Banana","damage_taken":0,"max_hp_gain":0,"max_hp_loss":0,"event_name":"Big Fish","floor":14,"gold_loss":0}],"is_beta":false,"boss_relics":[],"items_purged_floors":[],"is_endless":false,"potions_floor_spawned":[1,4,8],"killed_by":"Slime Boss","ascension_level":20}