{"path_per_floor":["M","?","M","M","?","E","M","E","T","E","R","M","E","$","R","B",null,"M","M","?","M","$","E","M","$","T","R","E","R","E","M","R","B",null,"M","M","$","?","?","R","M","R","T","M","E","M","R","E","R"],"character_chosen":"IRONCLAD","items_purchased":["Fiend Fire","Power Through","Anger","Purity","True Grit","Apotheosis","Fire Breathing"],"gold_per_floor":[16,16,36,49,149,179,190,222,222,251,251,261,286,144,144,244,244,226,239,239,256,11,44,64,64,88,88,119,119,149,162,162,257,257,271,290,23,23,23,23,33,33,59,79,107,119,119,151,151,151],"floor_reached":50,"campfire_rested":1,"playtime":3961,"current_hp_per_floor":[72,72,77,79,79,77,76,78,78,74,74,80,74,74,74,58,75,80,80,80,80,80,64,80,80,80,80,78,78,80,80,80,21,65,62,62,62,62,62,62,68,80,80,80,76,80,80,80,80,0],"items_purged":[],"gold":151,"score":939,"play_id":"3f07139f-b22b-4ef8-b6b3-9a47d1e1e1d4","local_time":"20180507152838","is_prod":false,"is_daily":false,"chose_seed":false,"is_ascension_mode":true,"campfire_upgraded":6,"timestamp":1525696118,"path_taken":["M","?","?","M","?","E","M","E","T","E","R","M","E","?","R","BOSS","M","M","?","?","$","E","M","$","T","R","E","R","E","M","R","BOSS","M","M","$","?","?","R","M","R","T","?","E","M","R","E","R","BOSS"],"build_version":"2018-05-03","seed_source_timestamp":1287274929923519,"purchased_purges":0,"victory":false,"master_deck":["Strike_R","Strike_R","Strike_R","Strike_R","Strike_R","Defend_R","Defend_R","Defend_R","Defend_R","Bash","True Grit+1","True Grit+1","Wild Strike","Reckless Charge","Havoc","Dark Embrace","Sever Soul","Pommel Strike","True Grit+1","Fiend Fire+1","Exhume","Anger","Headbutt","Offering+1","Power Through","Anger","Purity","True Grit","Warcry+1","Headbutt","Sword Boomerang","Power Through","Flex","Dark Embrace","Rage+1","Thunderclap+1","Apotheosis+1","Fire Breathing","Offering+1","Metallicize+1","Anger+1","Anger","Wild Strike+1","Seeing Red+1"],"max_hp_per_floor":[80,80,80,80,80,80,80,80,80,80,80,80,80,80,80,80,80,80,80,80,80,80,80,80,80,80,80,80,80,80,80,80,80,80,80,80,80,80,80,80,80,80,80,80,80,80,80,80,80,80],"relics":["Burning Blood","Charon\u0027s Ashes","Gremlin Horn","Shuriken","Magic Flower","Thread and Needle","Gambling Chip","Omamori","Pen Nib","Unceasing Top","Pantograph","Runic Cube","Oddly Smooth Stone","Shovel","Molten Egg 2","Question Card","Art of War"],"card_choices":[{"not_picked":["Perfected Strike","Armaments"],"picked":"True Grit","floor":1},{"not_picked":["Rage","Thunderclap"],"picked":"True Grit","floor":3},{"not_picked":["Ghostly Armor","Heavy Blade"],"picked":"Wild Strike","floor":4},{"not_picked":["Barricade","Warcry"],"picked":"Reckless Charge","floor":6},{"not_picked":["Cleave","Flex"],"picked":"Havoc","floor":7},{"not_picked":["Sword Boomerang","Wild Strike"],"picked":"Dark Embrace","floor":8},{"not_picked":["Rage","Havoc"],"picked":"Sever Soul","floor":10},{"not_picked":["Perfected Strike","Anger"],"picked":"Pommel Strike","floor":12},{"not_picked":["Perfected Strike","Brutality"],"picked":"True Grit","floor":13},{"not_picked":["Barricade","Fiend Fire"],"picked":"Exhume","floor":16},{"not_picked":["Iron Wave","Metallicize"],"picked":"Anger","floor":18},{"not_picked":["Uppercut","Twin Strike"],"picked":"Headbutt","floor":19},{"not_picked":["Anger","Clash"],"picked":"Offering","floor":21},{"not_picked":["Heavy Blade","Headbutt"],"picked":"Warcry","floor":23},{"not_picked":["Body Slam","Searing Blow"],"picked":"Headbutt","floor":24},{"not_picked":["Heavy Blade","Searing Blow"],"picked":"Sword Boomerang","floor":28},{"not_picked":["Whirlwind","Feed"],"picked":"Power Through","floor":30},{"not_picked":["Perfected Strike","Sword Boomerang"],"picked":"Flex","floor":31},{"not_picked":["Feed","Barricade"],"picked":"Dark Embrace","floor":33},{"not_picked":["Body Slam","Anger"],"picked":"Rage","floor":35},{"not_picked":["Dual Wield","Shrug It Off"],"picked":"Thunderclap","floor":36},{"not_picked":["Thunderclap","Dual Wield"],"picked":"Metallicize","floor":41},{"not_picked":["Evolve","Searing Blow"],"picked":"Anger","floor":44},{"not_picked":["Brutality","Cleave"],"picked":"Anger","floor":45},{"not_picked":["Perfected Strike","Shrug It Off"],"picked":"Wild Strike","floor":46},{"not_picked":["Pummel","Headbutt"],"picked":"Seeing Red","floor":48}],"player_experience":394361,"potions_floor_usage":[8,8,13,16,18,23,24,33,36,41,50,50],"damage_taken":[{"damage":6,"enemies":"Cultist","floor":1,"turns":3},{"damage":1,"enemies":"2 Louse","floor":3,"turns":4},{"damage":4,"enemies":"Small Slimes","floor":4,"turns":4},{"damage":8,"enemies":"3 Sentries","floor":6,"turns":6},{"damage":7,"enemies":"Red Slaver","floor":7,"turns":4},{"damage":8,"enemies":"Gremlin Nob","floor":8,"turns":3},{"damage":13,"enemies":"3 Sentries","floor":10,"turns":6},{"damage":2,"enemies":"2 Fungi Beasts","floor":12,"turns":3},{"damage":15,"enemies":"Lagavulin","floor":13,"turns":5},{"damage":25,"enemies":"The Guardian","floor":16,"turns":11},{"damage":22,"enemies":"2 Thieves","floor":18,"turns":4},{"damage":0,"enemies":"Chosen","floor":19,"turns":4},{"damage":0,"enemies":"Snecko","floor":21,"turns":5},{"damage":25,"enemies":"Slavers","floor":23,"turns":4},{"damage":11,"enemies":"Chosen and Byrds","floor":24,"turns":6},{"damage":11,"enemies":"Book of Stabbing","floor":28,"turns":3},{"damage":4,"enemies":"Gremlin Leader","floor":30,"turns":3},{"damage":8,"enemies":"Slaver and Parasite","floor":31,"turns":1},{"damage":68,"enemies":"Champ","floor":33,"turns":10},{"damage":12,"enemies":"3 Shapes","floor":35,"turns":1},{"damage":9,"enemies":"3 Darklings","floor":36,"turns":2},{"damage":28,"enemies":"Maw","floor":41,"turns":7},{"damage":8,"enemies":"4 Shapes","floor":44,"turns":4},{"damage":13,"enemies":"Giant Head","floor":45,"turns":6},{"damage":0,"enemies":"Sphere and 2 Shapes","floor":46,"turns":3},{"damage":8,"enemies":"Nemesis","floor":48,"turns":1},{"damage":93,"enemies":"Awakened One","floor":50,"turns":8}],"event_choices":[{"event_name":"Living Wall","player_choice":"Grow","floor":2,"damage_taken":0},{"event_name":"Golden Shrine","player_choice":"Pray","floor":5,"damage_taken":0},{"event_name":"Ghosts","player_choice":"Ignored","floor":20,"damage_taken":0},{"event_name":"Duplicator","player_choice":"One dupe","floor":38,"damage_taken":0},{"event_name":"SecretPortal","player_choice":"Rejected Portal.","floor":39,"damage_taken":0}],"boss_relics":[{"not_picked":["Astrolabe","Snecko Eye","Runic Dome"]},{"not_picked":["Velvet Choker","Orrery"],"picked":"Runic Cube"}],"potions_floor_spawned":[4,6,12,13,16,18,23,31,35,36,45,48],"seed_played":"-5957802407950557363","killed_by":"Awakened One","ascension_level":7,"is_trial":false}