{"gold_per_floor":[115,145,145,160,160,188,188,221,301,301,319,332,60,74,74,145,145,160,160,160,178,197,197,212,212,212,212,212,54,87,99,99,174,174,194,194,1193,458,478,478,478,478,504,504,504,48,48,67,67,67,67,67,67,67,102,102],"floor_reached":57,"playtime":2577,"items_purged":["Strike_B","Normality","Normality"],"score":2731,"play_id":"7437807f-78b1-484b-80c9-d8e8b714469a","local_time":"20190311200220","is_ascension_mode":true,"campfire_choices":[{"data":"Darkness","floor":7.0,"key":"SMITH"},{"data":"Self Repair","floor":10.0,"key":"SMITH"},{"data":"Consume","floor":15.0,"key":"SMITH"},{"floor":23.0,"key":"REST"},{"data":"Loop","floor":25.0,"key":"SMITH"},{"floor":27.0,"key":"REST"},{"floor":32.0,"key":"REST"},{"data":"Heatsinks","floor":40.0,"key":"SMITH"},{"data":"Biased Cognition","floor":42.0,"key":"SMITH"},{"data":"Coolheaded","floor":44.0,"key":"SMITH"},{"floor":47,"key":"RECALL"},{"data":"Coolheaded","floor":49,"key":"SMITH"},{"data":"Hologram","floor":53,"key":"SMITH"}],"neow_cost":"NONE","seed_source_timestamp":205866623333400,"circlet_count":0,"master_deck":["AscendersBane","Zap+1","Dualcast","Darkness+1","Doom and Gloom","Coolheaded+1","Self Repair+1","Loop+1","Consume+1","Hologram","Recycle","Biased Cognition+1","Fusion","Go for the Eyes","Heatsinks+1","Meteor Strike","Chill","Cold Snap","Force Field","Hologram+1","Core Surge","Cold Snap","Biased Cognition+1","Capacitor+1","Defragment+1","Coolheaded+1","Echo Form+1"],"special_seed":0,"relics":["Cracked Core","NeowsBlessing","Tiny Chest","War Paint","Symbiotic Virus","Mummified Hand","Ancient Tea Set","Pandora\u0027s Box","Frozen Egg 2","Lantern","Du-Vu Doll","Coffee Dripper","DataDisk","OrangePellets","Bronze Scales","Bag of Preparation","Centennial Puzzle","Strawberry"],"potions_floor_usage":[51,56],"damage_taken":[{"damage":0.0,"enemies":"Small Slimes","floor":1.0,"turns":1.0},{"damage":0.0,"enemies":"2 Louse","floor":4.0,"turns":1.0},{"damage":0.0,"enemies":"Lagavulin","floor":6.0,"turns":1.0},{"damage":18.0,"enemies":"3 Sentries","floor":8.0,"turns":6.0},{"damage":1.0,"enemies":"Cultist","floor":11.0,"turns":3.0},{"damage":9.0,"enemies":"Red Slaver","floor":12.0,"turns":2.0},{"damage":11.0,"enemies":"Looter","floor":14.0,"turns":3.0},{"damage":24.0,"enemies":"The Guardian","floor":16.0,"turns":11.0},{"damage":28.0,"enemies":"2 Thieves","floor":18.0,"turns":4.0},{"damage":0.0,"enemies":"Spheric Guardian","floor":21.0,"turns":3.0},{"damage":2.0,"enemies":"Snecko","floor":22.0,"turns":3.0},{"damage":24.0,"enemies":"Snake Plant","floor":24.0,"turns":2.0},{"damage":31.0,"enemies":"Gremlin Leader","floor":30.0,"turns":8.0},{"damage":0.0,"enemies":"3 Cultists","floor":31.0,"turns":4.0},{"damage":36.0,"enemies":"Champ","floor":33.0,"turns":10.0},{"damage":0.0,"enemies":"3 Shapes","floor":35.0,"turns":6.0},{"damage":6.0,"enemies":"3 Darklings","floor":36.0,"turns":2.0},{"damage":0.0,"enemies":"Maw","floor":39.0,"turns":8.0},{"damage":0,"enemies":"Writhing Mass","floor":48,"turns":4},{"damage":32,"enemies":"Awakened One","floor":50,"turns":16},{"damage":0,"enemies":"Donu and Deca","floor":51,"turns":8},{"damage":12,"enemies":"Shield and Spear","floor":55,"turns":8},{"damage":33,"enemies":"The Heart","floor":56,"turns":9}],"seed_played":"-3499064645342651688","potions_obtained":[{"floor":5.0,"key":"SmokeBomb"},{"floor":5.0,"key":"Energy Potion"},{"floor":18.0,"key":"Fire Potion"},{"floor":31.0,"key":"Swift Potion"},{"floor":33.0,"key":"Fruit Juice"},{"floor":39.0,"key":"FearPotion"},{"floor":48,"key":"EssenceOfSteel"},{"floor":55,"key":"FocusPotion"}],"is_trial":false,"path_per_floor":["M","?","?","M","?","E","R","E","T","R","M","M","$","M","R","B",null,"M","?","?","M","M","R","M","R","T","R","T","$","E","M","R","B",null,"M","M","?","$","M","R","?","R","T","R","?","$","R","M","R","B","B",null,"R","$","E","B",null],"character_chosen":"DEFECT","items_purchased":["Ancient Tea Set","Hologram","Core Surge","DataDisk","OrangePellets","Capacitor+1","Bronze Scales","Bag of Preparation","Centennial Puzzle"],"campfire_rested":3,"item_purchase_floors":[13,13,29,38,38,38,38,46,46],"current_hp_per_floor":[64,53,46,46,46,46,46,28,28,28,37,28,28,27,27,13,57,39,19,19,29,27,49,25,25,25,47,47,47,26,36,58,37,70,80,81,81,81,81,81,81,81,81,81,81,81,81,81,81,59,69,78,78,78,83,60],"gold":102,"neow_bonus":"THREE_ENEMY_KILL","is_prod":false,"is_daily":false,"chose_seed":false,"campfire_upgraded":9,"win_rate":0,"timestamp":1552302140,"path_taken":["M","?","?","M","?","E","R","E","T","R","M","?","?","M","R","BOSS","M","?","?","M","M","R","M","R","T","R","?","$","E","?","R","BOSS","M","M","?","$","M","R","?","R","T","R","?","$","R","M","R","BOSS","BOSS","R","$","E","BOSS"],"build_version":"2019-01-23","purchased_purges":3,"victory":true,"max_hp_per_floor":[71,71,71,71,71,71,71,71,71,71,71,71,71,71,71,71,71,71,76,76,76,76,76,76,76,76,76,76,76,76,76,76,81,81,81,81,81,81,81,81,81,81,81,81,81,81,81,81,81,81,81,81,81,81,88,88],"card_choices":[{"not_picked":["Steam","Leap"],"picked":"Darkness","floor":1.0},{"not_picked":["Genetic Algorithm","Conserve Battery"],"picked":"Doom and Gloom","floor":4.0},{"not_picked":["Stack","Ball Lightning"],"picked":"Coolheaded","floor":6.0},{"not_picked":["Double Energy","Steam"],"picked":"Self Repair","floor":8.0},{"not_picked":["Cold Snap","Beam Cell"],"picked":"Loop","floor":11.0},{"not_picked":["Go for the Eyes","Gash"],"picked":"Consume","floor":12.0},{"not_picked":["Redo","Turbo"],"picked":"Recycle","floor":14.0},{"not_picked":["Rainbow","Reboot"],"picked":"Biased Cognition","floor":16.0},{"not_picked":["Skim","Doom and Gloom"],"picked":"Cold Snap","floor":18.0},{"not_picked":["Ball Lightning","Steam"],"picked":"Force Field","floor":21.0},{"not_picked":["Scrape","Steam Power"],"picked":"Hologram","floor":22.0},{"not_picked":["Fusion","Hologram","Go for the Eyes"],"picked":"SKIP","floor":24.0},{"not_picked":["Machine Learning+1","Streamline"],"picked":"Cold Snap","floor":30.0},{"not_picked":["Gash","Streamline","Scrape+1"],"picked":"SKIP","floor":31.0},{"not_picked":["Amplify","Fission"],"picked":"Biased Cognition+1","floor":33.0},{"not_picked":["Barrage","Rebound","Beam Cell"],"picked":"SKIP","floor":35.0},{"not_picked":["Beam Cell","Lockon"],"picked":"Defragment+1","floor":39.0},{"not_picked":["Steam+1","Barrage"],"picked":"Coolheaded","floor":48},{"not_picked":["Turbo","Cold Snap"],"picked":"Echo Form+1","floor":55}],"player_experience":2191709,"relics_obtained":[{"floor":6.0,"key":"War Paint"},{"floor":8.0,"key":"Symbiotic Virus"},{"floor":9.0,"key":"Mummified Hand"},{"floor":26.0,"key":"Frozen Egg 2"},{"floor":28.0,"key":"Lantern"},{"floor":30.0,"key":"Du-Vu Doll"},{"floor":55,"key":"Strawberry"}],"event_choices":[{"damage_healed":0.0,"max_hp_gain":0.0,"max_hp_loss":0.0,"gold_gain":0.0,"event_name":"Scrap Ooze","player_choice":"Success","floor":2.0,"gold_loss":0.0,"damage_taken":11.0,"relics_obtained":["Tiny Chest"]},{"cards_removed":["Defend_B"],"damage_healed":0.0,"max_hp_gain":0.0,"max_hp_loss":0.0,"gold_gain":0.0,"event_name":"Golden Wing","player_choice":"Card Removal","floor":3.0,"gold_loss":0.0,"damage_taken":7.0},{"damage_healed":0.0,"max_hp_gain":0.0,"max_hp_loss":0.0,"gold_gain":0.0,"event_name":"Lab","player_choice":"Got Potions","floor":5.0,"gold_loss":0.0,"damage_taken":0.0},{"damage_healed":0.0,"max_hp_gain":5.0,"max_hp_loss":0.0,"gold_gain":0.0,"event_name":"Forgotten Altar","player_choice":"Shed Blood","floor":19.0,"gold_loss":0.0,"damage_taken":25.0},{"damage_healed":0.0,"max_hp_gain":0.0,"max_hp_loss":0.0,"gold_gain":0.0,"event_name":"Vampires","player_choice":"Ignored","floor":20.0,"gold_loss":0.0,"damage_taken":0.0},{"damage_healed":0.0,"max_hp_gain":0.0,"max_hp_loss":0.0,"gold_gain":999.0,"event_name":"MindBloom","player_choice":"Gold","floor":37.0,"gold_loss":0.0,"damage_taken":0.0,"cards_obtained":["Normality","Normality"]},{"cards_removed":["FTL"],"damage_healed":0.0,"max_hp_gain":0.0,"max_hp_loss":0.0,"gold_gain":0.0,"event_name":"Falling","player_choice":"Removed Attack","floor":41.0,"gold_loss":0.0,"damage_taken":0.0},{"damage_healed":0.0,"max_hp_gain":0.0,"max_hp_loss":0.0,"gold_gain":0.0,"event_name":"Tomb of Lord Red Mask","player_choice":"Ignored","floor":45.0,"gold_loss":0.0,"damage_taken":0.0}],"is_beta":false,"boss_relics":[{"not_picked":["Orrery","Lizard Tail"],"picked":"Pandora\u0027s Box"},{"not_picked":["Empty Cage","Tiny House"],"picked":"Coffee Dripper"}],"items_purged_floors":[13,38,46],"is_endless":false,"potions_floor_spawned":[8,11,18,21,31,33,39,48,55],"ascension_level":20}