{"gold_per_floor":[115,134,150,165,41,73,73,88,113,132,132,195,195,229,229,301,301,315,230,230,247,247],"floor_reached":22,"playtime":648,"items_purged":[],"score":412,"play_id":"7cba5a75-6d9b-4a0c-a966-0bee570c05b6","local_time":"20190316161906","is_ascension_mode":true,"campfire_choices":[{"data":"Creative AI","floor":7,"key":"SMITH"},{"floor":11,"key":"REST"},{"floor":13,"key":"REST"},{"floor":15,"key":"REST"}],"neow_cost":"NONE","seed_source_timestamp":194925420079700,"circlet_count":0,"master_deck":["AscendersBane","Strike_B","Strike_B","Strike_B","Strike_B","Defend_B","Defend_B","Defend_B","Defend_B","Zap","Dualcast","Streamline","Capacitor","Barrage","Cold Snap","White Noise","Creative AI+1","Self Repair","Recycle","Core Surge","Sunder","Sunder"],"relics":["Cracked Core","NeowsBlessing","Orichalcum","Juzu Bracelet","Tiny Chest","DataDisk","Snecko Eye","Centennial Puzzle"],"potions_floor_usage":[6,12,16,16,22],"damage_taken":[{"damage":0,"enemies":"Cultist","floor":1,"turns":1},{"damage":0,"enemies":"Jaw Worm","floor":2,"turns":1},{"damage":0,"enemies":"2 Louse","floor":3,"turns":1},{"damage":1,"enemies":"2 Fungi Beasts","floor":4,"turns":3},{"damage":17,"enemies":"3 Sentries","floor":6,"turns":6},{"damage":10,"enemies":"Large Slime","floor":8,"turns":6},{"damage":10,"enemies":"Blue Slaver","floor":10,"turns":4},{"damage":32,"enemies":"Gremlin Nob","floor":12,"turns":5},{"damage":20,"enemies":"3 Sentries","floor":14,"turns":8},{"damage":36,"enemies":"Slime Boss","floor":16,"turns":10},{"damage":32,"enemies":"3 Byrds","floor":18,"turns":5},{"damage":25,"enemies":"Shell Parasite","floor":21,"turns":5},{"damage":18,"enemies":"Centurion and Healer","floor":22,"turns":2}],"seed_played":"4662593719492965137","potions_obtained":[{"floor":3,"key":"PowerPotion"},{"floor":4,"key":"FearPotion"},{"floor":6,"key":"EssenceOfSteel"},{"floor":12,"key":"SpeedPotion"},{"floor":18,"key":"SpeedPotion"}],"is_trial":false,"path_per_floor":["M","M","M","M","$","E","R","M","T","M","R","E","R","E","R","B",null,"M","?","?","M","M"],"character_chosen":"DEFECT","items_purchased":["Cold Snap","White Noise"],"campfire_rested":3,"item_purchase_floors":[5,5],"current_hp_per_floor":[64,64,64,63,63,46,46,36,36,26,47,15,36,23,44,15,57,32,32,32,14,0],"gold":247,"neow_bonus":"THREE_ENEMY_KILL","is_prod":false,"is_daily":false,"chose_seed":false,"campfire_upgraded":1,"win_rate":0,"timestamp":1552720746,"path_taken":["M","?","M","M","?","E","R","?","T","M","R","E","R","E","R","BOSS","M","?","?","M","M"],"build_version":"2019-01-23","purchased_purges":0,"victory":false,"max_hp_per_floor":[71,71,71,71,71,71,71,71,71,71,71,71,71,71,71,71,71,71,71,71,71,71],"card_choices":[{"not_picked":["Fusion","Ball Lightning"],"picked":"Streamline","floor":1},{"not_picked":["Gash","Steam","Conserve Battery"],"picked":"SKIP","floor":2},{"not_picked":["Reinforced Body","Lockon"],"picked":"Capacitor","floor":3},{"not_picked":["Barrage","Blizzard","Rebound"],"picked":"SKIP","floor":4},{"not_picked":["Blizzard","Rebound"],"picked":"Barrage","floor":4},{"not_picked":["FTL","Coolheaded"],"picked":"Creative AI","floor":6},{"not_picked":["Turbo","Conserve Battery","Gash"],"picked":"SKIP","floor":8},{"not_picked":["Barrage","Heatsinks","Sweeping Beam"],"picked":"SKIP","floor":10},{"not_picked":["Heatsinks","Redo"],"picked":"Self Repair","floor":12},{"not_picked":["Force Field","Aggregate"],"picked":"Recycle","floor":14},{"not_picked":["Reboot","Multi-Cast"],"picked":"Core Surge","floor":16},{"not_picked":["Barrage","Ball Lightning","Streamline"],"picked":"SKIP","floor":18},{"not_picked":["Turbo+1","Cold Snap"],"picked":"Sunder","floor":21}],"player_experience":2310745,"relics_obtained":[{"floor":6,"key":"Orichalcum"},{"floor":9,"key":"Juzu Bracelet"},{"floor":12,"key":"Tiny Chest"},{"floor":14,"key":"DataDisk"}],"event_choices":[{"damage_healed":0,"gold_gain":0,"player_choice":"Obtained Relic","damage_taken":0,"relics_obtained":["Centennial Puzzle"],"max_hp_gain":0,"max_hp_loss":0,"event_name":"Addict","floor":19,"gold_loss":85},{"damage_healed":0,"gold_gain":0,"player_choice":"Read","damage_taken":0,"max_hp_gain":0,"max_hp_loss":0,"event_name":"The Library","floor":20,"gold_loss":0,"cards_obtained":["Sunder"]}],"is_beta":false,"boss_relics":[{"not_picked":["Lizard Tail","Black Star"],"picked":"Snecko Eye"}],"items_purged_floors":[],"is_endless":false,"potions_floor_spawned":[3,4,6,12,18],"killed_by":"Centurion and Healer","ascension_level":20}