{"gold_per_floor":[117,127,147,167,182,214,214,225,225,243,255,255,140,140,140,245,245],"floor_reached":17,"playtime":1431,"items_purged":["Strike_G"],"score":161,"play_id":"96aaa73d-2cfb-4814-8af4-435ab2ee175f","local_time":"20190826174435","is_ascension_mode":false,"campfire_choices":[{"data":"After Image","floor":7,"key":"SMITH"},{"data":"Survivor","floor":12,"key":"SMITH"},{"floor":15,"key":"REST"}],"neow_cost":"NONE","seed_source_timestamp":892923851055200,"circlet_count":0,"master_deck":["Survivor+1","Neutralize","Impatience","Leg Sweep","Blade Dance","Terror","Backflip+1","Dagger Spray","After Image+1","Backstab","Crippling Poison","Well Laid Plans","Malaise"],"relics":["Ring of the Snake","PreservedInsect","Dead Branch","Pandora\u0027s Box"],"potions_floor_usage":[6,6],"damage_taken":[{"damage":0,"enemies":"Cultist","floor":1,"turns":4},{"damage":0,"enemies":"2 Louse","floor":2,"turns":3},{"damage":1,"enemies":"Jaw Worm","floor":3,"turns":5},{"damage":5,"enemies":"3 Louse","floor":4,"turns":7},{"damage":0,"enemies":"2 Fungi Beasts","floor":5,"turns":4},{"damage":17,"enemies":"3 Sentries","floor":6,"turns":8},{"damage":8,"enemies":"Lots of Slimes","floor":8,"turns":4},{"damage":0,"enemies":"Blue Slaver","floor":10,"turns":4},{"damage":8,"enemies":"2 Fungi Beasts","floor":11,"turns":2},{"damage":15,"enemies":"Slime Boss","floor":16,"turns":13}],"seed_played":"-4588766257242251707","potions_obtained":[{"floor":2,"key":"Swift Potion"},{"floor":3,"key":"AttackPotion"},{"floor":8,"key":"LiquidBronze"},{"floor":16,"key":"Ancient Potion"}],"is_trial":false,"path_per_floor":["M","M","M","M","M","E","R","M","T","M","M","R","$","?","R","B",null],"character_chosen":"THE_SILENT","items_purchased":["Well Laid Plans"],"campfire_rested":1,"item_purchase_floors":[13],"current_hp_per_floor":[70,70,69,64,64,47,47,39,39,39,31,31,31,17,38,23,23],"gold":245,"neow_bonus":"RANDOM_COLORLESS","is_prod":false,"is_daily":false,"chose_seed":false,"campfire_upgraded":2,"win_rate":0,"timestamp":1566809075,"path_taken":["M","M","M","M","?","E","R","M","T","M","M","R","$","?","R","BOSS"],"build_version":"2019-07-17","purchased_purges":1,"victory":false,"max_hp_per_floor":[70,70,70,70,70,70,70,70,70,70,70,70,70,70,70,70,70],"card_choices":[{"not_picked":["Predator","Prepared"],"picked":"Leg Sweep","floor":1},{"not_picked":["Sucker Punch","Dagger Throw"],"picked":"Blade Dance","floor":2},{"not_picked":["Sucker Punch","Underhanded Strike"],"picked":"Terror","floor":3},{"not_picked":["Bouncing Flask","Bane"],"picked":"Backflip","floor":4},{"not_picked":["Outmaneuver","Dodge and Roll"],"picked":"Dagger Spray","floor":5},{"not_picked":["Escape Plan","All Out Attack"],"picked":"After Image","floor":6},{"not_picked":["Dagger Spray","Concentrate"],"picked":"Backstab","floor":8},{"not_picked":["Calculated Gamble","Backflip"],"picked":"Crippling Poison","floor":10},{"not_picked":["Slice","Outmaneuver","PiercingWail"],"picked":"SKIP","floor":11},{"not_picked":["Doppelganger","Burst"],"picked":"Malaise","floor":16}],"player_experience":295166,"relics_obtained":[{"floor":6,"key":"PreservedInsect"},{"floor":9,"key":"Dead Branch"}],"event_choices":[{"damage_healed":0,"gold_gain":0,"player_choice":"Entered Light","damage_taken":14,"max_hp_gain":0,"max_hp_loss":0,"event_name":"Shining Light","floor":14,"gold_loss":0,"cards_upgraded":["Defend_G","Backflip"]}],"is_beta":false,"boss_relics":[{"not_picked":["Cursed Key","Lizard Tail"],"picked":"Pandora\u0027s Box"}],"items_purged_floors":[13],"is_endless":false,"potions_floor_spawned":[2,3,8,16],"ascension_level":0}