{"gold_per_floor":[118,135,149,161,7,37,37,65,90,107,38,38,38,54,54,153,153,164,21,35,47,47,47,81,81,81,106,119,19,36,36,36,134,134,147,164,164,176,23,55,66,66,66,66,78,92,105,105,105,105],"floor_reached":51,"playtime":2303,"items_purged":["Defend_R","Strike_R+1"],"score":756,"play_id":"824058b2-b864-423c-b559-d97cba736e33","local_time":"20190216114221","is_ascension_mode":false,"campfire_choices":[{"data":"Clothesline","floor":7.0,"key":"SMITH"},{"floor":12.0,"key":"REST"},{"data":"Body Slam","floor":15.0,"key":"SMITH"},{"data":"Power Through","floor":23.0,"key":"SMITH"},{"data":"Immolate","floor":25.0,"key":"SMITH"},{"data":"Shrug It Off","floor":32.0,"key":"SMITH"},{"data":"Spot Weakness","floor":42.0,"key":"SMITH"},{"data":"Offering","floor":44.0,"key":"SMITH"},{"data":"Evolve","floor":49.0,"key":"SMITH"}],"neow_cost":"NONE","seed_source_timestamp":0,"circlet_count":0,"master_deck":["Strike_R+1","Strike_R+1","Strike_R+1","Defend_R+1","Defend_R+1","Defend_R+1","Bash","Clothesline+1","Flex","Headbutt","Offering+1","Evolve+1","Pummel","Body Slam+1","Shrug It Off","Spot Weakness+1","Power Through+1","Immolate+1","Shrug It Off+1","True Grit+1","Ghostly Armor","Iron Wave+1","Heavy Blade+1","Impervious","Spot Weakness+1","Impervious","Power Through+1","Evolve","Body Slam+1","Heavy Blade+1","Havoc+1","Wild Strike+1","Body Slam+1","Flash of Steel"],"special_seed":0,"relics":["Burning Blood","Blue Candle","Boot","Juzu Bracelet","Mark of Pain","Red Skull","Omamori","Dodecahedron","Lantern","Cursed Key","Anchor","Smiling Mask"],"potions_floor_usage":[50,50,50],"damage_taken":[{"damage":5.0,"enemies":"Jaw Worm","floor":1.0,"turns":5.0},{"damage":3.0,"enemies":"Small Slimes","floor":2.0,"turns":3.0},{"damage":0.0,"enemies":"2 Louse","floor":3.0,"turns":2.0},{"damage":5.0,"enemies":"2 Fungi Beasts","floor":4.0,"turns":4.0},{"damage":58.0,"enemies":"Lagavulin","floor":6.0,"turns":7.0},{"damage":12.0,"enemies":"3 Sentries","floor":8.0,"turns":5.0},{"damage":7.0,"enemies":"3 Louse","floor":10.0,"turns":3.0},{"damage":12.0,"enemies":"Lots of Slimes","floor":14.0,"turns":3.0},{"damage":16.0,"enemies":"Slime Boss","floor":16.0,"turns":9.0},{"damage":22.0,"enemies":"Spheric Guardian","floor":18.0,"turns":4.0},{"damage":8.0,"enemies":"2 Thieves","floor":20.0,"turns":4.0},{"damage":8.0,"enemies":"Chosen and Byrds","floor":21.0,"turns":6.0},{"damage":11.0,"enemies":"Gremlin Leader","floor":24.0,"turns":7.0},{"damage":18.0,"enemies":"Book of Stabbing","floor":27.0,"turns":6.0},{"damage":6.0,"enemies":"Snake Plant","floor":28.0,"turns":4.0},{"damage":10.0,"enemies":"Centurion and Healer","floor":30.0,"turns":10.0},{"damage":35.0,"enemies":"Champ","floor":33.0,"turns":11.0},{"damage":0.0,"enemies":"3 Shapes","floor":35.0,"turns":3.0},{"damage":0.0,"enemies":"3 Darklings","floor":36.0,"turns":4.0},{"damage":2.0,"enemies":"Jaw Worm Horde","floor":38.0,"turns":4.0},{"damage":3.0,"enemies":"Giant Head","floor":40.0,"turns":8.0},{"damage":2.0,"enemies":"Writhing Mass","floor":41.0,"turns":5.0},{"damage":0.0,"enemies":"3 Darklings","floor":45.0,"turns":4.0},{"damage":9.0,"enemies":"Jaw Worm Horde","floor":46.0,"turns":4.0},{"damage":0.0,"enemies":"4 Shapes","floor":47.0,"turns":6.0},{"damage":30,"enemies":"Awakened One","floor":50,"turns":9}],"seed_played":"7012094547261908745","potions_obtained":[{"floor":2.0,"key":"EssenceOfSteel"},{"floor":6.0,"key":"Explosive Potion"},{"floor":10.0,"key":"EssenceOfSteel"},{"floor":16.0,"key":"BloodPotion"},{"floor":18.0,"key":"Regen Potion"},{"floor":24.0,"key":"Weak Potion"},{"floor":28.0,"key":"Poison Potion"},{"floor":36.0,"key":"Weak Potion"},{"floor":38.0,"key":"Dexterity Potion"}],"is_trial":false,"path_per_floor":["M","M","M","M","$","E","R","E","T","M","$","R","$","M","R","B",null,"M","$","M","M","?","R","E","R","T","E","M","$","M","?","R","B",null,"M","M","?","M","$","E","M","R","T","R","M","M","M","?","R","B",null],"character_chosen":"IRONCLAD","items_purchased":["Evolve","Spot Weakness","Red Skull","Anchor"],"campfire_rested":1,"item_purchase_floors":[5,11,19,39],"current_hp_per_floor":[80,80,80,80,80,28,28,22,22,21,21,45,45,39,39,29,80,64,64,62,60,60,60,70,70,70,58,58,58,54,54,54,25,80,80,80,80,80,80,80,80,80,80,80,80,77,80,80,80,56],"gold":105,"neow_bonus":"REMOVE_CARD","is_prod":false,"is_daily":false,"chose_seed":false,"campfire_upgraded":8,"win_rate":0,"timestamp":1550284941,"path_taken":["M","M","M","M","$","E","R","E","T","M","$","R","$","M","R","BOSS","M","$","M","M","?","R","E","R","T","E","M","$","M","?","R","BOSS","M","M","?","M","$","E","M","R","T","R","M","M","M","?","R","BOSS"],"build_version":"2019-01-23","purchased_purges":2,"victory":true,"max_hp_per_floor":[80,80,80,80,80,80,80,80,80,80,80,80,80,80,80,80,80,80,80,80,80,80,80,80,80,80,80,80,80,80,80,80,80,80,80,80,80,80,80,80,80,80,80,80,80,80,80,80,80,80],"card_choices":[{"not_picked":["Anger","Wild Strike"],"picked":"Clothesline","floor":1.0},{"not_picked":["Sentinel","Combust"],"picked":"Flex","floor":2.0},{"not_picked":["Clash","Metallicize"],"picked":"Headbutt","floor":3.0},{"not_picked":["Battle Trance","Twin Strike"],"picked":"Offering","floor":4.0},{"not_picked":["Warcry","Infernal Blade"],"picked":"Pummel","floor":6.0},{"not_picked":["Rupture","Twin Strike"],"picked":"Body Slam","floor":8.0},{"not_picked":["Armaments","Clothesline"],"picked":"Shrug It Off","floor":10.0},{"not_picked":["Sentinel","Dual Wield"],"picked":"Power Through","floor":14.0},{"not_picked":["Barricade","Brutality"],"picked":"Immolate","floor":16.0},{"not_picked":["Iron Wave","Corruption"],"picked":"Shrug It Off","floor":18.0},{"not_picked":["Combust","Iron Wave"],"picked":"True Grit+1","floor":20.0},{"not_picked":["Headbutt","Iron Wave"],"picked":"Ghostly Armor","floor":21.0},{"not_picked":["Headbutt+1","Rampage+1"],"picked":"Iron Wave+1","floor":24.0},{"not_picked":["Headbutt+1","Infernal Blade"],"picked":"Heavy Blade+1","floor":27.0},{"not_picked":["Thunderclap","Perfected Strike"],"picked":"Impervious","floor":28.0},{"not_picked":["Twin Strike","Shrug It Off"],"picked":"Spot Weakness+1","floor":30.0},{"not_picked":["Dark Embrace","Brutality"],"picked":"Impervious","floor":33.0},{"not_picked":["Shrug It Off","Thunderclap"],"picked":"Power Through+1","floor":35.0},{"not_picked":["Shrug It Off+1","Sword Boomerang+1"],"picked":"Evolve","floor":36.0},{"not_picked":["Twin Strike","Anger+1"],"picked":"Body Slam+1","floor":38.0},{"not_picked":["Blood for Blood+1","Fire Breathing"],"picked":"Heavy Blade+1","floor":40.0},{"not_picked":["Spot Weakness+1","Shrug It Off"],"picked":"Havoc+1","floor":41.0},{"not_picked":["Blood for Blood","Searing Blow"],"picked":"Wild Strike+1","floor":45.0},{"not_picked":["Pommel Strike","Flex","True Grit"],"picked":"SKIP","floor":46.0},{"not_picked":["Fire Breathing","Twin Strike+1"],"picked":"Body Slam+1","floor":47.0},{"not_picked":["Deep Breath","Impatience"],"picked":"Flash of Steel","floor":48.0}],"player_experience":229791,"relics_obtained":[{"floor":6.0,"key":"Blue Candle"},{"floor":8.0,"key":"Boot"},{"floor":9.0,"key":"Juzu Bracelet"},{"floor":24.0,"key":"Omamori"},{"floor":26.0,"key":"Dodecahedron"},{"floor":27.0,"key":"Lantern"},{"floor":40.0,"key":"Smiling Mask"}],"event_choices":[{"damage_healed":0.0,"max_hp_gain":0.0,"max_hp_loss":0.0,"gold_gain":0.0,"event_name":"Back to Basics","player_choice":"Simplicity","floor":22.0,"gold_loss":0.0,"damage_taken":0.0,"cards_upgraded":["Strike_R","Strike_R","Strike_R","Strike_R","Defend_R","Defend_R","Defend_R"]},{"damage_healed":0.0,"max_hp_gain":0.0,"max_hp_loss":0.0,"gold_gain":0.0,"event_name":"Ghosts","player_choice":"Ignored","floor":31.0,"gold_loss":0.0,"damage_taken":0.0},{"damage_healed":0.0,"max_hp_gain":0.0,"max_hp_loss":0.0,"gold_gain":0.0,"event_name":"OrinTheCat","player_choice":"Ignored","floor":37.0,"gold_loss":0.0,"damage_taken":0.0},{"damage_healed":0.0,"max_hp_gain":0.0,"max_hp_loss":0.0,"gold_gain":0.0,"event_name":"SensoryStone","player_choice":"Memory 1","floor":48.0,"gold_loss":0.0,"damage_taken":0.0}],"is_beta":false,"boss_relics":[{"not_picked":["Black Blood","Runic Pyramid"],"picked":"Mark of Pain"},{"not_picked":["Fusion Hammer","Tiny House"],"picked":"Cursed Key"}],"items_purged_floors":[5,29],"is_endless":false,"potions_floor_spawned":[2,6,10,16,18,24,28,36,38],"ascension_level":0}