{"gold_per_floor":[114,132,132,152,152,152,170,170,170,190,205,218,95,128,128,232,232,246,171,171,184,50,50,70,105,105,105,124,142,142,155,155,259,259,278,188,63,0,11,11,11,23,23,42,42,52,72,400,400,400],"floor_reached":51,"playtime":1813,"items_purged":["Defend_B","Strike_B","Strike_B"],"score":728,"play_id":"a895c0da-8fc6-4025-a208-c068a2fb8905","local_time":"20190909130710","is_ascension_mode":false,"campfire_choices":[{"data":"Dualcast","floor":6.0,"key":"SMITH"},{"data":"Buffer","floor":8.0,"key":"SMITH"},{"data":"Conserve Battery","floor":15.0,"key":"SMITH"},{"data":"Loop","floor":32.0,"key":"SMITH"},{"data":"Creative AI","floor":40.0,"key":"SMITH"},{"data":"Storm","floor":45.0,"key":"SMITH"},{"floor":49,"key":"REST"}],"neow_cost":"NONE","seed_source_timestamp":178737570860700,"circlet_count":0,"master_deck":["Strike_B+1","Defend_B+1","Defend_B","Zap+1","Dualcast+1","Melter","Conserve Battery+1","Buffer+1","Ball Lightning","Electrodynamics+1","Conserve Battery+1","Machine Learning","Coolheaded+1","Lockon","Ball Lightning+1","Chaos+1","Loop+1","Creative AI+1","Go for the Eyes+1","Parasite","Storm+1","Defragment+1","Beam Cell+1"],"special_seed":0,"relics":["Cracked Core","Centennial Puzzle","Toxic Egg 2","Meat on the Bone","Cursed Key","Oddly Smooth Stone","Lizard Tail","Red Mask","Old Coin"],"potions_floor_usage":[48,50,50,50],"damage_taken":[{"damage":0.0,"enemies":"2 Louse","floor":1.0,"turns":2.0},{"damage":0.0,"enemies":"Small Slimes","floor":2.0,"turns":2.0},{"damage":11.0,"enemies":"Jaw Worm","floor":4.0,"turns":2.0},{"damage":6.0,"enemies":"3 Louse","floor":7.0,"turns":2.0},{"damage":0.0,"enemies":"Large Slime","floor":10.0,"turns":5.0},{"damage":0.0,"enemies":"Exordium Wildlife","floor":11.0,"turns":3.0},{"damage":2.0,"enemies":"Looter","floor":12.0,"turns":2.0},{"damage":0.0,"enemies":"Lagavulin","floor":14.0,"turns":5.0},{"damage":12.0,"enemies":"Hexaghost","floor":16.0,"turns":10.0},{"damage":0.0,"enemies":"Shell Parasite","floor":18.0,"turns":3.0},{"damage":0.0,"enemies":"Spheric Guardian","floor":21.0,"turns":2.0},{"damage":0.0,"enemies":"Shelled Parasite and Fungi","floor":24.0,"turns":4.0},{"damage":8.0,"enemies":"Slavers","floor":25.0,"turns":4.0},{"damage":0.0,"enemies":"Snecko","floor":28.0,"turns":4.0},{"damage":0.0,"enemies":"Cultist and Chosen","floor":29.0,"turns":4.0},{"damage":0.0,"enemies":"Sentry and Sphere","floor":31.0,"turns":3.0},{"damage":8.0,"enemies":"Automaton","floor":33.0,"turns":9.0},{"damage":2.0,"enemies":"Orb Walker","floor":35.0,"turns":3.0},{"damage":0.0,"enemies":"3 Darklings","floor":39.0,"turns":4.0},{"damage":0.0,"enemies":"Writhing Mass","floor":42.0,"turns":6.0},{"damage":0.0,"enemies":"Spire Growth","floor":44.0,"turns":4.0},{"damage":3.0,"enemies":"4 Shapes","floor":46.0,"turns":2.0},{"damage":2.0,"enemies":"Sphere and 2 Shapes","floor":47.0,"turns":3.0},{"damage":56,"enemies":"Nemesis","floor":48,"turns":7},{"damage":73,"enemies":"Donu and Deca","floor":50,"turns":8}],"seed_played":"-6380201955701180224","potions_obtained":[{"floor":4.0,"key":"Block Potion"},{"floor":7.0,"key":"FearPotion"},{"floor":11.0,"key":"SkillPotion"},{"floor":21.0,"key":"EssenceOfSteel"},{"floor":29.0,"key":"PowerPotion"},{"floor":31.0,"key":"Block Potion"},{"floor":44.0,"key":"Regen Potion"},{"floor":48,"key":"Strength Potion"}],"is_trial":false,"path_per_floor":["M","M","?","M","?","R","M","R","T","M","M","M","$","E","R","B",null,"M","?","?","M","$","?","M","E","T","$","M","M","T","M","R","B",null,"M","?","$","?","M","R","$","M","T","M","R","M","M","E","R","B",null],"character_chosen":"DEFECT","items_purchased":["Conserve Battery+1","Lockon"],"campfire_rested":1,"item_purchase_floors":[13,22],"current_hp_per_floor":[75,75,60,49,46,46,40,40,40,40,40,38,38,38,38,38,75,75,75,75,75,75,75,75,67,67,67,67,67,67,67,67,59,75,73,73,73,73,73,73,73,73,73,73,73,70,68,24,46,40],"gold":400,"neow_bonus":"UPGRADE_CARD","is_prod":false,"is_daily":false,"chose_seed":false,"campfire_upgraded":6,"win_rate":0,"timestamp":1568002030,"path_taken":["M","M","?","M","?","R","M","R","T","M","M","M","?","E","R","BOSS","M","?","?","M","?","?","M","E","T","$","M","M","?","M","R","BOSS","M","?","?","?","M","R","$","?","T","M","R","M","M","E","R","BOSS"],"build_version":"2019-07-17","purchased_purges":3,"victory":true,"max_hp_per_floor":[75,75,75,75,75,75,75,75,75,75,75,75,75,75,75,75,75,75,75,75,75,75,75,75,75,75,75,75,75,75,75,75,75,75,75,75,75,75,75,75,75,75,75,75,75,75,75,75,75,75],"card_choices":[{"not_picked":["Sweeping Beam","Darkness","Gash"],"picked":"SKIP","floor":1.0},{"not_picked":["Lockon","Compile Driver"],"picked":"Melter","floor":2.0},{"not_picked":["Ball Lightning","Rebound"],"picked":"Conserve Battery","floor":4.0},{"not_picked":["Gash","Reinforced Body"],"picked":"Buffer","floor":7.0},{"not_picked":["Cold Snap","Stack+1"],"picked":"Ball Lightning","floor":10.0},{"not_picked":["Doom and Gloom","Scrape","Gash"],"picked":"SKIP","floor":11.0},{"not_picked":["Storm","Barrage"],"picked":"Electrodynamics","floor":12.0},{"not_picked":["Ball Lightning","Hello World"],"picked":"Machine Learning","floor":14.0},{"not_picked":["Conserve Battery+1","Stack+1"],"picked":"Coolheaded+1","floor":18.0},{"not_picked":["FTL","Cold Snap","Redo+1"],"picked":"SKIP","floor":21.0},{"not_picked":["Go for the Eyes+1","Gash+1"],"picked":"Ball Lightning+1","floor":24.0},{"not_picked":["Hologram+1","Sweeping Beam"],"picked":"Chaos+1","floor":25.0},{"not_picked":["Buffer","Skim+1"],"picked":"Loop","floor":28.0},{"not_picked":["Lockon+1","Aggregate+1","Fusion+1"],"picked":"SKIP","floor":29.0},{"not_picked":["Compile Driver+1","Doom and Gloom","Redo+1"],"picked":"SKIP","floor":31.0},{"not_picked":["Core Surge","Buffer"],"picked":"Creative AI","floor":33.0},{"not_picked":["Chaos+1","Ball Lightning","Leap+1"],"picked":"SKIP","floor":35.0},{"not_picked":["Sweeping Beam+1","Seek+1"],"picked":"Go for the Eyes+1","floor":39.0},{"not_picked":["Heatsinks+1","Barrage"],"picked":"Storm","floor":42.0},{"not_picked":["Turbo+1","Hologram+1","Cold Snap"],"picked":"SKIP","floor":44.0},{"not_picked":["Rebound+1","Gash+1"],"picked":"Defragment+1","floor":46.0},{"not_picked":["Coolheaded+1","Darkness+1","Scrape+1"],"picked":"SKIP","floor":47.0},{"not_picked":["Gash+1","Go for the Eyes+1"],"picked":"Beam Cell+1","floor":48}],"player_experience":383998,"relics_obtained":[{"floor":9.0,"key":"Toxic Egg 2"},{"floor":14.0,"key":"Meat on the Bone"},{"floor":25.0,"key":"Oddly Smooth Stone"},{"floor":48,"key":"Old Coin"}],"event_choices":[{"damage_healed":0.0,"max_hp_gain":0.0,"max_hp_loss":0.0,"gold_gain":0.0,"event_name":"Shining Light","player_choice":"Entered Light","floor":3.0,"gold_loss":0.0,"damage_taken":15.0,"cards_upgraded":["Strike_B","Defend_B"]},{"damage_healed":0.0,"max_hp_gain":0.0,"max_hp_loss":0.0,"gold_gain":0.0,"event_name":"Scrap Ooze","player_choice":"Success","floor":5.0,"gold_loss":0.0,"damage_taken":3.0,"relics_obtained":["Centennial Puzzle"]},{"cards_removed":["Strike_B"],"damage_healed":0.0,"max_hp_gain":0.0,"max_hp_loss":0.0,"gold_gain":0.0,"event_name":"Beggar","player_choice":"Gave Gold","floor":19.0,"gold_loss":75.0,"damage_taken":0.0},{"damage_healed":0.0,"max_hp_gain":0.0,"max_hp_loss":0.0,"gold_gain":0.0,"event_name":"Vampires","player_choice":"Ignored","floor":20.0,"gold_loss":0.0,"damage_taken":0.0},{"damage_healed":0.0,"max_hp_gain":0.0,"max_hp_loss":0.0,"gold_gain":0.0,"event_name":"Ghosts","player_choice":"Ignored","floor":23.0,"gold_loss":0.0,"damage_taken":0.0},{"cards_removed":["Defend_B"],"damage_healed":0.0,"max_hp_gain":0.0,"max_hp_loss":0.0,"gold_gain":0.0,"event_name":"Designer","player_choice":"Upgrade and Remove","floor":36.0,"gold_loss":90.0,"damage_taken":0.0,"cards_upgraded":["Electrodynamics"]},{"damage_healed":0.0,"max_hp_gain":0.0,"max_hp_loss":0.0,"gold_gain":0.0,"event_name":"Tomb of Lord Red Mask","player_choice":"Paid","floor":38.0,"gold_loss":63.0,"damage_taken":0.0,"relics_obtained":["Red Mask"]}],"is_beta":false,"boss_relics":[{"not_picked":["Velvet Choker","Runic Dome"],"picked":"Cursed Key"},{"not_picked":["Coffee Dripper","Pandora\u0027s Box"],"picked":"Lizard Tail"}],"items_purged_floors":[13,22,37],"is_endless":false,"potions_floor_spawned":[4,7,11,12,21,29,31,33,35,44,48],"ascension_level":0}