{"gold_per_floor":[110,210,135,148,167,167,177,177,203,222,238,258,258,271,271,368,368,388,303,168,186,186,216,216,216,293,312,312,325,325,336,336,435,435,447,357,111,130,130,130,149,168,168,20,20,20,36,47,47,47],"floor_reached":50,"playtime":2281,"items_purged":["Strike_B","Strike_B","Strike_B"],"score":458,"play_id":"d816888a-4dfb-44b3-861a-df93925773a1","local_time":"20190830214617","is_ascension_mode":false,"campfire_choices":[{"data":"Zap","floor":6.0,"key":"SMITH"},{"data":"Rainbow","floor":8.0,"key":"SMITH"},{"data":"Dualcast","floor":15.0,"key":"SMITH"},{"data":"Defragment","floor":24,"key":"SMITH"},{"data":"Auto Shields","floor":28,"key":"SMITH"},{"data":"Leap","floor":30,"key":"SMITH"},{"data":"All For One","floor":32,"key":"SMITH"},{"data":"Redo","floor":40,"key":"SMITH"},{"data":"Buffer","floor":45,"key":"SMITH"},{"floor":49,"key":"REST"}],"neow_cost":"NONE","seed_source_timestamp":0,"circlet_count":0,"master_deck":["Defend_B+1","Defend_B+1","Zap+1","Dualcast+1","Leap+1","Ball Lightning","Auto Shields+1","Rainbow+1","All For One+1","Gash+1","Core Surge","Defragment+1","Glacier+1","Recycle+1","Gash+1","Buffer+1","Capacitor","Redo+1","Gash","Redo+1","Beam Cell+1"],"special_seed":0,"relics":["Cracked Core","Potion Belt","Boot","White Beast Statue","Bag of Preparation","Blue Candle","Meat on the Bone","Matryoshka","Empty Cage","Happy Flower","Bottled Lightning","War Paint"],"potions_floor_usage":[16,18,23,29,33,33,42,50,50,50,50],"damage_taken":[{"damage":6.0,"enemies":"Cultist","floor":1.0,"turns":4.0},{"damage":0.0,"enemies":"Small Slimes","floor":4.0,"turns":3.0},{"damage":2.0,"enemies":"2 Louse","floor":5.0,"turns":3.0},{"damage":0.0,"enemies":"Blue Slaver","floor":7.0,"turns":3.0},{"damage":0.0,"enemies":"Looter","floor":10.0,"turns":4.0},{"damage":30.0,"enemies":"Gremlin Gang","floor":11.0,"turns":4.0},{"damage":0.0,"enemies":"Blue Slaver","floor":12.0,"turns":3.0},{"damage":5.0,"enemies":"Exordium Thugs","floor":14.0,"turns":3.0},{"damage":7,"enemies":"Hexaghost","floor":16,"turns":9},{"damage":20,"enemies":"2 Thieves","floor":18,"turns":4},{"damage":0,"enemies":"Chosen","floor":21,"turns":5},{"damage":4,"enemies":"Book of Stabbing","floor":23,"turns":6},{"damage":2,"enemies":"Sentry and Sphere","floor":27,"turns":4},{"damage":1,"enemies":"Snecko","floor":29,"turns":6},{"damage":6,"enemies":"Centurion and Healer","floor":31,"turns":6},{"damage":31,"enemies":"Collector","floor":33,"turns":10},{"damage":11,"enemies":"3 Darklings","floor":35,"turns":8},{"damage":8,"enemies":"Orb Walker","floor":38,"turns":4},{"damage":0,"enemies":"Spire Growth","floor":41,"turns":6},{"damage":11,"enemies":"Maw","floor":42,"turns":6},{"damage":7,"enemies":"4 Shapes","floor":47,"turns":5},{"damage":7,"enemies":"3 Darklings","floor":48,"turns":7},{"damage":93,"enemies":"Awakened One","floor":50,"turns":10}],"seed_played":"-4757698029994989837","potions_obtained":[{"floor":5.0,"key":"Strength Potion"},{"floor":10.0,"key":"Weak Potion"},{"floor":12.0,"key":"GamblersBrew"},{"floor":14.0,"key":"GamblersBrew"},{"floor":18,"key":"SpeedPotion"},{"floor":21,"key":"PowerPotion"},{"floor":23,"key":"Energy Potion"},{"floor":27,"key":"Fire Potion"},{"floor":29,"key":"Swift Potion"},{"floor":31,"key":"Ancient Potion"},{"floor":33,"key":"Fire Potion"},{"floor":35,"key":"Ancient Potion"},{"floor":38,"key":"SpeedPotion"},{"floor":42,"key":"Poison Potion"},{"floor":48,"key":"Regen Potion"}],"is_trial":false,"path_per_floor":["M","?","$","M","M","R","M","R","T","M","M","M","?","M","R","B",null,"M","?","$","M","?","E","R","?","T","M","R","M","R","M","R","B",null,"M","?","$","M","$","R","M","M","T","$","R","$","M","M","R","B"],"character_chosen":"DEFECT","items_purchased":["Defragment","Capacitor","Redo","War Paint"],"campfire_rested":1,"item_purchase_floors":[20,37,37,44],"current_hp_per_floor":[69,69,69,69,67,67,67,67,67,67,37,37,37,32,32,25,75,55,55,55,55,55,51,51,51,51,49,49,48,48,42,42,23,75,64,64,64,56,56,56,56,45,45,45,45,45,38,43,65,0],"gold":47,"neow_bonus":"RANDOM_COMMON_RELIC","is_prod":false,"is_daily":false,"chose_seed":false,"campfire_upgraded":9,"win_rate":0,"timestamp":1567169177,"path_taken":["M","?","$","M","M","R","?","R","T","M","?","M","?","M","R","BOSS","M","?","$","M","?","E","R","?","T","M","R","?","R","M","R","BOSS","M","?","$","M","$","R","M","M","T","?","R","?","?","M","R","BOSS"],"build_version":"2019-07-17","purchased_purges":3,"victory":false,"max_hp_per_floor":[75,75,75,75,75,75,75,75,75,75,75,75,75,75,75,75,75,75,75,75,75,75,75,75,75,75,75,75,75,75,75,75,75,75,75,75,75,75,75,75,75,75,75,75,75,75,75,75,75,75],"card_choices":[{"not_picked":["Sweeping Beam","Turbo"],"picked":"Leap","floor":1.0},{"not_picked":["Gash","White Noise"],"picked":"Ball Lightning","floor":4.0},{"not_picked":["Compile Driver","Hologram"],"picked":"Auto Shields","floor":5.0},{"not_picked":["Steam","Redo"],"picked":"Rainbow","floor":7.0},{"not_picked":["Stack","Turbo","Tempest"],"picked":"SKIP","floor":10.0},{"not_picked":["Barrage","Ball Lightning","Lockon"],"picked":"SKIP","floor":11.0},{"not_picked":["Barrage","Beam Cell"],"picked":"All For One","floor":12.0},{"not_picked":["Glacier","Rebound"],"picked":"Gash","floor":14.0},{"not_picked":["Hyperbeam","All For One"],"picked":"Core Surge","floor":16},{"not_picked":["Sunder","Hello World","Compile Driver"],"picked":"SKIP","floor":18},{"not_picked":["Ball Lightning","Coolheaded+1"],"picked":"Glacier+1","floor":21},{"not_picked":["Biased Cognition","Reprogram"],"picked":"Recycle+1","floor":23},{"not_picked":["Lockon+1","Double Energy","Conserve Battery"],"picked":"SKIP","floor":27},{"not_picked":["Static Discharge","Ball Lightning"],"picked":"Gash+1","floor":29},{"not_picked":["Coolheaded","Hologram","Steam Power"],"picked":"SKIP","floor":31},{"not_picked":["Amplify","Seek"],"picked":"Buffer","floor":33},{"not_picked":["Turbo+1","Sweeping Beam+1","Cold Snap+1"],"picked":"SKIP","floor":35},{"not_picked":["Leap","Amplify"],"picked":"Gash","floor":38},{"not_picked":["Heatsinks+1","Rip and Tear+1","Reinforced Body+1"],"picked":"SKIP","floor":41},{"not_picked":["Melter","Sweeping Beam"],"picked":"Redo+1","floor":42},{"not_picked":["BootSequence","Undo"],"picked":"Beam Cell+1","floor":47},{"not_picked":["Ball Lightning","Steam Power","Compile Driver"],"picked":"SKIP","floor":48}],"player_experience":321522,"relics_obtained":[{"floor":9.0,"key":"Boot"},{"floor":23,"key":"Blue Candle"},{"floor":26,"key":"Matryoshka"},{"floor":43,"key":"Happy Flower"},{"floor":43,"key":"Bottled Lightning"}],"event_choices":[{"damage_healed":0.0,"max_hp_gain":0.0,"max_hp_loss":0.0,"gold_gain":100.0,"event_name":"Golden Shrine","player_choice":"Pray","floor":2.0,"gold_loss":0.0,"damage_taken":0.0},{"damage_healed":0.0,"max_hp_gain":0.0,"max_hp_loss":0.0,"gold_gain":0.0,"event_name":"Liars Game","player_choice":"Ignored","floor":13.0,"gold_loss":0.0,"damage_taken":0.0},{"damage_healed":0,"gold_gain":0,"player_choice":"Obtained Relic","damage_taken":0,"relics_obtained":["Bag of Preparation"],"max_hp_gain":0,"max_hp_loss":0,"event_name":"Addict","floor":19,"gold_loss":85},{"damage_healed":0,"gold_gain":0,"player_choice":"Ignored","damage_taken":0,"max_hp_gain":0,"max_hp_loss":0,"event_name":"The Mausoleum","floor":22,"gold_loss":0},{"damage_healed":0,"gold_gain":0,"player_choice":"Gave Potion","damage_taken":0,"relics_obtained":["Meat on the Bone"],"max_hp_gain":0,"max_hp_loss":0,"event_name":"WeMeetAgain","floor":25,"gold_loss":0},{"cards_removed":["Strike_B"],"damage_healed":0,"gold_gain":0,"player_choice":"Upgrade and Remove","damage_taken":0,"max_hp_gain":0,"max_hp_loss":0,"event_name":"Designer","floor":36,"gold_loss":90,"cards_upgraded":["Gash"]}],"is_beta":false,"boss_relics":[{"not_picked":["Tiny House","Ectoplasm"],"picked":"White Beast Statue"},{"not_picked":["Astrolabe","Sozu"],"picked":"Empty Cage"}],"items_purged_floors":[3,20,37],"is_endless":false,"potions_floor_spawned":[5,10,12,14,18,21,23,27,29,31,33,35,38,41,42,47,48],"killed_by":"Awakened One","ascension_level":0}