{"gold_per_floor":[113,126,106,23,23,23,49,65,88,126,138,166,190,127,127,228,228,241,206,0,0,19,19,36,36,63,93,104,104,104,124,124,124],"floor_reached":33,"playtime":1422,"items_purged":["Regret"],"score":302,"play_id":"74ac69f4-f1d1-4bce-b8af-213540a59600","local_time":"20181109151300","is_ascension_mode":false,"campfire_choices":[{"data":"Cloak And Dagger","floor":6,"key":"SMITH"},{"data":"Catalyst","floor":11,"key":"SMITH"},{"data":"Catalyst","floor":15,"key":"SMITH"},{"floor":23,"key":"REST"},{"floor":25,"key":"REST"},{"floor":29,"key":"REST"},{"floor":30,"key":"REST"},{"floor":32,"key":"REST"}],"neow_cost":"NONE","seed_source_timestamp":2543909060041861,"circlet_count":0,"master_deck":["Defend_G","Defend_G","Defend_G","Defend_G","Defend_G","Strike_G","Strike_G","Strike_G","Strike_G","Strike_G","Survivor","Neutralize","Finisher","Cloak And Dagger+1","Catalyst+1","Quick Slash","Catalyst+1","Poisoned Stab","Backflip","Masterful Stab","Blade Dance","Burst","Doubt","Doubt","Doubt","Bouncing Flask","Deflect+1","Cloak And Dagger","Blade Dance"],"relics":["Ring of the Snake","NeowsBlessing","Potion Belt","Mummified Hand","MawBank","Shuriken","Calling Bell","Orichalcum","The Courier","WingedGreaves","Bottled Lightning","Oddly Smooth Stone","Blood Vial"],"potions_floor_usage":[10,12,16,22,22,24,27,27,31],"damage_taken":[{"damage":0,"enemies":"Cultist","floor":1,"turns":1},{"damage":0,"enemies":"2 Louse","floor":2,"turns":1},{"damage":0,"enemies":"Gremlin Nob","floor":7,"turns":1},{"damage":5,"enemies":"Jaw Worm","floor":8,"turns":3},{"damage":16,"enemies":"Lagavulin","floor":10,"turns":5},{"damage":7,"enemies":"Gremlin Gang","floor":12,"turns":4},{"damage":0,"enemies":"Red Slaver","floor":13,"turns":3},{"damage":26,"enemies":"The Guardian","floor":16,"turns":9},{"damage":13,"enemies":"3 Byrds","floor":18,"turns":8},{"damage":21,"enemies":"2 Thieves","floor":19,"turns":5},{"damage":30,"enemies":"Sentry and Sphere","floor":22,"turns":7},{"damage":13,"enemies":"Centurion and Healer","floor":24,"turns":9},{"damage":19,"enemies":"Gremlin Leader","floor":27,"turns":6},{"damage":19,"enemies":"Snake Plant","floor":28,"turns":5},{"damage":21,"enemies":"Cultist and Chosen","floor":31,"turns":9},{"damage":74,"enemies":"Automaton","floor":33,"turns":6}],"seed_played":"7089857698159171412","potions_obtained":[{"floor":1,"key":"FearPotion"},{"floor":2,"key":"Poison Potion"},{"floor":3,"key":"Dexterity Potion"},{"floor":8,"key":"SpeedPotion"},{"floor":10,"key":"Swift Potion"},{"floor":21,"key":"FairyPotion"},{"floor":21,"key":"Swift Potion"},{"floor":21,"key":"Weak Potion"},{"floor":24,"key":"Explosive Potion"},{"floor":28,"key":"Dexterity Potion"}],"is_trial":false,"path_per_floor":["M","M","?","$","?","R","E","M","T","E","R","M","M","$","R","B",null,"M","M","$","?","M","R","M","R","T","E","M","R","R","M","R","B"],"character_chosen":"THE_SILENT","items_purchased":["Catalyst","Quick Slash","Bottled Lightning"],"campfire_rested":5,"item_purchase_floors":[4,4,20],"current_hp_per_floor":[70,70,70,70,70,70,70,65,65,49,49,42,42,42,42,16,70,57,36,36,36,6,27,14,35,35,16,7,28,49,30,51,0],"gold":124,"neow_bonus":"THREE_ENEMY_KILL","is_prod":false,"is_daily":false,"chose_seed":false,"campfire_upgraded":3,"win_rate":0,"timestamp":1541797980,"path_taken":["M","M","?","?","?","R","E","M","T","E","R","?","?","?","R","BOSS","M","?","$","?","?","R","?","R","T","E","M","R","R","M","R","BOSS"],"build_version":"2018-11-08","purchased_purges":1,"victory":false,"max_hp_per_floor":[70,70,70,70,70,70,70,70,70,70,70,70,70,70,70,70,70,70,70,70,70,70,70,70,70,70,70,70,70,70,70,70,70],"card_choices":[{"not_picked":["Heel Hook","Predator"],"picked":"Finisher","floor":1},{"not_picked":["Concentrate","Dodge and Roll"],"picked":"Cloak And Dagger","floor":2},{"not_picked":["Backflip","PiercingWail"],"picked":"Catalyst","floor":7},{"not_picked":["Dodge and Roll","Slice"],"picked":"Poisoned Stab","floor":8},{"not_picked":["Well Laid Plans","Skewer"],"picked":"Backflip","floor":10},{"not_picked":["Dodge and Roll","Deflect"],"picked":"Masterful Stab","floor":12},{"not_picked":["Blur","Riddle With Holes"],"picked":"Blade Dance","floor":13},{"not_picked":["Die Die Die","Wraith Form v2"],"picked":"Burst","floor":16},{"not_picked":["Accuracy","Dagger Throw+1"],"picked":"Bouncing Flask","floor":18},{"not_picked":["Outmaneuver","Underhanded Strike"],"picked":"Deflect+1","floor":19},{"not_picked":["Bane","Flying Knee","Leg Sweep"],"picked":"SKIP","floor":22},{"not_picked":["Leg Sweep","Cloak And Dagger","Outmaneuver+1"],"picked":"SKIP","floor":24},{"not_picked":["Glass Knife","Slice","Reflex"],"picked":"SKIP","floor":27},{"not_picked":["Dagger Throw","Masterful Stab+1"],"picked":"Cloak And Dagger","floor":28},{"not_picked":["Heel Hook","Underhanded Strike"],"picked":"Blade Dance","floor":31}],"player_experience":216400,"relics_obtained":[{"floor":7,"key":"Mummified Hand"},{"floor":9,"key":"MawBank"},{"floor":10,"key":"Shuriken"},{"floor":17,"key":"Orichalcum"},{"floor":17,"key":"The Courier"},{"floor":17,"key":"WingedGreaves"},{"floor":26,"key":"Oddly Smooth Stone"},{"floor":27,"key":"Blood Vial"}],"event_choices":[{"damage_healed":0,"gold_gain":0,"player_choice":"Bought 1 Potion","damage_taken":0,"max_hp_gain":0,"max_hp_loss":0,"event_name":"The Woman in Blue","floor":3,"gold_loss":0},{"damage_healed":0,"gold_gain":0,"player_choice":"Box","damage_taken":0,"relics_obtained":["Potion Belt"],"max_hp_gain":0,"max_hp_loss":0,"event_name":"Big Fish","floor":5,"gold_loss":0,"cards_obtained":["Regret"]},{"damage_healed":0,"gold_gain":0,"player_choice":"Got Potions","damage_taken":0,"max_hp_gain":0,"max_hp_loss":0,"event_name":"Lab","floor":21,"gold_loss":0}],"is_beta":true,"boss_relics":[{"not_picked":["Coffee Dripper","Cursed Key"],"picked":"Calling Bell"}],"items_purged_floors":[14],"is_endless":false,"potions_floor_spawned":[1,2,8,10,24,28],"killed_by":"Automaton","ascension_level":0}