{"gold_per_floor":[116,191,191,116,130,130,159,159,159,171,185,201,212,231,231,332,332,349,200,211,226,243,243,263,263,263,263,274,274,299,311,311,407,407,418,436,174,174],"floor_reached":38,"playtime":2432,"items_purged":["Strike_R","Strike_R","Dark Embrace+1"],"score":402,"play_id":"0258fb3d-4e8c-4768-b49d-7826c3d0945f","local_time":"20190202102709","is_ascension_mode":false,"campfire_choices":[{"data":"Armaments","floor":6.0,"key":"SMITH"},{"data":"Entrench","floor":8.0,"key":"SMITH"},{"data":"Uppercut","floor":15.0,"key":"SMITH"},{"data":"Entrench","floor":23.0,"key":"SMITH"},{"data":"Barricade","floor":25.0,"key":"SMITH"},{"data":"Whirlwind","floor":27.0,"key":"SMITH"},{"data":"Armaments","floor":32.0,"key":"SMITH"}],"neow_cost":"PERCENT_DAMAGE","seed_source_timestamp":0,"circlet_count":0,"master_deck":["Strike_R+1","Defend_R","Bash","Twin Strike","Corruption","Armaments+1","Entrench+1","Uppercut+1","Twin Strike","Entrench+1","Immolate","Barricade+1","Whirlwind+1","Armaments+1","Wild Strike+1","Shrug It Off","Battle Trance","Wild Strike+1","Body Slam","Body Slam","Flex","Body Slam+1","Offering","Combust+1","Thunderclap+1","Metallicize+1","Iron Wave+1","Impervious"],"special_seed":0,"relics":["Burning Blood","Darkstone Periapt","Bird Faced Urn","Velvet Choker","Whetstone","Paper Frog","Astrolabe"],"potions_floor_usage":[36,36],"damage_taken":[{"damage":0.0,"enemies":"Cultist","floor":1.0,"turns":4.0},{"damage":6.0,"enemies":"Jaw Worm","floor":5.0,"turns":3.0},{"damage":14.0,"enemies":"3 Sentries","floor":7.0,"turns":12.0},{"damage":0.0,"enemies":"Small Slimes","floor":10.0,"turns":4.0},{"damage":2.0,"enemies":"2 Fungi Beasts","floor":11.0,"turns":4.0},{"damage":9.0,"enemies":"Gremlin Gang","floor":12.0,"turns":6.0},{"damage":0.0,"enemies":"Blue Slaver","floor":13.0,"turns":3.0},{"damage":0.0,"enemies":"2 Fungi Beasts","floor":14.0,"turns":3.0},{"damage":30.0,"enemies":"Hexaghost","floor":16.0,"turns":9.0},{"damage":0.0,"enemies":"Spheric Guardian","floor":18.0,"turns":14.0},{"damage":6.0,"enemies":"3 Byrds","floor":20.0,"turns":5.0},{"damage":14.0,"enemies":"Snake Plant","floor":21.0,"turns":5.0},{"damage":0.0,"enemies":"Snecko","floor":22.0,"turns":3.0},{"damage":17.0,"enemies":"Sentry and Sphere","floor":24.0,"turns":5.0},{"damage":8.0,"enemies":"Chosen and Byrds","floor":28.0,"turns":8.0},{"damage":37.0,"enemies":"Slavers","floor":30.0,"turns":4.0},{"damage":0.0,"enemies":"3 Cultists","floor":31.0,"turns":2.0},{"damage":87,"enemies":"Champ","floor":33,"turns":13},{"damage":40,"enemies":"Orb Walker","floor":35,"turns":5},{"damage":20,"enemies":"3 Darklings","floor":36,"turns":5},{"damage":69,"enemies":"Sphere and 2 Shapes","floor":38,"turns":5}],"seed_played":"6949995788145810819","potions_obtained":[{"floor":1.0,"key":"SpeedPotion"},{"floor":5.0,"key":"LiquidBronze"},{"floor":7.0,"key":"Energy Potion"},{"floor":13.0,"key":"Block Potion"},{"floor":18.0,"key":"Weak Potion"},{"floor":20.0,"key":"Regen Potion"},{"floor":28.0,"key":"FairyPotion"},{"floor":30.0,"key":"Explosive Potion"},{"floor":33,"key":"BloodPotion"},{"floor":35,"key":"BloodPotion"}],"is_trial":false,"path_per_floor":["M","?","?","$","M","R","E","R","T","M","M","M","M","M","R","B",null,"M","$","M","M","M","R","M","R","T","R","M","?","E","M","R","B",null,"M","M","$","M"],"character_chosen":"IRONCLAD","items_purchased":["Armaments","Impervious"],"campfire_rested":0,"item_purchase_floors":[19,37],"current_hp_per_floor":[62,51,51,51,51,51,43,43,43,49,53,50,58,66,66,42,80,80,80,80,72,80,80,69,69,69,69,69,69,54,60,60,14,80,48,58,58,0],"gold":174,"neow_bonus":"REMOVE_TWO","is_prod":false,"is_daily":false,"chose_seed":false,"campfire_upgraded":7,"win_rate":0,"timestamp":1549070829,"path_taken":["M","?","?","$","M","R","E","R","T","M","M","M","?","M","R","BOSS","M","$","M","M","M","R","M","R","T","R","M","?","E","?","R","BOSS","M","M","$","M"],"build_version":"2019-01-23","purchased_purges":3,"victory":false,"max_hp_per_floor":[80,80,80,80,80,80,80,80,80,80,80,80,80,80,80,80,80,80,80,80,80,80,80,80,80,80,80,80,80,80,80,80,80,80,80,80,80,80],"card_choices":[{"not_picked":["Bloodletting","Headbutt"],"picked":"Twin Strike","floor":1.0},{"not_picked":["Heavy Blade","Perfected Strike"],"picked":"Armaments","floor":5.0},{"not_picked":["Fire Breathing","Evolve"],"picked":"Entrench","floor":7.0},{"not_picked":["Second Wind","Fire Breathing"],"picked":"Uppercut","floor":10.0},{"not_picked":["Havoc","Intimidate"],"picked":"Twin Strike","floor":11.0},{"not_picked":["Iron Wave","Disarm"],"picked":"Clash","floor":12.0},{"not_picked":["Twin Strike","Pommel Strike"],"picked":"Entrench","floor":13.0},{"not_picked":["Warcry","Searing Blow"],"picked":"Immolate","floor":14.0},{"not_picked":["Double Tap","Feed"],"picked":"Barricade","floor":16.0},{"not_picked":["Clothesline+1","Pommel Strike"],"picked":"Whirlwind","floor":18.0},{"not_picked":["Carnage","Thunderclap"],"picked":"Wild Strike+1","floor":20.0},{"not_picked":["True Grit","Corruption+1"],"picked":"Shrug It Off","floor":21.0},{"not_picked":["Hemokinesis","Shrug It Off"],"picked":"Battle Trance","floor":22.0},{"not_picked":["Pummel","Thunderclap+1"],"picked":"Wild Strike+1","floor":24.0},{"not_picked":["Iron Wave","True Grit"],"picked":"Body Slam","floor":28.0},{"not_picked":["Thunderclap+1","Corruption+1"],"picked":"Flex","floor":30.0},{"not_picked":["Second Wind+1","Ghostly Armor"],"picked":"Body Slam+1","floor":31.0},{"not_picked":["Bludgeon","Barricade"],"picked":"Offering","floor":33},{"not_picked":["Wild Strike","Whirlwind"],"picked":"Metallicize+1","floor":35},{"not_picked":["Twin Strike","Power Through+1"],"picked":"Iron Wave+1","floor":36}],"player_experience":70509,"relics_obtained":[{"floor":7.0,"key":"Darkstone Periapt"},{"floor":9.0,"key":"Bird Faced Urn"},{"floor":26.0,"key":"Whetstone"},{"floor":30.0,"key":"Paper Frog"}],"event_choices":[{"damage_healed":0.0,"max_hp_gain":0.0,"max_hp_loss":0.0,"gold_gain":75.0,"event_name":"World of Goop","player_choice":"Gather Gold","floor":2.0,"gold_loss":0.0,"damage_taken":11.0},{"damage_healed":0.0,"max_hp_gain":0.0,"max_hp_loss":0.0,"gold_gain":0.0,"cards_transformed":["Strike_R"],"event_name":"Transmorgrifier","player_choice":"Transformed","floor":3.0,"gold_loss":0.0,"damage_taken":0.0,"cards_obtained":["Corruption"]},{"damage_healed":0.0,"max_hp_gain":0.0,"max_hp_loss":0.0,"gold_gain":0.0,"event_name":"Duplicator","player_choice":"Copied","floor":29.0,"gold_loss":0.0,"damage_taken":0.0,"cards_obtained":["Body Slam"]}],"is_beta":false,"boss_relics":[{"not_picked":["Orrery","Black Star"],"picked":"Velvet Choker"},{"not_picked":["Lizard Tail","Runic Pyramid"],"picked":"Astrolabe"}],"items_purged_floors":[4,19,37],"is_endless":false,"potions_floor_spawned":[1,5,7,13,18,20,28,30,33,35],"killed_by":"Sphere and 2 Shapes","ascension_level":0}