{"gold_per_floor":[361,378,394,406,406,440,440,458,458,483,503,519,253,268,268,364,364,376,376,114,114,214,214,243,258,283,283,296,322,322,347,347,442,442,456,196,208,223,239,271,271,305,305,322,355,368,385,401,401,401],"floor_reached":51,"playtime":3688,"items_purged":["Strike_B","Defend_B"],"score":938,"play_id":"07997af2-84e9-4165-ba99-bfc411aa67c3","local_time":"20190204171926","is_ascension_mode":false,"campfire_choices":[{"data":"Zap","floor":7,"key":"SMITH"},{"floor":15,"key":"REST"},{"data":"Loop","floor":23,"key":"SMITH"},{"data":"Core Surge","floor":27,"key":"SMITH"},{"data":"Hologram","floor":30,"key":"SMITH"},{"data":"Multi-Cast","floor":32,"key":"SMITH"},{"floor":49,"key":"RECALL"}],"neow_cost":"PERCENT_DAMAGE","seed_source_timestamp":629438252279289,"circlet_count":0,"master_deck":["Strike_B+1","Strike_B+1","Defend_B+1","Defend_B+1","Defend_B+1","Zap+1","Dualcast+1","Glacier","Loop+1","Ball Lightning","Capacitor","Redo+1","Hologram+1","Amplify","Go for the Eyes","Biased Cognition","Go for the Eyes+1","Core Surge+1","Self Repair+1","Leap","Leap+1","Go for the Eyes+1","Multi-Cast+1","Rainbow","Conserve Battery","Recycle","Leap+1","Static Discharge+1","Lockon","Force Field","Skim+1","Redo+1","Hologram+1","Turbo+1"],"relics":["Cracked Core","Meat on the Bone","Mercury Hourglass","War Paint","MealTicket","Lizard Tail","Enchiridion","Thread and Needle","Blue Candle","Kunai","Vajra","Torii","Happy Flower","Fusion Hammer","Runic Capacitor","Singing Bowl","Bag of Preparation","Centennial Puzzle","Question Card"],"potions_floor_usage":[8,16,22,22,29,50,50],"damage_taken":[{"damage":0,"enemies":"Cultist","floor":1,"turns":3},{"damage":0,"enemies":"Jaw Worm","floor":2,"turns":5},{"damage":1,"enemies":"2 Louse","floor":3,"turns":2},{"damage":6,"enemies":"Exordium Wildlife","floor":4,"turns":3},{"damage":16,"enemies":"Lagavulin","floor":6,"turns":6},{"damage":22,"enemies":"Gremlin Gang","floor":8,"turns":5},{"damage":2,"enemies":"3 Sentries","floor":10,"turns":6},{"damage":12,"enemies":"Blue Slaver","floor":11,"turns":3},{"damage":5,"enemies":"Large Slime","floor":12,"turns":5},{"damage":13,"enemies":"Gremlin Gang","floor":14,"turns":3},{"damage":0,"enemies":"Slime Boss","floor":16,"turns":8},{"damage":10,"enemies":"Spheric Guardian","floor":18,"turns":4},{"damage":15,"enemies":"Colosseum Slavers","floor":22,"turns":5},{"damage":7,"enemies":"Colosseum Nobs","floor":22,"turns":2},{"damage":0,"enemies":"Gremlin Leader","floor":24,"turns":6},{"damage":3,"enemies":"2 Thieves","floor":25,"turns":3},{"damage":0,"enemies":"Chosen and Byrds","floor":28,"turns":4},{"damage":24,"enemies":"Slavers","floor":29,"turns":6},{"damage":0,"enemies":"Book of Stabbing","floor":31,"turns":5},{"damage":6,"enemies":"Champ","floor":33,"turns":11},{"damage":12,"enemies":"3 Darklings","floor":35,"turns":3},{"damage":0,"enemies":"Orb Walker","floor":37,"turns":3},{"damage":8,"enemies":"Sphere and 2 Shapes","floor":38,"turns":4},{"damage":1,"enemies":"Spire Growth","floor":39,"turns":6},{"damage":12,"enemies":"Reptomancer","floor":40,"turns":6},{"damage":0,"enemies":"Nemesis","floor":42,"turns":7},{"damage":0,"enemies":"Transient","floor":44,"turns":5},{"damage":0,"enemies":"Giant Head","floor":45,"turns":10},{"damage":27,"enemies":"3 Darklings","floor":46,"turns":6},{"damage":0,"enemies":"Sphere and 2 Shapes","floor":47,"turns":5},{"damage":0,"enemies":"Maw","floor":48,"turns":7},{"damage":2,"enemies":"Donu and Deca","floor":50,"turns":7}],"seed_played":"6434250228992434218","potions_obtained":[{"floor":2,"key":"FairyPotion"},{"floor":6,"key":"PowerPotion"},{"floor":10,"key":"LiquidBronze"},{"floor":11,"key":"FocusPotion"},{"floor":18,"key":"Poison Potion"},{"floor":25,"key":"Regen Potion"},{"floor":28,"key":"SneckoOil"},{"floor":29,"key":"LiquidBronze"},{"floor":39,"key":"Energy Potion"},{"floor":45,"key":"EssenceOfSteel"},{"floor":46,"key":"FocusPotion"}],"is_trial":false,"path_per_floor":["M","M","M","M","?","E","R","M","T","E","M","M","$","M","R","B",null,"M","?","$","?","?","R","E","M","T","R","M","E","R","E","R","B",null,"M","$","M","M","M","E","?","E","T","M","E","M","M","M","R","B",null],"character_chosen":"DEFECT","items_purchased":["MealTicket","Core Surge","Runic Capacitor","Recycle"],"campfire_rested":1,"item_purchase_floors":[13,20,36,36],"current_hp_per_floor":[54,54,53,47,47,31,31,21,21,31,31,38,38,37,59,59,75,65,49,64,64,42,42,62,59,59,59,69,67,67,75,75,75,75,73,75,75,75,75,63,63,73,73,75,77,60,70,77,77,77],"gold":401,"neow_bonus":"TWO_FIFTY_GOLD","is_prod":false,"is_daily":false,"chose_seed":false,"campfire_upgraded":5,"win_rate":0,"timestamp":1549268366,"path_taken":["M","M","?","?","?","E","R","M","T","E","M","M","$","M","R","BOSS","M","?","$","?","?","R","E","M","T","R","M","E","R","E","R","BOSS","M","$","M","M","M","E","?","E","T","M","E","M","M","?","R","BOSS"],"build_version":"2019-01-23","purchased_purges":2,"victory":true,"max_hp_per_floor":[75,75,75,75,75,75,75,75,75,75,75,75,75,75,75,75,75,75,75,75,75,75,75,75,75,75,75,75,75,75,75,75,75,75,75,75,75,75,75,75,75,75,75,75,77,77,77,77,77,77],"card_choices":[{"not_picked":["Streamline","Stack"],"picked":"Glacier","floor":1},{"not_picked":["Rip and Tear","Beam Cell"],"picked":"Loop","floor":2},{"not_picked":["Meteor Strike","Beam Cell","Auto Shields"],"picked":"SKIP","floor":3},{"not_picked":["Turbo","Streamline"],"picked":"Ball Lightning","floor":4},{"not_picked":["Blizzard","Auto Shields"],"picked":"Capacitor","floor":6},{"not_picked":["Melter","Ball Lightning"],"picked":"Redo","floor":8},{"not_picked":["Lockon","Redo"],"picked":"Hologram","floor":10},{"not_picked":["Turbo","Barrage"],"picked":"Amplify","floor":11},{"not_picked":["Gash","Sunder"],"picked":"Go for the Eyes","floor":12},{"not_picked":["Double Energy","Streamline","Barrage"],"picked":"SKIP","floor":14},{"not_picked":["Reboot","All For One"],"picked":"Biased Cognition","floor":16},{"not_picked":["Fusion","Hologram"],"picked":"Go for the Eyes+1","floor":18},{"not_picked":["Darkness","Redo+1"],"picked":"Self Repair+1","floor":22},{"not_picked":["Turbo+1","Stack"],"picked":"Leap","floor":24},{"not_picked":["Coolheaded","Barrage+1"],"picked":"Leap+1","floor":25},{"not_picked":["Double Energy","Rebound","Beam Cell"],"picked":"SKIP","floor":28},{"not_picked":["Beam Cell","Streamline"],"picked":"Go for the Eyes+1","floor":29},{"not_picked":["Melter","Capacitor"],"picked":"Multi-Cast","floor":31},{"not_picked":["Thunder Strike","Fission"],"picked":"Rainbow","floor":33},{"not_picked":["Beam Cell+1","Ball Lightning"],"picked":"Conserve Battery","floor":35},{"not_picked":["Leap+1","All For One","Gash"],"picked":"SKIP","floor":37},{"not_picked":["Cold Snap","Heatsinks"],"picked":"Leap+1","floor":38},{"not_picked":["Self Repair","Sweeping Beam","Steam"],"picked":"SKIP","floor":39},{"not_picked":["Steam+1","Double Energy"],"picked":"Static Discharge+1","floor":40},{"not_picked":["Ball Lightning","Compile Driver"],"picked":"Force Field","floor":42},{"not_picked":["Fusion","Thunder Strike"],"picked":"Skim+1","floor":44},{"not_picked":["Turbo","Sweeping Beam+1","Static Discharge+1"],"picked":"Singing Bowl","floor":45},{"not_picked":["Hologram","Coolheaded","Leap"],"picked":"Redo+1","floor":46},{"not_picked":["Stack+1","Rainbow","Beam Cell"],"picked":"Hologram+1","floor":47},{"not_picked":["Sweeping Beam+1","Double Energy","Streamline"],"picked":"Turbo+1","floor":48}],"player_experience":131273,"relics_obtained":[{"floor":6,"key":"Meat on the Bone"},{"floor":9,"key":"Mercury Hourglass"},{"floor":10,"key":"War Paint"},{"floor":19,"key":"Enchiridion"},{"floor":22,"key":"Thread and Needle"},{"floor":22,"key":"Blue Candle"},{"floor":24,"key":"Kunai"},{"floor":26,"key":"Vajra"},{"floor":29,"key":"Torii"},{"floor":31,"key":"Happy Flower"},{"floor":40,"key":"Singing Bowl"},{"floor":42,"key":"Bag of Preparation"},{"floor":43,"key":"Centennial Puzzle"},{"floor":45,"key":"Question Card"}],"event_choices":[{"damage_healed":0,"gold_gain":0,"player_choice":"Grow","damage_taken":0,"max_hp_gain":0,"max_hp_loss":0,"event_name":"Living Wall","floor":5,"gold_loss":0,"cards_upgraded":["Dualcast"]},{"damage_healed":0,"gold_gain":0,"player_choice":"Obtained Book","damage_taken":16,"max_hp_gain":0,"max_hp_loss":0,"event_name":"Cursed Tome","floor":19,"gold_loss":0},{"damage_healed":0,"gold_gain":0,"player_choice":"Simplicity","damage_taken":0,"max_hp_gain":0,"max_hp_loss":0,"event_name":"Back to Basics","floor":21,"gold_loss":0,"cards_upgraded":["Strike_B","Strike_B","Strike_B","Defend_B","Defend_B"]},{"damage_healed":0,"gold_gain":0,"player_choice":"Fight","damage_taken":0,"max_hp_gain":0,"max_hp_loss":0,"event_name":"Colosseum","floor":22,"gold_loss":0},{"damage_healed":0,"gold_gain":0,"player_choice":"Fought Nobs","damage_taken":0,"max_hp_gain":0,"max_hp_loss":0,"event_name":"Colosseum","floor":22,"gold_loss":0},{"damage_healed":0,"gold_gain":0,"cards_transformed":["Strike_B"],"player_choice":"Transformed","damage_taken":0,"max_hp_gain":0,"max_hp_loss":0,"event_name":"Transmorgrifier","floor":41,"gold_loss":0,"cards_obtained":["Lockon"]}],"is_beta":false,"boss_relics":[{"not_picked":["Snecko Eye","Eternal Feather"],"picked":"Lizard Tail"},{"not_picked":["Empty Cage","Astrolabe"],"picked":"Fusion Hammer"}],"items_purged_floors":[13,20],"is_endless":false,"potions_floor_spawned":[2,6,10,11,12,18,25,28,29,38,39,45,46,47,48],"ascension_level":0}