{"gold_per_floor":[113,130,53,64,239,270,270,300,354,354,365,421,448,465,465,465],"floor_reached":16,"playtime":742,"items_purged":[],"score":143,"play_id":"328afe40-1d9d-4996-82db-9ecb9934786f","local_time":"20190706195315","is_ascension_mode":true,"campfire_choices":[{"data":"Bash","floor":7,"key":"SMITH"},{"floor":10,"key":"REST"},{"floor":15,"key":"REST"}],"neow_cost":"NONE","seed_source_timestamp":38965411176894,"circlet_count":0,"master_deck":["Strike_R","Strike_R","Strike_R","Strike_R","Strike_R","Defend_R","Defend_R","Defend_R","Defend_R","Bash+1","Impatience","Dropkick","Flex","Metallicize","Flame Barrier","Doubt","Iron Wave","Infernal Blade","Rampage","Hemokinesis","Cleave","True Grit"],"relics":["Burning Blood","Darkstone Periapt","Omamori","Vajra","Matryoshka","Odd Mushroom"],"potions_floor_usage":[6,12,12],"damage_taken":[{"damage":5,"enemies":"Cultist","floor":1,"turns":4},{"damage":10,"enemies":"Small Slimes","floor":2,"turns":3},{"damage":0,"enemies":"2 Louse","floor":4,"turns":2},{"damage":35,"enemies":"3 Sentries","floor":6,"turns":10},{"damage":32,"enemies":"Gremlin Nob","floor":8,"turns":5},{"damage":7,"enemies":"Large Slime","floor":11,"turns":5},{"damage":9,"enemies":"Gremlin Nob","floor":12,"turns":4},{"damage":10,"enemies":"The Mushroom Lair","floor":13,"turns":4},{"damage":4,"enemies":"Looter","floor":14,"turns":3},{"damage":69,"enemies":"Slime Boss","floor":16,"turns":11}],"seed_played":"-432407199642653962","potions_obtained":[{"floor":2,"key":"PowerPotion"},{"floor":6,"key":"Energy Potion"},{"floor":11,"key":"Energy Potion"}],"is_trial":false,"path_per_floor":["M","M","$","M","?","E","R","E","T","R","M","?","?","M","R","B"],"character_chosen":"IRONCLAD","items_purchased":["Metallicize"],"campfire_rested":2,"item_purchase_floors":[3],"current_hp_per_floor":[73,69,69,75,75,46,46,20,20,44,43,40,36,38,62,0],"gold":465,"neow_bonus":"RANDOM_COLORLESS","is_prod":false,"is_daily":false,"chose_seed":false,"campfire_upgraded":1,"win_rate":0,"timestamp":1562457195,"path_taken":["M","?","?","M","?","E","R","E","T","R","M","?","?","M","R","BOSS"],"build_version":"2019-07-05","purchased_purges":0,"victory":false,"max_hp_per_floor":[80,80,80,80,80,80,80,80,80,80,80,80,80,80,80,80],"card_choices":[{"not_picked":["Sword Boomerang","Clothesline"],"picked":"Dropkick","floor":1},{"not_picked":["Feel No Pain","Second Wind"],"picked":"Flex","floor":2},{"not_picked":["Evolve","Warcry"],"picked":"Flame Barrier","floor":4},{"not_picked":["Combust","Limit Break"],"picked":"Iron Wave","floor":6},{"not_picked":["Warcry","Sever Soul"],"picked":"Infernal Blade","floor":8},{"not_picked":["Hemokinesis","Anger"],"picked":"Rampage","floor":11},{"not_picked":["Rage","Sword Boomerang"],"picked":"Hemokinesis","floor":12},{"not_picked":["Havoc","Iron Wave"],"picked":"Cleave","floor":13},{"not_picked":["Whirlwind","Armaments"],"picked":"True Grit","floor":14}],"player_experience":264287,"relics_obtained":[{"floor":6,"key":"Darkstone Periapt"},{"floor":8,"key":"Omamori"},{"floor":9,"key":"Vajra"},{"floor":12,"key":"Matryoshka"},{"floor":13,"key":"Odd Mushroom"}],"event_choices":[{"damage_healed":0,"gold_gain":175,"player_choice":"AGREE","damage_taken":0,"max_hp_gain":0,"max_hp_loss":0,"event_name":"Liars Game","floor":5,"gold_loss":0,"cards_obtained":["Doubt"]},{"damage_healed":0,"gold_gain":30,"player_choice":"Searched \u00272\u0027 times","damage_taken":0,"max_hp_gain":0,"max_hp_loss":0,"event_name":"Dead Adventurer","floor":12,"gold_loss":0},{"damage_healed":0,"gold_gain":0,"player_choice":"Fought Mushrooms","damage_taken":0,"max_hp_gain":0,"max_hp_loss":0,"event_name":"Mushrooms","floor":13,"gold_loss":0}],"is_beta":false,"boss_relics":[],"items_purged_floors":[],"is_endless":false,"potions_floor_spawned":[2,6,11],"killed_by":"Slime Boss","ascension_level":6}