{"path_per_floor":["M","?","?","M","$","R","?","E","T","?","R","M","M","M","R","B",null,"M","?","?","M","M","R","M","R","T","?","M","$","R","M","R","B",null,"M","$","M","?","M","R","M","R","T","T","M","R","?","M","R"],"character_chosen":"DEFECT","items_purchased":["Reboot","Ancient Potion","Lockon"],"gold_per_floor":[119,119,119,130,55,55,55,88,88,88,88,100,111,126,126,221,221,232,232,232,242,259,259,272,272,341,341,355,72,72,91,91,194,194,208,5,16,16,26,26,38,38,84,84,104,104,104,120,120,120],"floor_reached":50,"campfire_rested":6,"playtime":4721,"current_hp_per_floor":[74,74,71,68,68,68,73,20,20,20,44,44,44,39,63,36,80,80,80,80,80,80,80,63,80,80,80,67,67,80,80,80,45,80,80,80,80,80,80,80,55,80,80,80,80,80,80,48,80,0],"items_purged":["Strike_B","Strike_B","Strike_B"],"gold":120,"score":469,"play_id":"e29862d4-0d3b-4fe6-83c3-ebc60a522512","local_time":"20180501175629","is_prod":false,"is_daily":false,"chose_seed":false,"is_ascension_mode":false,"campfire_upgraded":5,"timestamp":1525190189,"path_taken":["M","?","?","M","$","R","?","E","T","?","R","M","?","M","R","BOSS","M","?","?","M","M","R","?","R","T","?","M","$","R","M","R","BOSS","M","$","?","?","?","R","M","R","T","?","M","R","?","?","R","BOSS"],"build_version":"2018-04-30","seed_source_timestamp":6877408586111,"purchased_purges":3,"victory":false,"master_deck":["Defend_B","Defend_B+1","Defend_B","Zap+1","Leap+1","Genetic Algorithm+1","Streamline","Defragment+1","Rainbow+1","Ball Lightning+1","Rebound+1","Double Energy+1","Coolheaded+1","Reboot","Lockon","Coolheaded+1","Skim+1","Consume+1","Master of Strategy","Ball Lightning+1"],"max_hp_per_floor":[75,75,75,75,75,75,80,80,80,80,80,80,80,80,80,80,80,80,80,80,80,80,80,80,80,80,80,80,80,80,80,80,80,80,80,80,80,80,80,80,80,80,80,80,80,80,80,80,80,80],"relics":["Cracked Core","Matryoshka","Omamori","War Paint","Dodecahedron","Nuclear Battery","Frozen Egg 2","Anchor","Eternal Feather","Blood Vial","Meat on the Bone"],"card_choices":[{"not_picked":["Sweeping Beam","Rebound"],"picked":"Leap","floor":1},{"not_picked":["Rebound","Beam Cell"],"picked":"Genetic Algorithm","floor":4},{"not_picked":["Impulse","Reprieve"],"picked":"Streamline","floor":8},{"not_picked":["Reprieve","Cold Snap"],"picked":"Defragment","floor":12},{"not_picked":["Cold Snap","Sweeping Beam"],"picked":"Rainbow","floor":14},{"not_picked":["Coolheaded","Leap"],"picked":"Ball Lightning","floor":18},{"not_picked":["Axe Kick","Streamline"],"picked":"Rebound","floor":22},{"not_picked":["Reprogram","Cold Snap"],"picked":"Coolheaded","floor":28},{"not_picked":["Streamline","Impulse"],"picked":"Coolheaded","floor":37},{"not_picked":["Static Discharge","Coolheaded"],"picked":"Skim","floor":39},{"not_picked":["Scrape","Cold Snap"],"picked":"Consume","floor":45},{"not_picked":["Blind","Good Instincts"],"picked":"Master of Strategy","floor":47},{"not_picked":["Coolheaded","Auto Shields"],"picked":"Ball Lightning","floor":48}],"player_experience":17939,"potions_floor_usage":[8,8,16,18,22,22,33,35,41,41,50],"damage_taken":[{"damage":1,"enemies":"Jaw Worm","floor":1,"turns":3},{"damage":3,"enemies":"2 Louse","floor":4,"turns":3},{"damage":53,"enemies":"Gremlin Nob","floor":8,"turns":6},{"damage":0,"enemies":"Cultist","floor":12,"turns":4},{"damage":0,"enemies":"2 Fungi Beasts","floor":13,"turns":3},{"damage":5,"enemies":"Looter","floor":14,"turns":3},{"damage":27,"enemies":"The Guardian","floor":16,"turns":10},{"damage":0,"enemies":"Shell Parasite","floor":18,"turns":7},{"damage":0,"enemies":"2 Thieves","floor":21,"turns":4},{"damage":0,"enemies":"Centurion and Healer","floor":22,"turns":6},{"damage":17,"enemies":"Snake Plant","floor":24,"turns":4},{"damage":13,"enemies":"Snecko","floor":28,"turns":4},{"damage":0,"enemies":"Sentry and Sphere","floor":31,"turns":3},{"damage":35,"enemies":"Collector","floor":33,"turns":9},{"damage":0,"enemies":"3 Darklings","floor":35,"turns":6},{"damage":0,"enemies":"3 Shapes","floor":37,"turns":4},{"damage":0,"enemies":"3 Darklings","floor":39,"turns":7},{"damage":25,"enemies":"Flame Bruiser 2 Orb","floor":41,"turns":7},{"damage":0,"enemies":"Maw","floor":45,"turns":8},{"damage":44,"enemies":"Sphere and 2 Shapes","floor":48,"turns":6},{"damage":80,"enemies":"Time Eater","floor":50,"turns":9}],"event_choices":[{"event_name":"Living Wall","player_choice":"Forget","floor":2,"damage_taken":0},{"event_name":"Scrap Ooze","player_choice":"success","floor":3,"damage_taken":3},{"event_name":"Big Fish","player_choice":"Donut","floor":7,"damage_taken":0},{"event_name":"Accursed Blacksmith","player_choice":"Forge","floor":10,"damage_taken":0},{"event_name":"Upgrade Shrine","player_choice":"Upgraded","floor":19,"damage_taken":0},{"event_name":"Back to Basics","player_choice":"Elegance","floor":20,"damage_taken":0},{"event_name":"Transmorgrifier","player_choice":"Transform","floor":27,"damage_taken":0},{"event_name":"Mysterious Sphere","player_choice":"Ignore","floor":38,"damage_taken":0},{"event_name":"SensoryStone","player_choice":"Memory 1","floor":47,"damage_taken":0}],"boss_relics":[{"not_picked":["Black Star","Runic Dome"],"picked":"Nuclear Battery"},{"not_picked":["Orrery","Philosopher\u0027s Stone"],"picked":"Eternal Feather"}],"potions_floor_spawned":[8,12,13,18,22,28,33,35,48],"seed_played":"-5905073078452984212","killed_by":"Time Eater","ascension_level":0,"is_trial":false}