{"path_per_floor":["M","?","$","M","?","R","M","R","T","$","M","R","$","M","R","B",null,"M","M","?","$","M","R","?","M","T","M","?","M","M","M","R","B",null,"M","M","M","?","$","E","M","M","T","R","E","M","M","M","R","B"],"character_chosen":"IRONCLAD","items_purchased":["Pummel","Battle Trance","Gremlin Horn"],"gold_per_floor":[114,114,41,56,56,56,75,75,75,0,19,19,19,38,38,163,163,182,201,201,20,39,39,0,19,19,38,138,157,176,195,195,320,320,339,358,377,377,2,40,59,78,153,153,191,210,229,248,248,248],"floor_reached":51,"campfire_rested":2,"playtime":1921,"current_hp_per_floor":[80,85,85,77,56,56,61,61,61,61,67,85,85,85,85,72,85,70,72,72,72,74,74,74,76,76,65,65,67,73,75,75,8,85,85,85,82,82,82,71,67,52,52,52,27,33,39,45,70,27],"items_purged":["Strike_R","Strike_R","Strike_R"],"gold":248,"score":757,"play_id":"5f4f4d72-f829-47ed-980d-832649f2474c","local_time":"20180501195725","daily_mods":["Diverse","Time Dilation","Lethality"],"is_prod":false,"is_daily":true,"chose_seed":false,"is_ascension_mode":false,"campfire_upgraded":6,"timestamp":1525197445,"path_taken":["M","?","$","M","?","R","M","R","T","$","M","R","$","M","R","BOSS","M","M","?","$","M","R","?","M","T","M","?","?","M","M","R","BOSS","M","M","M","?","$","E","M","M","T","R","E","?","M","M","R","BOSS"],"build_version":"2018-04-30","seed_source_timestamp":16922808438466,"purchased_purges":3,"victory":true,"master_deck":["Defend_R","Defend_R","Bash","Cleave","Pummel+1","Thunderclap","Sword Boomerang+1","Whirlwind+1","Offering+1","Flex+1","Battle Trance","Demon Form","Pommel Strike+1","Sever Soul+1","Flex+1","Flex+1","Heavy Blade+1","Shrug It Off+1","Flex+1","Heavy Blade+1","Havoc+1"],"max_hp_per_floor":[80,85,85,85,85,85,85,85,85,85,85,85,85,85,85,85,85,85,85,85,85,85,85,85,85,85,85,85,85,85,85,85,85,85,85,85,85,85,85,85,85,85,85,85,85,85,85,85,85,85],"relics":["Burning Blood","Golden Idol","Mummified Hand","Lizard Tail","Toxic Egg 2","Astrolabe","Gremlin Horn","Prayer Wheel","Self Forming Clay","The Courier"],"card_choices":[{"not_picked":["Armaments","Ghostly Armor"],"picked":"Cleave","floor":1},{"not_picked":["Searing Blow","Rampage"],"picked":"Thunderclap","floor":4},{"not_picked":["Hemokinesis","Reckless Charge"],"picked":"Sword Boomerang","floor":7},{"not_picked":["Sword Boomerang","Seeing Red"],"picked":"Whirlwind","floor":14},{"not_picked":["Limit Break","Berserk"],"picked":"Offering","floor":16},{"not_picked":["Hemokinesis","Sentinel"],"picked":"Flex","floor":18},{"not_picked":["Exhume","Bludgeon"],"picked":"Demon Form","floor":33},{"not_picked":["Sever Soul","Cleave"],"picked":"Flex","floor":35},{"not_picked":["Fire Breathing","Second Wind"],"picked":"Heavy Blade","floor":36},{"not_picked":["True Grit","Reckless Charge"],"picked":"Shrug It Off","floor":41},{"not_picked":["Sword Boomerang","Perfected Strike"],"picked":"Flex","floor":42},{"not_picked":["Headbutt","Uppercut"],"picked":"Heavy Blade","floor":45},{"not_picked":["Inflame","Rupture"],"picked":"Havoc","floor":48}],"player_experience":22660,"potions_floor_usage":[27,33,40,41,50,50],"damage_taken":[{"damage":0,"enemies":"2 Louse","floor":1,"turns":2},{"damage":14,"enemies":"Jaw Worm","floor":4,"turns":2},{"damage":1,"enemies":"Small Slimes","floor":7,"turns":2},{"damage":0,"enemies":"Exordium Wildlife","floor":11,"turns":2},{"damage":0,"enemies":"Blue Slaver","floor":14,"turns":1},{"damage":19,"enemies":"Slime Boss","floor":16,"turns":7},{"damage":21,"enemies":"2 Thieves","floor":18,"turns":3},{"damage":4,"enemies":"Spheric Guardian","floor":19,"turns":2},{"damage":4,"enemies":"Centurion and Healer","floor":22,"turns":2},{"damage":4,"enemies":"Snake Plant","floor":25,"turns":1},{"damage":17,"enemies":"Slaver and Parasite","floor":27,"turns":2},{"damage":4,"enemies":"Sentry and Sphere","floor":29,"turns":1},{"damage":0,"enemies":"Cultist and Chosen","floor":30,"turns":2},{"damage":4,"enemies":"Snake Plant","floor":31,"turns":1},{"damage":73,"enemies":"Champ","floor":33,"turns":6},{"damage":4,"enemies":"Orb Walker","floor":35,"turns":1},{"damage":0,"enemies":"3 Darklings","floor":36,"turns":1},{"damage":9,"enemies":"4 Shapes","floor":37,"turns":1},{"damage":17,"enemies":"Nemesis","floor":40,"turns":3},{"damage":13,"enemies":"Spire Growth","floor":41,"turns":2},{"damage":21,"enemies":"Maw","floor":42,"turns":3},{"damage":31,"enemies":"2 Orb Walkers","floor":45,"turns":2},{"damage":0,"enemies":"Flame Bruiser 2 Orb","floor":46,"turns":1},{"damage":0,"enemies":"Sphere and 2 Shapes","floor":47,"turns":1},{"damage":0,"enemies":"Spire Growth","floor":48,"turns":2},{"damage":92,"enemies":"Donu and Deca","floor":50,"turns":5}],"event_choices":[{"event_name":"Big Fish","player_choice":"Donut","floor":2,"damage_taken":0},{"event_name":"Golden Idol","player_choice":"Take Damage","floor":5,"damage_taken":0},{"event_name":"Back to Basics","player_choice":"Elegance","floor":20,"damage_taken":0},{"event_name":"Masked Bandits","player_choice":"Paid Bandits 39 gold","floor":24,"damage_taken":0},{"event_name":"Golden Shrine","player_choice":"Pray","floor":28,"damage_taken":0},{"event_name":"Mysterious Sphere","player_choice":"Ignore","floor":38,"damage_taken":0}],"boss_relics":[{"not_picked":["Black Star","Ectoplasm"],"picked":"Lizard Tail"},{"not_picked":["Snecko Eye","Sozu"],"picked":"Astrolabe"}],"potions_floor_spawned":[7,11,14,22,25,33,36,45,46,47],"seed_played":"5608395613026536580","ascension_level":0,"is_trial":false}