{"path_per_floor":["M","?","M","?","?","R","M","R","T","E","M","M","R","M","R","B",null,"M","$","M","?","M","R","E","M","T","R","M","R","M","M","R","B",null,"M","?","?","?","$","R","M","R","T","E","$","?","R","$","R"],"character_chosen":"IRONCLAD","items_purchased":["Shrug It Off","Flex","Dual Wield","Heavy Blade","Thunderclap"],"gold_per_floor":[109,109,129,129,129,129,142,142,166,200,219,240,240,254,254,377,377,377,206,206,206,206,206,206,206,206,206,206,206,206,206,206,206,206,206,206,206,206,128,128,128,128,128,128,104,64,64,12,12,12],"floor_reached":50,"campfire_rested":1,"playtime":5790,"item_purchase_floors":[19,19,39,45,48],"current_hp_per_floor":[80,80,75,68,48,48,54,54,54,41,44,50,50,56,56,25,80,80,80,80,80,80,80,77,76,76,76,66,66,74,80,80,30,80,74,69,69,69,69,69,79,79,79,43,43,43,43,43,80,0],"items_purged":["Strike_R"],"gold":12,"score":540,"play_id":"c24ed4bc-d85c-4d6d-a140-f12bf4e32d78","local_time":"20180603163640","is_prod":false,"is_daily":false,"chose_seed":false,"is_ascension_mode":false,"campfire_upgraded":11,"win_rate":0,"timestamp":1528036600,"campfire_choices":[{"data":"Pummel","floor":6.0,"key":"SMITH"},{"data":"Bash","floor":8.0,"key":"SMITH"},{"data":"Flex","floor":13.0,"key":"SMITH"},{"data":"Whirlwind","floor":15.0,"key":"SMITH"},{"data":"Flex","floor":23,"key":"SMITH"},{"data":"Flex","floor":27,"key":"SMITH"},{"data":"Shrug It Off","floor":29,"key":"SMITH"},{"data":"True Grit","floor":32,"key":"SMITH"},{"data":"Limit Break","floor":40,"key":"SMITH"},{"data":"Dual Wield","floor":42,"key":"SMITH"},{"data":"Heavy Blade","floor":47,"key":"SMITH"},{"floor":49,"key":"REST"}],"path_taken":["M","?","M","?","?","R","M","R","T","E","M","?","R","M","R","BOSS","M","$","M","?","?","R","E","M","T","R","M","R","M","M","R","BOSS","M","?","?","?","?","R","?","R","T","E","$","?","R","$","R","BOSS"],"build_version":"2018-05-30v2","seed_source_timestamp":0,"purchased_purges":1,"victory":false,"master_deck":["Strike_R","Strike_R","Strike_R","Defend_R+1","Defend_R+1","Defend_R","Defend_R","Bash+1","Pummel+1","Anger","Whirlwind+1","Flex+1","Intimidate","Demon Form","Flex+1","Shrug It Off+1","Flex+1","Cleave+1","Shrug It Off","Immolate","Battle Trance","True Grit+1","Twin Strike","Limit Break+1","Rage+1","Dark Shackles","Flex","Dual Wield+1","Armaments+1","Heavy Blade+1","Thunderclap"],"max_hp_per_floor":[80,80,80,80,80,80,80,80,80,80,80,80,80,80,80,80,80,80,80,80,80,80,80,80,80,80,80,80,80,80,80,80,80,80,80,80,80,80,80,80,80,80,80,80,80,80,80,80,80,80],"relics":["Black Blood","War Paint","Potion Belt","Golden Idol","Regal Pillow","Art of War","Ectoplasm","Toolbox","Charon\u0027s Ashes","Bottled Tornado","Vajra"],"card_choices":[{"not_picked":["Wild Strike","Warcry"],"picked":"Pummel","floor":1.0},{"not_picked":["Perfected Strike","Havoc","Wild Strike"],"picked":"SKIP","floor":3.0},{"not_picked":["Second Wind","Rage","Warcry"],"picked":"SKIP","floor":7.0},{"not_picked":["Sentinel","Rage"],"picked":"Anger","floor":10.0},{"not_picked":["Iron Wave","Brutality"],"picked":"Whirlwind","floor":11.0},{"not_picked":["Clothesline","Bloodletting"],"picked":"Flex","floor":12.0},{"not_picked":["Pommel Strike","Heavy Blade"],"picked":"Intimidate","floor":14.0},{"not_picked":["Dark Embrace","Impervious"],"picked":"Demon Form","floor":16.0},{"not_picked":["Body Slam+1","Sword Boomerang"],"picked":"Flex","floor":18},{"not_picked":["Havoc","Rupture"],"picked":"Cleave+1","floor":20},{"not_picked":["Power Through","Body Slam"],"picked":"Shrug It Off","floor":22},{"not_picked":["Barricade","Flex"],"picked":"Immolate","floor":24},{"not_picked":["Clash+1","Body Slam","Dropkick"],"picked":"SKIP","floor":25},{"not_picked":["Warcry","Anger+1"],"picked":"Battle Trance","floor":28},{"not_picked":["Clothesline","Shockwave"],"picked":"True Grit","floor":30},{"not_picked":["Anger+1","Headbutt"],"picked":"Twin Strike","floor":31},{"not_picked":["Juggernaut","Barricade"],"picked":"Limit Break","floor":33},{"not_picked":["Headbutt","Ghostly Armor"],"picked":"Rage+1","floor":35},{"not_picked":["Purity","Good Instincts"],"picked":"Dark Shackles","floor":36},{"not_picked":["Reckless Charge+1","Flex+1"],"picked":"Armaments+1","floor":41},{"not_picked":["Clothesline","Intimidate","Havoc"],"picked":"SKIP","floor":44}],"player_experience":112603,"potions_floor_usage":[18,24,30,33,33,33,41,50,50,50,50,50],"damage_taken":[{"damage":6.0,"enemies":"Cultist","floor":1.0,"turns":3.0},{"damage":11.0,"enemies":"Jaw Worm","floor":3.0,"turns":3.0},{"damage":0.0,"enemies":"Small Slimes","floor":7.0,"turns":3.0},{"damage":19.0,"enemies":"3 Sentries","floor":10.0,"turns":13.0},{"damage":3.0,"enemies":"Exordium Wildlife","floor":11.0,"turns":2.0},{"damage":0.0,"enemies":"3 Louse","floor":12.0,"turns":2.0},{"damage":0.0,"enemies":"2 Fungi Beasts","floor":14.0,"turns":3.0},{"damage":37.0,"enemies":"Hexaghost","floor":16.0,"turns":9.0},{"damage":0,"enemies":"2 Thieves","floor":18,"turns":1},{"damage":0,"enemies":"3 Byrds","floor":20,"turns":2},{"damage":0,"enemies":"3 Cultists","floor":22,"turns":4},{"damage":9,"enemies":"Book of Stabbing","floor":24,"turns":5},{"damage":7,"enemies":"Snake Plant","floor":25,"turns":2},{"damage":16,"enemies":"Centurion and Healer","floor":28,"turns":5},{"damage":2,"enemies":"Snecko","floor":30,"turns":3},{"damage":0,"enemies":"Chosen and Byrds","floor":31,"turns":2},{"damage":56,"enemies":"Champ","floor":33,"turns":9},{"damage":16,"enemies":"Flame Bruiser 1 Orb","floor":35,"turns":4},{"damage":0,"enemies":"3 Darklings","floor":41,"turns":1},{"damage":46,"enemies":"Nemesis","floor":44,"turns":7},{"damage":90,"enemies":"Awakened One","floor":50,"turns":7}],"relics_obtained":[{"floor":9.0,"key":"Regal Pillow"},{"floor":10.0,"key":"Art of War"},{"floor":24,"key":"Toolbox"},{"floor":26,"key":"Charon\u0027s Ashes"},{"floor":43,"key":"Bottled Tornado"},{"floor":44,"key":"Vajra"}],"event_choices":[{"event_name":"Liars Game","player_choice":"disagreed","floor":2.0,"damage_taken":0.0},{"event_name":"Scrap Ooze","player_choice":"success","floor":4.0,"damage_taken":7.0},{"event_name":"Golden Idol","player_choice":"Take Damage","floor":5.0,"damage_taken":0.0},{"event_name":"Ghosts","player_choice":"Ignored","floor":21,"damage_taken":0},{"event_name":"SensoryStone","player_choice":"Memory 2","floor":36,"damage_taken":0},{"event_name":"Transmorgrifier","player_choice":"Transform","floor":37,"damage_taken":0},{"event_name":"SecretPortal","player_choice":"Rejected Portal.","floor":38,"damage_taken":0},{"event_name":"The Woman in Blue","player_choice":"Bought 3 Potions","floor":46,"damage_taken":0}],"boss_relics":[{"not_picked":["Runic Cube","Pandora\u0027s Box"],"picked":"Black Blood"}],"items_purged_floors":[19],"potions_floor_spawned":[7,10,11,16,24,25,28,33,35,41],"seed_played":"7588831110173420644","killed_by":"Awakened One","ascension_level":0,"potions_obtained":[{"floor":7.0,"key":"Energy Potion"},{"floor":10.0,"key":"Block Potion"},{"floor":11.0,"key":"SteroidPotion"},{"floor":16.0,"key":"Ancient Potion"},{"floor":24,"key":"FearPotion"},{"floor":25,"key":"Dexterity Potion"},{"floor":28,"key":"SkillPotion"},{"floor":33,"key":"Explosive Potion"},{"floor":35,"key":"LiquidBronze"},{"floor":41,"key":"Ancient Potion"},{"floor":46,"key":"SneckoOil"},{"floor":46,"key":"FearPotion"},{"floor":46,"key":"Explosive Potion"}],"is_trial":false}