{"gold_per_floor":[10,285,1,20,39,64,37,37,64,64,94,107,107,6,6,110,110,127,137,137,137,153,188,200,233,233,25,59,59,59,69,69,174,174,185,4,15,15,15,15,15,40,118,118,118,151,161,178,178,178],"floor_reached":51,"playtime":2448,"items_purged":["Regret"],"score":821,"play_id":"7db5f837-2e3b-43de-b8ba-14b0e6f71f56","local_time":"20190721030956","is_ascension_mode":false,"campfire_choices":[{"data":"Malaise","floor":10,"key":"SMITH"},{"data":"Deadly Poison","floor":13,"key":"SMITH"},{"data":"Bane","floor":15,"key":"SMITH"},{"floor":30,"key":"REST"},{"floor":32,"key":"REST"},{"data":"Bouncing Flask","floor":40,"key":"SMITH"},{"floor":45,"key":"REST"},{"floor":49,"key":"REST"}],"neow_cost":"NO_GOLD","seed_source_timestamp":20227163497311,"circlet_count":0,"master_deck":["Strike_G","Strike_G","Defend_G","Defend_G","Defend_G","Survivor","Neutralize+1","Night Terror+1","Malaise+1","Dash+1","Deadly Poison+1","PiercingWail","Backstab","Deadly Poison+1","Noxious Fumes","Bane+1","Adrenaline","Infinite Blades","Bouncing Flask+1","Tools of the Trade","Well Laid Plans+1","Cloak And Dagger+1","Deadly Poison+1","Envenom+1","Caltrops+1","Footwork+1","Poisoned Stab+1","Dash+1","Night Terror+1"],"relics":["Ring of the Snake","TwistedFunnel","War Paint","Bag of Marbles","Whetstone","PreservedInsect","WristBlade","Sundial","Frozen Egg 2","Vajra","Shuriken","Snake Skull","Juzu Bracelet","Snecko Eye","Art of War","CultistMask","Dodecahedron","The Courier","Toxic Egg 2"],"potions_floor_usage":[6,19,23,28,28,33,35,47],"damage_taken":[{"damage":5,"enemies":"Cultist","floor":1,"turns":6},{"damage":0,"enemies":"2 Louse","floor":4,"turns":2},{"damage":0,"enemies":"Jaw Worm","floor":5,"turns":2},{"damage":20,"enemies":"Gremlin Nob","floor":6,"turns":7},{"damage":6,"enemies":"3 Sentries","floor":11,"turns":5},{"damage":0,"enemies":"2 Fungi Beasts","floor":12,"turns":3},{"damage":12,"enemies":"Slime Boss","floor":16,"turns":8},{"damage":1,"enemies":"Shell Parasite","floor":18,"turns":5},{"damage":0,"enemies":"3 Byrds","floor":19,"turns":3},{"damage":0,"enemies":"Shelled Parasite and Fungi","floor":22,"turns":4},{"damage":9,"enemies":"Gremlin Leader","floor":23,"turns":6},{"damage":15,"enemies":"Centurion and Healer","floor":24,"turns":5},{"damage":17,"enemies":"Slavers","floor":25,"turns":4},{"damage":5,"enemies":"Book of Stabbing","floor":28,"turns":3},{"damage":0,"enemies":"Snake Plant","floor":31,"turns":3},{"damage":26,"enemies":"Collector","floor":33,"turns":7},{"damage":0,"enemies":"3 Darklings","floor":35,"turns":3},{"damage":6,"enemies":"Orb Walker","floor":37,"turns":3},{"damage":48,"enemies":"Reptomancer","floor":42,"turns":4},{"damage":0,"enemies":"Giant Head","floor":46,"turns":5},{"damage":8,"enemies":"3 Darklings","floor":47,"turns":4},{"damage":0,"enemies":"Transient","floor":48,"turns":5},{"damage":29,"enemies":"Time Eater","floor":50,"turns":13}],"seed_played":"-3920901908840102802","potions_obtained":[{"floor":1,"key":"Explosive Potion"},{"floor":4,"key":"Regen Potion"},{"floor":11,"key":"Energy Potion"},{"floor":19,"key":"Fire Potion"},{"floor":23,"key":"Dexterity Potion"},{"floor":28,"key":"LiquidBronze"},{"floor":33,"key":"PowerPotion"},{"floor":42,"key":"Weak Potion"},{"floor":47,"key":"Strength Potion"},{"floor":48,"key":"Swift Potion"}],"is_trial":false,"path_per_floor":["M","?","$","M","M","E","$","?","T","R","E","M","R","$","R","B",null,"M","M","?","T","M","E","M","E","T","$","E","?","R","M","R","B",null,"M","$","M","?","?","R","$","E","T","?","R","E","M","M","R","B",null],"character_chosen":"THE_SILENT","items_purchased":["TwistedFunnel","Deadly Poison","Noxious Fumes","Bane","Snake Skull","Energy Potion","Footwork+1","Art of War"],"campfire_rested":4,"item_purchase_floors":[3,7,14,14,27,27,36,36],"current_hp_per_floor":[65,65,65,65,65,60,60,60,60,60,54,54,54,54,54,42,70,69,69,69,69,69,60,45,28,28,28,23,23,44,44,65,39,70,70,70,64,64,64,64,64,16,16,16,37,37,29,29,50,21],"gold":178,"neow_bonus":"TRANSFORM_TWO_CARDS","is_prod":false,"is_daily":false,"chose_seed":false,"campfire_upgraded":4,"win_rate":0,"timestamp":1563696596,"path_taken":["M","?","$","M","M","E","?","?","T","R","E","M","R","$","R","BOSS","M","M","?","?","M","E","M","E","T","$","E","?","R","M","R","BOSS","M","$","M","?","?","R","$","E","T","?","R","E","M","M","R","BOSS"],"build_version":"2019-07-18","purchased_purges":1,"victory":true,"max_hp_per_floor":[70,70,70,70,70,70,70,70,70,70,70,70,70,70,70,70,70,70,70,70,70,70,70,70,70,70,70,70,70,70,70,70,70,70,70,70,70,70,70,70,70,70,70,70,70,70,70,70,70,70],"card_choices":[{"not_picked":["Backflip","Bane"],"picked":"Dash","floor":1},{"not_picked":["Reflex","Leg Sweep"],"picked":"Deadly Poison","floor":4},{"not_picked":["Prepared","Tactician"],"picked":"PiercingWail","floor":5},{"not_picked":["Sucker Punch","Bullet Time"],"picked":"Backstab","floor":6},{"not_picked":["Underhanded Strike","Concentrate","Quick Slash"],"picked":"SKIP","floor":11},{"not_picked":["Acrobatics","Sucker Punch","PiercingWail"],"picked":"SKIP","floor":12},{"not_picked":["Glass Knife","Burst"],"picked":"Adrenaline","floor":16},{"not_picked":["Predator","Backflip"],"picked":"Infinite Blades","floor":18},{"not_picked":["Bane","Heel Hook+1","Dagger Spray"],"picked":"SKIP","floor":19},{"not_picked":["Tactician","Heel Hook+1","Infinite Blades"],"picked":"SKIP","floor":22},{"not_picked":["Flying Knee","Bane+1"],"picked":"Well Laid Plans","floor":23},{"not_picked":["Flying Knee","Prepared","Deflect"],"picked":"SKIP","floor":24},{"not_picked":["Flying Knee","Dodge and Roll","Well Laid Plans+1"],"picked":"SKIP","floor":25},{"not_picked":["Flechettes+1","Underhanded Strike"],"picked":"Cloak And Dagger+1","floor":28},{"not_picked":["Prepared","Deflect"],"picked":"Deadly Poison+1","floor":31},{"not_picked":["Phantasmal Killer","Venomology"],"picked":"Envenom+1","floor":33},{"not_picked":["Acrobatics+1","Dagger Spray","Caltrops+1"],"picked":"SKIP","floor":35},{"not_picked":["Acrobatics+1","Dagger Spray"],"picked":"Caltrops+1","floor":35},{"not_picked":["Acrobatics","Prepared"],"picked":"Poisoned Stab+1","floor":37},{"not_picked":["Calculated Gamble+1","Setup+1"],"picked":"Dash+1","floor":42},{"not_picked":["Escape Plan+1","Dagger Throw","Dodge and Roll+1"],"picked":"SKIP","floor":46},{"not_picked":["Flying Knee+1","Dagger Throw","Dodge and Roll+1"],"picked":"SKIP","floor":47},{"not_picked":["Slice","Blade Dance+1","Dagger Spray+1"],"picked":"SKIP","floor":48}],"player_experience":482658,"relics_obtained":[{"floor":6,"key":"War Paint"},{"floor":9,"key":"Whetstone"},{"floor":11,"key":"PreservedInsect"},{"floor":21,"key":"Sundial"},{"floor":23,"key":"Frozen Egg 2"},{"floor":25,"key":"Vajra"},{"floor":26,"key":"Shuriken"},{"floor":28,"key":"Juzu Bracelet"},{"floor":42,"key":"Dodecahedron"},{"floor":43,"key":"The Courier"},{"floor":46,"key":"Toxic Egg 2"}],"event_choices":[{"damage_healed":0,"gold_gain":275,"player_choice":"Desecrate","damage_taken":0,"max_hp_gain":0,"max_hp_loss":0,"event_name":"Golden Shrine","floor":2,"gold_loss":0,"cards_obtained":["Regret"]},{"damage_healed":0,"gold_gain":0,"player_choice":"Gave Potion","damage_taken":0,"relics_obtained":["Bag of Marbles"],"max_hp_gain":0,"max_hp_loss":0,"event_name":"WeMeetAgain","floor":8,"gold_loss":0},{"damage_healed":0,"gold_gain":0,"cards_transformed":["Strike_G","Strike_G"],"player_choice":"Became Test Subject","damage_taken":0,"max_hp_gain":0,"max_hp_loss":0,"event_name":"Drug Dealer","floor":20,"gold_loss":0,"cards_obtained":["Bouncing Flask","Tools of the Trade"]},{"damage_healed":0,"gold_gain":0,"player_choice":"Ignored","damage_taken":0,"max_hp_gain":0,"max_hp_loss":0,"event_name":"Ghosts","floor":29,"gold_loss":0},{"damage_healed":0,"gold_gain":0,"player_choice":"Trade","damage_taken":0,"relics_obtained":["CultistMask"],"max_hp_gain":0,"max_hp_loss":0,"event_name":"FaceTrader","floor":38,"gold_loss":0},{"cards_removed":["Defend_G"],"damage_healed":0,"gold_gain":0,"player_choice":"Removed Skill","damage_taken":0,"max_hp_gain":0,"max_hp_loss":0,"event_name":"Falling","floor":39,"gold_loss":0},{"damage_healed":0,"gold_gain":0,"player_choice":"Copied","damage_taken":0,"max_hp_gain":0,"max_hp_loss":0,"event_name":"Duplicator","floor":44,"gold_loss":0,"cards_obtained":["Night Terror"]}],"is_beta":true,"boss_relics":[{"not_picked":["Runic Dome","White Beast Statue"],"picked":"WristBlade"},{"not_picked":["HoveringKite","Pandora\u0027s Box"],"picked":"Snecko Eye"}],"items_purged_floors":[3],"is_endless":false,"potions_floor_spawned":[1,4,11,19,23,28,33,42,47,48],"ascension_level":0}