{"gold_per_floor":[210,40,40,40,56,87,87,87,87,98,98,118,118,146,146,245,245,256,256,274,285,301,327,252,252,252,252,287,305,305,320,320,419,419,437,453,469,482,482,482],"floor_reached":40,"playtime":2308,"items_purged":[],"score":438,"play_id":"7b526c82-7502-4d8c-9f60-2f282a73c3ed","local_time":"20190204020736","is_ascension_mode":false,"campfire_choices":[{"data":"Whirlwind","floor":8,"key":"SMITH"},{"floor":11,"key":"REST"},{"data":"Rage","floor":13,"key":"SMITH"},{"data":"Entrench","floor":15,"key":"SMITH"},{"data":"Twin Strike","floor":25,"key":"SMITH"},{"floor":27,"key":"REST"},{"data":"Barricade","floor":32,"key":"SMITH"}],"neow_cost":"NONE","seed_source_timestamp":576112708766297,"circlet_count":0,"master_deck":["Strike_R","Strike_R","Strike_R","Defend_R","Defend_R+1","Defend_R+1","Defend_R","Bash","Whirlwind+1","Flex","Twin Strike+1","Rage+1","True Grit","Entrench+1","Offering","Battle Trance","Offering","Sword Boomerang+1","Injury","Barricade+1","Immolate","Clash+1","Body Slam"],"relics":["Burning Blood","Bronze Scales","Kunai","Ancient Tea Set","War Paint","Shuriken","Cursed Key","Vajra","Omamori","Singing Bowl","Busted Crown"],"potions_floor_usage":[14,21,28,33],"damage_taken":[{"damage":12,"enemies":"2 Louse","floor":1,"turns":3},{"damage":6,"enemies":"Jaw Worm","floor":5,"turns":4},{"damage":40,"enemies":"Lagavulin","floor":6,"turns":9},{"damage":0,"enemies":"Small Slimes","floor":10,"turns":1},{"damage":0,"enemies":"Exordium Wildlife","floor":12,"turns":1},{"damage":36,"enemies":"Gremlin Nob","floor":14,"turns":5},{"damage":33,"enemies":"The Guardian","floor":16,"turns":12},{"damage":6,"enemies":"Shell Parasite","floor":18,"turns":8},{"damage":0,"enemies":"Spheric Guardian","floor":20,"turns":4},{"damage":24,"enemies":"Snake Plant","floor":21,"turns":4},{"damage":17,"enemies":"Cultist and Chosen","floor":22,"turns":9},{"damage":9,"enemies":"Gremlin Leader","floor":23,"turns":4},{"damage":20,"enemies":"Slavers","floor":28,"turns":3},{"damage":0,"enemies":"Chosen and Byrds","floor":29,"turns":6},{"damage":15,"enemies":"Snake Plant","floor":31,"turns":3},{"damage":43,"enemies":"Collector","floor":33,"turns":15},{"damage":0,"enemies":"Orb Walker","floor":35,"turns":2},{"damage":14,"enemies":"3 Darklings","floor":36,"turns":2},{"damage":11,"enemies":"4 Shapes","floor":37,"turns":6},{"damage":39,"enemies":"Writhing Mass","floor":38,"turns":5},{"damage":99,"enemies":"Giant Head","floor":40,"turns":9}],"seed_played":"4048235559918080306","potions_obtained":[{"floor":5,"key":"GamblersBrew"},{"floor":6,"key":"FairyPotion"},{"floor":12,"key":"LiquidBronze"},{"floor":16,"key":"Strength Potion"},{"floor":21,"key":"Dexterity Potion"},{"floor":22,"key":"AttackPotion"},{"floor":28,"key":"Energy Potion"},{"floor":29,"key":"AttackPotion"},{"floor":31,"key":"BloodPotion"},{"floor":36,"key":"AttackPotion"}],"is_trial":false,"path_per_floor":["M","$","?","T","M","E","?","R","T","M","R","M","R","E","R","B",null,"M","?","M","M","M","E","?","R","T","R","E","M","T","M","R","B",null,"M","M","M","M","?","E"],"character_chosen":"IRONCLAD","items_purchased":["Bronze Scales","Flex"],"campfire_rested":2,"item_purchase_floors":[2,2],"current_hp_per_floor":[74,74,74,74,74,40,33,33,33,39,63,69,69,39,39,12,80,80,65,71,53,42,39,39,39,39,64,50,56,56,49,49,12,87,87,79,76,45,45,0],"gold":482,"neow_bonus":"HUNDRED_GOLD","is_prod":false,"is_daily":false,"chose_seed":false,"campfire_upgraded":5,"win_rate":0,"timestamp":1549213656,"path_taken":["M","$","?","?","M","E","?","R","T","M","R","M","R","E","R","BOSS","M","?","M","M","M","E","?","R","T","R","E","M","?","M","R","BOSS","M","M","M","M","?","E"],"build_version":"2019-01-23","purchased_purges":0,"victory":false,"max_hp_per_floor":[80,80,80,80,80,80,80,80,80,80,80,80,80,80,80,80,80,80,85,85,85,85,85,85,85,85,85,85,85,85,87,87,87,87,87,87,89,91,91,91],"card_choices":[{"not_picked":["Havoc","Sword Boomerang"],"picked":"Whirlwind","floor":1},{"not_picked":["Anger","Headbutt"],"picked":"Twin Strike","floor":5},{"not_picked":["Power Through","Burning Pact"],"picked":"Rage","floor":6},{"not_picked":["Havoc","Sword Boomerang","Thunderclap"],"picked":"SKIP","floor":10},{"not_picked":["Rupture","Heavy Blade"],"picked":"True Grit","floor":12},{"not_picked":["Dropkick","Brutality"],"picked":"Entrench","floor":14},{"not_picked":["Bludgeon","Limit Break"],"picked":"Offering","floor":16},{"not_picked":["Perfected Strike","Body Slam"],"picked":"Battle Trance","floor":18},{"not_picked":["Heavy Blade","Thunderclap+1","True Grit"],"picked":"SKIP","floor":20},{"not_picked":["Corruption","Burning Pact","Seeing Red"],"picked":"SKIP","floor":21},{"not_picked":["Corruption+1","Perfected Strike"],"picked":"Offering","floor":22},{"not_picked":["Pummel","Bloodletting"],"picked":"Sword Boomerang+1","floor":23},{"not_picked":["Shockwave+1","Berserk"],"picked":"Barricade","floor":28},{"not_picked":["Warcry","Sword Boomerang+1","Armaments"],"picked":"SKIP","floor":29},{"not_picked":["Feel No Pain+1","Heavy Blade","Clash"],"picked":"Singing Bowl","floor":31},{"not_picked":["Barricade","Fiend Fire"],"picked":"Immolate","floor":33},{"not_picked":[],"picked":"Clash+1","floor":35},{"not_picked":[],"picked":"Body Slam","floor":36},{"not_picked":["Blood for Blood"],"picked":"Singing Bowl","floor":37},{"not_picked":["Infernal Blade"],"picked":"Singing Bowl","floor":38}],"player_experience":124732,"relics_obtained":[{"floor":4,"key":"Kunai"},{"floor":6,"key":"Ancient Tea Set"},{"floor":9,"key":"War Paint"},{"floor":14,"key":"Shuriken"},{"floor":23,"key":"Vajra"},{"floor":28,"key":"Omamori"},{"floor":30,"key":"Singing Bowl"}],"event_choices":[{"damage_healed":0,"gold_gain":0,"player_choice":"Leave","damage_taken":0,"max_hp_gain":0,"max_hp_loss":0,"event_name":"The Cleric","floor":3,"gold_loss":0},{"cards_removed":["Strike_R"],"damage_healed":0,"gold_gain":0,"player_choice":"Card Removal","damage_taken":7,"max_hp_gain":0,"max_hp_loss":0,"event_name":"Golden Wing","floor":7,"gold_loss":0},{"damage_healed":0,"gold_gain":0,"player_choice":"Shed Blood","damage_taken":20,"max_hp_gain":5,"max_hp_loss":0,"event_name":"Forgotten Altar","floor":19,"gold_loss":0},{"cards_removed":["Strike_R"],"damage_healed":0,"gold_gain":0,"player_choice":"Gave Gold","damage_taken":0,"max_hp_gain":0,"max_hp_loss":0,"event_name":"Beggar","floor":24,"gold_loss":75},{"damage_healed":0,"gold_gain":0,"player_choice":"Ignored","damage_taken":0,"max_hp_gain":0,"max_hp_loss":0,"event_name":"Mysterious Sphere","floor":39,"gold_loss":0}],"is_beta":false,"boss_relics":[{"not_picked":["Mark of Pain","Runic Pyramid"],"picked":"Cursed Key"},{"not_picked":["Coffee Dripper","Runic Dome"],"picked":"Busted Crown"}],"items_purged_floors":[],"is_endless":false,"potions_floor_spawned":[5,6,12,16,21,22,28,29,31,36],"killed_by":"Giant Head","ascension_level":0}