{"gold_per_floor":[118,128,140,69,244,244,255,255,255,272,272,286,286,236,236,236],"floor_reached":16,"playtime":857,"items_purged":[],"score":110,"play_id":"e2691c07-3132-4285-a8f5-324bbbbf4013","local_time":"20190701031913","is_ascension_mode":true,"campfire_choices":[{"data":"animator:KrulTepes","floor":6,"key":"SMITH"},{"data":"animator:Scar","floor":8,"key":"SMITH"},{"data":"animator:Azekura","floor":13,"key":"SMITH"},{"data":"animator:Emonzaemon","floor":15,"key":"SMITH"}],"neow_cost":"NONE","seed_source_timestamp":1418535763753737,"circlet_count":0,"master_deck":["animator:Strike_Katanagatari","animator:Defend_Katanagatari","animator:Strike","animator:Strike+1","animator:Strike","animator:Defend","animator:Defend","animator:Defend","animator:Azekura+1","animator:Emonzaemon+1","animator:Mitsurugi","animator:PandorasActor","animator:Konayuki","animator:KrulTepes+1","animator:Scar+1","animator:Cocytus"],"relics":["animator:LivingPicture","animator:PurgingStone_Cards","animator:TheMissingPiece","Omamori","Centennial Puzzle"],"potions_floor_usage":[16,16],"damage_taken":[{"damage":0,"enemies":"Jaw Worm","floor":1,"turns":4},{"damage":3,"enemies":"2 Louse","floor":2,"turns":2},{"damage":9,"enemies":"Small Slimes","floor":3,"turns":3},{"damage":4,"enemies":"Blue Slaver","floor":7,"turns":4},{"damage":10,"enemies":"3 Louse","floor":10,"turns":2},{"damage":15,"enemies":"2 Fungi Beasts","floor":12,"turns":5},{"damage":33,"enemies":"The Guardian","floor":16,"turns":9}],"seed_played":"-6532851055247470705","potions_obtained":[{"floor":7,"key":"SpeedPotion"},{"floor":12,"key":"SneckoOil"}],"is_trial":false,"path_per_floor":["M","M","M","$","?","R","M","R","T","M","T","M","R","?","R","B"],"character_chosen":"THE_ANIMATOR","items_purchased":["animator:KrulTepes"],"campfire_rested":0,"item_purchase_floors":[4],"current_hp_per_floor":[78,75,66,66,66,66,62,62,62,52,52,37,37,37,37,4],"gold":236,"neow_bonus":"TEN_PERCENT_HP_BONUS","is_prod":false,"is_daily":false,"chose_seed":false,"campfire_upgraded":4,"win_rate":0,"timestamp":1561965553,"path_taken":["M","M","M","$","?","R","M","R","T","M","?","M","R","?","R","BOSS"],"build_version":"2019-01-23","purchased_purges":0,"victory":false,"max_hp_per_floor":[78,78,78,78,78,78,78,78,78,78,78,78,78,78,78,78],"card_choices":[{"not_picked":["animator:Viivi","animator:Tyuule"],"picked":"animator:Mitsurugi","floor":1},{"not_picked":["animator:DolaCouronne","animator:Viivi"],"picked":"animator:PandorasActor","floor":2},{"not_picked":["animator:Viivi","animator:Fredrika"],"picked":"animator:Konayuki","floor":3},{"not_picked":["animator:Greed","animator:MaesHughes"],"picked":"animator:Scar","floor":7},{"not_picked":["animator:Ara","animator:Gillette"],"picked":"animator:Cocytus","floor":10},{"not_picked":["animator:Melzalgald","animator:Elsword","animator:TukaLunaMarceau"],"picked":"SKIP","floor":12}],"player_experience":581355,"relics_obtained":[{"floor":9,"key":"Omamori"},{"floor":11,"key":"Centennial Puzzle"}],"event_choices":[{"damage_healed":0,"gold_gain":175,"player_choice":"AGREE","damage_taken":0,"max_hp_gain":0,"max_hp_loss":0,"event_name":"Liars Game","floor":5,"gold_loss":0,"cards_obtained":["Doubt"]},{"cards_removed":["Doubt"],"damage_healed":0,"gold_gain":0,"player_choice":"Card Removal","damage_taken":0,"max_hp_gain":0,"max_hp_loss":0,"event_name":"The Cleric","floor":14,"gold_loss":50}],"is_beta":false,"boss_relics":[],"items_purged_floors":[],"is_endless":false,"potions_floor_spawned":[7,12],"killed_by":"The Guardian","ascension_level":4}