{"gold_per_floor":[117,130,100,100,120,120,155,80,80,97,111,139,139,159,159,159],"floor_reached":16,"playtime":1030,"items_purged":["Strike_R"],"score":140,"play_id":"fa56b617-4430-4e59-a381-8206a0867e7b","local_time":"20180715202805","is_ascension_mode":true,"campfire_choices":[{"data":"Rampage","floor":6,"key":"SMITH"},{"data":"True Grit","floor":13,"key":"SMITH"},{"data":"Bash","floor":15,"key":"SMITH"}],"neow_cost":"","seed_source_timestamp":23036177980311,"circlet_count":0,"master_deck":["Strike_R","Strike_R","Strike_R","Strike_R","Defend_R+1","Defend_R+1","Defend_R+1","Defend_R+1","Bash+1","True Grit+1","Rampage+1","Wild Strike","Wild Strike","Power Through","Battle Trance"],"relics":["Burning Blood","Darkstone Periapt","Lantern","War Paint"],"potions_floor_usage":[5,7,11,14],"damage_taken":[{"damage":10,"enemies":"Small Slimes","floor":1,"turns":3},{"damage":0,"enemies":"Cultist","floor":2,"turns":4},{"damage":14,"enemies":"2 Louse","floor":5,"turns":4},{"damage":18,"enemies":"3 Sentries","floor":7,"turns":10},{"damage":3,"enemies":"Blue Slaver","floor":10,"turns":3},{"damage":6,"enemies":"Exordium Thugs","floor":11,"turns":4},{"damage":25,"enemies":"Lagavulin","floor":12,"turns":8},{"damage":3,"enemies":"Exordium Wildlife","floor":14,"turns":5},{"damage":48,"enemies":"Hexaghost","floor":16,"turns":9}],"seed_played":"7475240710324311816","potions_obtained":[{"floor":2,"key":"FearPotion"},{"floor":3,"key":"SpeedPotion"},{"floor":3,"key":"Regen Potion"},{"floor":7,"key":"SteroidPotion"},{"floor":11,"key":"Fire Potion"},{"floor":12,"key":"Poison Potion"}],"is_trial":false,"path_per_floor":["M","M","?","?","M","R","E","$","T","M","M","E","R","M","R"],"character_chosen":"IRONCLAD","items_purchased":[],"campfire_rested":0,"item_purchase_floors":[],"current_hp_per_floor":[76,80,80,64,68,68,56,56,56,59,59,40,40,43,43,0],"gold":159,"neow_bonus":"","is_prod":false,"is_daily":false,"chose_seed":false,"campfire_upgraded":3,"win_rate":0,"timestamp":1531679285,"path_taken":["M","M","?","?","M","R","E","$","T","M","M","E","R","M","R","BOSS"],"build_version":"2018-07-13","purchased_purges":1,"victory":false,"max_hp_per_floor":[80,80,80,80,80,80,80,80,80,80,80,80,80,80,80,80],"card_choices":[{"not_picked":["Perfected Strike","Blood for Blood"],"picked":"True Grit","floor":1},{"not_picked":["Power Through","Sword Boomerang"],"picked":"Rampage","floor":2},{"not_picked":["Clothesline","Clash"],"picked":"Wild Strike","floor":5},{"not_picked":["Demon Form","Dual Wield"],"picked":"Wild Strike","floor":7},{"not_picked":["Combust","Headbutt","Shrug It Off"],"picked":"SKIP","floor":10},{"not_picked":["Iron Wave","Flame Barrier"],"picked":"Power Through","floor":11},{"not_picked":["Twin Strike","Perfected Strike","Feed"],"picked":"SKIP","floor":12},{"not_picked":["Thunderclap","Carnage"],"picked":"Battle Trance","floor":14}],"player_experience":259150,"relics_obtained":[{"floor":7,"key":"Darkstone Periapt"},{"floor":9,"key":"Lantern"},{"floor":12,"key":"War Paint"}],"event_choices":[{"event_name":"The Woman in Blue","player_choice":"Bought 2 Potions","floor":3,"damage_taken":0},{"event_name":"Shining Light","player_choice":"Entered Light","floor":4,"damage_taken":0}],"boss_relics":[],"items_purged_floors":[8],"is_endless":false,"potions_floor_spawned":[2,7,11,12],"killed_by":"Hexaghost","ascension_level":5}