{"gold_per_floor":[118,118,136,136,136,136,136,154,154,154,232,251,251,284,284,407,407],"floor_reached":17,"playtime":448,"items_purged":[],"score":178,"play_id":"4ad5ac4e-1da0-444e-bb4f-65a4f8681798","local_time":"20190909212842","daily_mods":["Draft","Vintage","Heirloom"],"is_ascension_mode":false,"campfire_choices":[{"data":"Streamline","floor":6,"key":"SMITH"},{"floor":15,"key":"DIG"}],"neow_cost":"","seed_source_timestamp":208576255808500,"circlet_count":0,"master_deck":["Cold Snap","BootSequence","Leap","Compile Driver","Conserve Battery","Beam Cell","Cold Snap","Auto Shields+1","Cold Snap","Streamline+1","Self Repair+1","Ball Lightning+1","Skim+1","Steam","Gash","Electrodynamics"],"relics":["Cracked Core","Torii","Shovel","Juzu Bracelet","War Paint","Golden Idol","PreservedInsect","Singing Bowl","GremlinMask","Mummified Hand","Question Card","The Courier","Pocketwatch","Nuclear Battery"],"potions_floor_usage":[],"damage_taken":[{"damage":1,"enemies":"Jaw Worm","floor":1,"turns":2},{"damage":0,"enemies":"Cultist","floor":3,"turns":2},{"damage":0,"enemies":"2 Louse","floor":8,"turns":2},{"damage":1,"enemies":"Gremlin Nob","floor":11,"turns":3},{"damage":0,"enemies":"Exordium Wildlife","floor":12,"turns":3},{"damage":0,"enemies":"Gremlin Nob","floor":14,"turns":3},{"damage":1,"enemies":"The Guardian","floor":16,"turns":8}],"seed_played":"-3548012666157108092","potions_obtained":[{"floor":1,"key":"FocusPotion"},{"floor":8,"key":"Block Potion"},{"floor":11,"key":"SkillPotion"},{"floor":12,"key":"FearPotion"}],"is_trial":true,"path_per_floor":["M","?","M","$","?","R","?","M","T","?","?","M","?","E","R","B",null],"character_chosen":"DEFECT","items_purchased":[],"campfire_rested":0,"item_purchase_floors":[],"current_hp_per_floor":[75,75,75,75,57,57,42,52,52,52,53,63,68,70,70,79,84],"gold":407,"neow_bonus":"","is_prod":false,"is_daily":false,"chose_seed":false,"campfire_upgraded":1,"win_rate":0,"timestamp":1568032122,"path_taken":["M","?","M","?","?","R","?","M","T","?","?","M","?","E","R","BOSS"],"build_version":"2019-07-17","purchased_purges":0,"victory":false,"max_hp_per_floor":[75,75,75,75,75,75,75,75,75,75,77,77,82,84,84,84,84],"card_choices":[{"not_picked":["Reinforced Body","Steam"],"picked":"Cold Snap","floor":0},{"not_picked":["Stack","Streamline"],"picked":"BootSequence","floor":0},{"not_picked":["Redo","Coolheaded"],"picked":"Leap","floor":0},{"not_picked":["Barrage","Rebound"],"picked":"Compile Driver","floor":0},{"not_picked":["Compile Driver","Go for the Eyes"],"picked":"Conserve Battery","floor":0},{"not_picked":["Steam","Scrape"],"picked":"Beam Cell","floor":0},{"not_picked":["Steam Power","Static Discharge"],"picked":"Cold Snap","floor":0},{"not_picked":["Streamline","Beam Cell"],"picked":"Auto Shields","floor":0},{"not_picked":["Steam","Force Field"],"picked":"Cold Snap","floor":0},{"not_picked":["Storm","Darkness"],"picked":"Streamline","floor":0},{"not_picked":["Hologram","Stack"],"picked":"Self Repair","floor":0},{"not_picked":["Reprogram","Consume"],"picked":"Ball Lightning","floor":0},{"not_picked":["Barrage","Cold Snap"],"picked":"Skim","floor":0},{"not_picked":["Beam Cell","Turbo"],"picked":"Steam","floor":0},{"not_picked":["Rip and Tear","Redo"],"picked":"Gash","floor":0},{"not_picked":["Hologram","Reprogram","Steam"],"picked":"Singing Bowl","floor":11},{"not_picked":["Sweeping Beam","Doom and Gloom","Beam Cell","Cold Snap"],"picked":"Singing Bowl","floor":14},{"not_picked":["Biased Cognition","Fission","Thunder Strike"],"picked":"Electrodynamics","floor":16}],"player_experience":397580,"relics_obtained":[{"floor":1,"key":"Shovel"},{"floor":3,"key":"War Paint"},{"floor":8,"key":"PreservedInsect"},{"floor":9,"key":"Singing Bowl"},{"floor":11,"key":"Mummified Hand"},{"floor":12,"key":"Question Card"},{"floor":14,"key":"The Courier"},{"floor":15,"key":"Pocketwatch"}],"event_choices":[{"damage_healed":0,"gold_gain":0,"player_choice":"Gave Potion","damage_taken":0,"relics_obtained":["Juzu Bracelet"],"max_hp_gain":0,"max_hp_loss":0,"event_name":"WeMeetAgain","floor":2,"gold_loss":0},{"damage_healed":0,"gold_gain":0,"player_choice":"Take Damage","damage_taken":18,"relics_obtained":["Golden Idol"],"max_hp_gain":0,"max_hp_loss":0,"event_name":"Golden Idol","floor":5,"gold_loss":0},{"damage_healed":0,"gold_gain":0,"player_choice":"Entered Light","damage_taken":15,"max_hp_gain":0,"max_hp_loss":0,"event_name":"Shining Light","floor":7,"gold_loss":0,"cards_upgraded":["Self Repair","Ball Lightning"]},{"damage_healed":0,"gold_gain":0,"player_choice":"Trade","damage_taken":0,"relics_obtained":["GremlinMask"],"max_hp_gain":0,"max_hp_loss":0,"event_name":"FaceTrader","floor":10,"gold_loss":0},{"damage_healed":0,"gold_gain":0,"player_choice":"Searched \u00271\u0027 times","damage_taken":0,"max_hp_gain":0,"max_hp_loss":0,"event_name":"Dead Adventurer","floor":11,"gold_loss":0},{"damage_healed":0,"gold_gain":0,"player_choice":"Donut","damage_taken":0,"max_hp_gain":5,"max_hp_loss":0,"event_name":"Big Fish","floor":13,"gold_loss":0}],"is_beta":false,"boss_relics":[{"not_picked":["Coffee Dripper","Snecko Eye"],"picked":"Nuclear Battery"}],"items_purged_floors":[],"is_endless":false,"potions_floor_spawned":[1,8,11,12,14],"ascension_level":0}