{"path_per_floor":["M","?","?","?","M","R","$","E","T","?","M","M","M","M","R"],"character_chosen":"DEFECT","items_purchased":["Streamline","FearPotion"],"gold_per_floor":[213,163,163,163,173,173,24,53,77,77,94,107,121,134,134,134],"floor_reached":16,"campfire_rested":1,"playtime":522,"current_hp_per_floor":[69,69,66,66,57,57,57,43,43,28,28,28,28,28,50,0],"items_purged":["Defend_B"],"gold":134,"score":152,"play_id":"1ae060ec-ff6c-404f-867c-a6c866fc2365","local_time":"20180510095420","is_prod":false,"is_daily":false,"chose_seed":false,"is_ascension_mode":false,"campfire_upgraded":1,"timestamp":1525964060,"path_taken":["M","?","?","?","M","R","$","E","T","?","M","?","M","M","R","BOSS"],"build_version":"2018-05-08","seed_source_timestamp":135468399601457,"purchased_purges":1,"victory":false,"master_deck":["Strike_B","Strike_B","Defend_B+1","Defend_B","Defend_B","Zap+1","Dualcast+1","Turbo+1","Coolheaded","Streamline+1","Steam","BootSequence","Sunder","Conserve Battery"],"max_hp_per_floor":[75,75,75,75,75,75,75,75,75,75,75,75,75,75,75,75],"relics":["Cracked Core","Calipers","War Paint","Oddly Smooth Stone"],"card_choices":[{"not_picked":["Recycle","Chaos"],"picked":"Turbo","floor":1},{"not_picked":["Recycle","Doom and Gloom"],"picked":"Coolheaded","floor":5},{"not_picked":["Undo","Double Energy"],"picked":"Steam","floor":8},{"not_picked":["Stack","Loop"],"picked":"BootSequence","floor":11},{"not_picked":["Nova","Barrage"],"picked":"Sunder","floor":12},{"not_picked":["Steam","Impulse"],"picked":"Conserve Battery","floor":14}],"player_experience":138606,"potions_floor_usage":[8,8,12,16,16],"damage_taken":[{"damage":6,"enemies":"Jaw Worm","floor":1,"turns":4},{"damage":9,"enemies":"2 Louse","floor":5,"turns":2},{"damage":14,"enemies":"Gremlin Nob","floor":8,"turns":3},{"damage":0,"enemies":"Cultist","floor":11,"turns":2},{"damage":0,"enemies":"Large Slime","floor":12,"turns":4},{"damage":0,"enemies":"Red Slaver","floor":13,"turns":3},{"damage":0,"enemies":"Lots of Slimes","floor":14,"turns":3}],"event_choices":[{"event_name":"The Cleric","player_choice":"Card Removal","floor":2,"damage_taken":0},{"event_name":"Scrap Ooze","player_choice":"success","floor":3,"damage_taken":3},{"event_name":"Purifier","player_choice":"One Purge","floor":4,"damage_taken":0},{"event_name":"Shining Light","player_choice":"Entered Light","floor":10,"damage_taken":0}],"boss_relics":[],"potions_floor_spawned":[5,8,11,14],"seed_played":"-5807199803877609132","killed_by":"Hexaghost","ascension_level":0,"is_trial":false}