{"gold_per_floor":[114,64,77,77,90,103,103,103,103,122,153,153,172,185,185,309,309,329,183,183,203,103,103,103,103,128,128,163,38,38,56,56,56],"floor_reached":33,"playtime":989,"items_purged":["Sunder","Strike_B","Defend_B"],"score":290,"play_id":"d13e39e5-be50-47b3-9718-3ca52bfef7c0","local_time":"20190909005229","is_ascension_mode":false,"campfire_choices":[{"data":"Dualcast","floor":8,"key":"SMITH"},{"data":"Defragment","floor":12,"key":"SMITH"},{"data":"Loop","floor":15,"key":"SMITH"},{"data":"Loop","floor":23,"key":"SMITH"},{"data":"Reboot","floor":27,"key":"SMITH"},{"floor":32,"key":"REST"}],"neow_cost":"NONE","seed_source_timestamp":135596051112599,"circlet_count":0,"master_deck":["Strike_B","Defend_B","Defend_B","Zap+1","Dualcast+1","Defragment+1","Leap","Ball Lightning","Self Repair","FTL+1","Go for the Eyes+1","Loop+1","Reboot+1","Sunder+1","Loop+1","Steam+1","Writhe","Reboot"],"relics":["Cracked Core","Golden Idol","Mummified Hand","Molten Egg 2","Empty Cage","FaceOfCleric","Strawberry","Ancient Tea Set","Anchor"],"potions_floor_usage":[],"damage_taken":[{"damage":0,"enemies":"Small Slimes","floor":1,"turns":2},{"damage":1,"enemies":"Jaw Worm","floor":3,"turns":3},{"damage":0,"enemies":"2 Louse","floor":5,"turns":2},{"damage":0,"enemies":"Exordium Thugs","floor":6,"turns":5},{"damage":0,"enemies":"Looter","floor":10,"turns":2},{"damage":13,"enemies":"3 Sentries","floor":11,"turns":5},{"damage":0,"enemies":"3 Louse","floor":13,"turns":2},{"damage":2,"enemies":"Large Slime","floor":14,"turns":3},{"damage":14,"enemies":"Hexaghost","floor":16,"turns":7},{"damage":0,"enemies":"Spheric Guardian","floor":18,"turns":3},{"damage":8,"enemies":"2 Thieves","floor":21,"turns":4},{"damage":34,"enemies":"Slavers","floor":28,"turns":6},{"damage":14,"enemies":"Centurion and Healer","floor":31,"turns":4},{"damage":53,"enemies":"Collector","floor":33,"turns":7}],"seed_played":"-3930859320957590256","potions_obtained":[{"floor":0,"key":"Explosive Potion"},{"floor":0,"key":"LiquidBronze"},{"floor":0,"key":"Ancient Potion"}],"is_trial":false,"path_per_floor":["M","?","M","?","M","M","?","R","T","M","E","R","M","M","R","B",null,"M","$","?","M","$","R","?","?","T","R","E","$","?","M","R","B"],"character_chosen":"DEFECT","items_purchased":["Loop"],"campfire_rested":1,"item_purchase_floors":[19],"current_hp_per_floor":[75,75,74,74,74,74,56,56,56,56,50,50,50,55,55,48,75,75,75,75,75,75,75,82,66,66,66,40,40,32,26,53,0],"gold":56,"neow_bonus":"THREE_SMALL_POTIONS","is_prod":false,"is_daily":false,"chose_seed":false,"campfire_upgraded":5,"win_rate":0,"timestamp":1567957949,"path_taken":["M","?","M","?","M","M","?","R","T","M","E","R","M","M","R","BOSS","M","$","?","M","?","R","?","?","T","R","E","$","?","?","R","BOSS"],"build_version":"2019-07-17","purchased_purges":3,"victory":false,"max_hp_per_floor":[75,75,75,75,75,75,75,75,75,75,75,75,75,75,75,75,75,75,75,75,76,76,76,83,88,88,88,89,89,89,90,90,90],"card_choices":[{"not_picked":["Stack","Sweeping Beam"],"picked":"Defragment","floor":1},{"not_picked":["Coolheaded","Blizzard"],"picked":"Leap","floor":3},{"not_picked":["Fusion","Gash"],"picked":"Sunder","floor":5},{"not_picked":["Stack","Heatsinks"],"picked":"Ball Lightning","floor":6},{"not_picked":["Steam Power","Loop"],"picked":"Self Repair","floor":10},{"not_picked":["Thunder Strike","Barrage"],"picked":"FTL","floor":11},{"not_picked":["Redo","Amplify"],"picked":"Go for the Eyes+1","floor":13},{"not_picked":["Hologram","Chill"],"picked":"Loop","floor":14},{"not_picked":["Rainbow","Seek"],"picked":"Reboot","floor":16},{"not_picked":["Streamline+1","Sunder+1","Stack"],"picked":"SKIP","floor":18},{"not_picked":["Streamline+1","Stack"],"picked":"Sunder+1","floor":18},{"not_picked":["Gash+1","Darkness"],"picked":"Steam+1","floor":21},{"not_picked":["Coolheaded","Steam"],"picked":"Reboot","floor":28},{"not_picked":["Turbo","Steam","Sweeping Beam+1"],"picked":"SKIP","floor":31}],"player_experience":381143,"relics_obtained":[{"floor":9,"key":"Mummified Hand"},{"floor":11,"key":"Molten Egg 2"},{"floor":26,"key":"Ancient Tea Set"},{"floor":28,"key":"Anchor"}],"event_choices":[{"cards_removed":["Strike_B"],"damage_healed":0,"gold_gain":0,"player_choice":"Card Removal","damage_taken":0,"max_hp_gain":0,"max_hp_loss":0,"event_name":"The Cleric","floor":2,"gold_loss":50},{"damage_healed":0,"gold_gain":0,"player_choice":"Grow","damage_taken":0,"max_hp_gain":0,"max_hp_loss":0,"event_name":"Living Wall","floor":4,"gold_loss":0,"cards_upgraded":["Zap"]},{"damage_healed":0,"gold_gain":0,"player_choice":"Take Damage","damage_taken":18,"relics_obtained":["Golden Idol"],"max_hp_gain":0,"max_hp_loss":0,"event_name":"Golden Idol","floor":7,"gold_loss":0},{"damage_healed":0,"gold_gain":0,"player_choice":"Trade","damage_taken":0,"relics_obtained":["FaceOfCleric"],"max_hp_gain":0,"max_hp_loss":0,"event_name":"FaceTrader","floor":20,"gold_loss":0},{"damage_healed":0,"gold_gain":0,"player_choice":"Opened","damage_taken":0,"relics_obtained":["Strawberry"],"max_hp_gain":0,"max_hp_loss":0,"event_name":"The Mausoleum","floor":24,"gold_loss":0,"cards_obtained":["Writhe"]},{"damage_healed":0,"gold_gain":0,"player_choice":"Shed Blood","damage_taken":21,"max_hp_gain":5,"max_hp_loss":0,"event_name":"Forgotten Altar","floor":25,"gold_loss":0},{"damage_healed":0,"gold_gain":0,"player_choice":"Damaged","damage_taken":8,"max_hp_gain":0,"max_hp_loss":0,"event_name":"Wheel of Change","floor":30,"gold_loss":0}],"is_beta":false,"boss_relics":[{"not_picked":["Nuclear Battery","Tiny House"],"picked":"Empty Cage"}],"items_purged_floors":[19,22,29],"is_endless":false,"potions_floor_spawned":[1,10,11,13,14,18,28,31],"killed_by":"Collector","ascension_level":0}