{"gold_per_floor":[111,126,144,219,219,219,219,234,283,283,298,312,29,60,60,155,155,167,185,205,219,219,219,231,231,287,287,24,24,43,63,63,162,162,174,185,185,53,69,99,99,99,99,99],"floor_reached":44,"playtime":1815,"items_purged":["Defend_B","Bite","Creative AI"],"score":542,"play_id":"c0ddbdf3-b884-4b13-abd6-f1e5f5258046","local_time":"20190906192517","is_ascension_mode":false,"campfire_choices":[{"data":"Zap","floor":6,"key":"SMITH"},{"data":"Dualcast","floor":10,"key":"SMITH"},{"data":"Defragment","floor":15,"key":"SMITH"},{"data":"Rainbow","floor":23,"key":"SMITH"},{"data":"Defragment","floor":25,"key":"SMITH"},{"data":"Machine Learning","floor":29,"key":"SMITH"},{"data":"Loop","floor":32,"key":"SMITH"},{"floor":41,"key":"REST"}],"neow_cost":"NONE","seed_source_timestamp":1849004085341200,"circlet_count":0,"master_deck":["Defend_B+1","Defend_B+1","Zap+1","Dualcast+1","Defragment+1","Ball Lightning","Leap","Coolheaded","Defragment+1","Conserve Battery","Rainbow+1","Streamline","Loop+1","Conserve Battery+1","Bite","Bite","Bite","Machine Learning+1","Electrodynamics","Storm+1","Madness","Madness"],"relics":["FrozenCore","Membership Card","Regal Pillow","Tiny Chest","ClockworkSouvenir","Bronze Scales","Empty Cage","DataDisk","StoneCalendar"],"potions_floor_usage":[14,14,18,20,40],"damage_taken":[{"damage":0,"enemies":"Small Slimes","floor":1,"turns":3},{"damage":2,"enemies":"2 Louse","floor":2,"turns":2},{"damage":1,"enemies":"Cultist","floor":3,"turns":3},{"damage":0,"enemies":"Looter","floor":8,"turns":3},{"damage":0,"enemies":"Exordium Wildlife","floor":11,"turns":3},{"damage":2,"enemies":"Blue Slaver","floor":12,"turns":3},{"damage":0,"enemies":"Lagavulin","floor":14,"turns":4},{"damage":0,"enemies":"The Guardian","floor":16,"turns":10},{"damage":0,"enemies":"Chosen","floor":18,"turns":4},{"damage":2,"enemies":"Spheric Guardian","floor":19,"turns":6},{"damage":10,"enemies":"Centurion and Healer","floor":20,"turns":8},{"damage":7,"enemies":"Chosen and Byrds","floor":21,"turns":7},{"damage":6,"enemies":"Shelled Parasite and Fungi","floor":24,"turns":5},{"damage":2,"enemies":"3 Cultists","floor":30,"turns":6},{"damage":4,"enemies":"Sentry and Sphere","floor":31,"turns":5},{"damage":10,"enemies":"Champ","floor":33,"turns":10},{"damage":12,"enemies":"3 Shapes","floor":35,"turns":5},{"damage":13,"enemies":"3 Darklings","floor":36,"turns":6},{"damage":0,"enemies":"Sphere and 2 Shapes","floor":39,"turns":5},{"damage":67,"enemies":"Giant Head","floor":40,"turns":12},{"damage":64,"enemies":"Nemesis","floor":44,"turns":6}],"seed_played":"-8227315934900713090","potions_obtained":[{"floor":2,"key":"Swift Potion"},{"floor":3,"key":"Fire Potion"},{"floor":11,"key":"SkillPotion"},{"floor":18,"key":"Fruit Juice"},{"floor":19,"key":"FairyPotion"},{"floor":24,"key":"Ancient Potion"},{"floor":36,"key":"Weak Potion"}],"is_trial":false,"path_per_floor":["M","M","M","?","?","R","?","M","T","R","M","M","$","E","R","B",null,"M","M","M","M","?","R","M","R","T","?","$","R","M","M","R","B",null,"M","M","?","$","M","E","R","?","T","E"],"character_chosen":"DEFECT","items_purchased":["Membership Card","Defragment","ClockworkSouvenir","Machine Learning","Bronze Scales","Electrodynamics"],"campfire_rested":1,"item_purchase_floors":[13,13,28,28,28,38],"current_hp_per_floor":[82,80,79,68,73,73,73,73,73,73,73,71,71,71,71,71,87,92,90,80,73,64,64,64,64,64,64,64,64,64,64,64,59,64,58,51,51,51,55,8,42,34,34,0],"gold":99,"neow_bonus":"TEN_PERCENT_HP_BONUS","is_prod":false,"is_daily":false,"chose_seed":false,"campfire_upgraded":7,"win_rate":0,"timestamp":1567765517,"path_taken":["M","M","M","?","?","R","?","M","T","R","M","M","$","E","R","BOSS","M","M","?","M","?","R","M","R","T","?","$","R","M","M","R","BOSS","M","M","?","$","M","E","R","?","T","E"],"build_version":"2019-07-17","purchased_purges":3,"victory":false,"max_hp_per_floor":[82,82,82,82,87,87,87,87,87,87,87,87,87,87,87,87,87,92,92,92,92,64,64,64,64,64,64,64,64,64,64,64,64,64,64,64,64,64,64,64,64,64,64,64],"card_choices":[{"not_picked":["Steam","Stack","Go for the Eyes"],"picked":"SKIP","floor":1},{"not_picked":["Beam Cell","FTL"],"picked":"Defragment","floor":2},{"not_picked":["Hologram","Steam","Turbo"],"picked":"SKIP","floor":3},{"not_picked":["Double Energy","Recycle"],"picked":"Ball Lightning","floor":8},{"not_picked":["All For One","Stack"],"picked":"Leap","floor":11},{"not_picked":["BootSequence","Aggregate"],"picked":"Coolheaded","floor":12},{"not_picked":["White Noise","Cold Snap"],"picked":"Conserve Battery","floor":14},{"not_picked":["Seek","Thunder Strike"],"picked":"Rainbow","floor":16},{"not_picked":["Doom and Gloom","Leap"],"picked":"Streamline","floor":18},{"not_picked":["Coolheaded","Sweeping Beam"],"picked":"Loop","floor":19},{"not_picked":["Hologram","Scrape"],"picked":"Conserve Battery+1","floor":20},{"not_picked":["Sunder","Doom and Gloom","Gash"],"picked":"SKIP","floor":21},{"not_picked":["Reprogram+1","Rebound","Go for the Eyes"],"picked":"SKIP","floor":24},{"not_picked":["Compile Driver","Scrape+1","Coolheaded"],"picked":"SKIP","floor":30},{"not_picked":["Darkness","Ball Lightning","Skim"],"picked":"SKIP","floor":31},{"not_picked":["Thunder Strike","Meteor Strike"],"picked":"Creative AI","floor":33},{"not_picked":["Rebound+1","Streamline+1","Compile Driver+1"],"picked":"SKIP","floor":35},{"not_picked":["Conserve Battery+1","Undo","Loop"],"picked":"SKIP","floor":36},{"not_picked":["Stack+1","Fusion","Hologram"],"picked":"SKIP","floor":39},{"not_picked":["Stack+1","Fusion","Hologram"],"picked":"SKIP","floor":39},{"not_picked":["Gash+1","Cold Snap+1"],"picked":"Storm+1","floor":40}],"player_experience":334283,"relics_obtained":[{"floor":14,"key":"Regal Pillow"},{"floor":26,"key":"Tiny Chest"},{"floor":40,"key":"DataDisk"},{"floor":43,"key":"StoneCalendar"}],"event_choices":[{"damage_healed":0,"gold_gain":75,"player_choice":"Gather Gold","damage_taken":11,"max_hp_gain":0,"max_hp_loss":0,"event_name":"World of Goop","floor":4,"gold_loss":0},{"damage_healed":0,"gold_gain":0,"player_choice":"Donut","damage_taken":0,"max_hp_gain":5,"max_hp_loss":0,"event_name":"Big Fish","floor":5,"gold_loss":0},{"cards_removed":["Strike_B"],"damage_healed":0,"gold_gain":0,"player_choice":"Offered Basic","damage_taken":0,"max_hp_gain":0,"max_hp_loss":0,"event_name":"Bonfire Elementals","floor":7,"gold_loss":0},{"damage_healed":0,"gold_gain":0,"player_choice":"Became a vampire","damage_taken":0,"max_hp_gain":0,"max_hp_loss":28,"event_name":"Vampires","floor":22,"gold_loss":0,"cards_obtained":["Bite","Bite","Bite","Bite","Bite"]},{"damage_healed":0,"gold_gain":0,"player_choice":"Simplicity","damage_taken":0,"max_hp_gain":0,"max_hp_loss":0,"event_name":"Back to Basics","floor":27,"gold_loss":0,"cards_upgraded":["Defend_B","Defend_B","Defend_B"]},{"damage_healed":0,"gold_gain":0,"player_choice":"Memory 1","damage_taken":0,"max_hp_gain":0,"max_hp_loss":0,"event_name":"SensoryStone","floor":37,"gold_loss":0},{"damage_healed":0,"gold_gain":0,"player_choice":"Embrace Madness","damage_taken":8,"max_hp_gain":0,"max_hp_loss":0,"event_name":"Winding Halls","floor":42,"gold_loss":0,"cards_obtained":["Madness","Madness"]}],"is_beta":false,"boss_relics":[{"not_picked":["Orrery","Snecko Eye"],"picked":"FrozenCore"},{"not_picked":["Calling Bell","Fusion Hammer"],"picked":"Empty Cage"}],"items_purged_floors":[13,28,38],"is_endless":false,"potions_floor_spawned":[2,3,11,18,19,24,36],"killed_by":"Nemesis","ascension_level":0}