{"gold_per_floor":[109,34,51,51,65,65,103,116,197,211,229,1,24,47,47,167,167,181,181,37,61,86,86,120,164,164,195,221,247,259,294,306,449,461,491,124,144,144,144,20,20,40,40,55,55,90,90,423,423,423,423,423,17,47,47],"floor_reached":56,"playtime":2325,"items_purged":["Normality","Normality"],"score":1301,"play_id":"d912c816-cfef-473f-8aa2-760ac58f7413","local_time":"20181214214356","is_ascension_mode":false,"campfire_choices":[{"floor":15,"key":"REST"},{"data":"Zap","floor":23,"key":"SMITH"},{"data":"Rainbow","floor":30,"key":"SMITH"},{"data":"Amplify","floor":32,"key":"SMITH"},{"data":"Finesse","floor":41,"key":"SMITH"},{"floor":45,"key":"REST"},{"data":"Impatience","floor":47,"key":"SMITH"},{"floor":49,"key":"RECALL"},{"data":"Dualcast","floor":52,"key":"SMITH"}],"neow_cost":"NONE","seed_source_timestamp":146616643910890,"circlet_count":0,"master_deck":["Strike_B","Defend_B+1","Defend_B","Defend_B+1","Defend_B","Zap+1","Dualcast+1","Loop+1","Hello World+1","Hologram","Defragment+1","Ball Lightning","Loop+1","Storm+1","Tempest","Biased Cognition+1","Doom and Gloom","Chaos","Amplify+1","Hologram+1","Coolheaded+1","Loop+1","Rainbow+1","Undo+1","Glacier+1","Buffer+1","Leap+1","Capacitor+1","Impatience+1","Finesse+1","Heatsinks+1","Chill+1","Cold Snap","Echo Form+1"],"relics":["Calling Bell","War Paint","Frozen Egg 2","Ginger","Mango","Letter Opener","Nuclear Battery","DataDisk","Red Mask","Blood Vial","Sundial","MawBank","Runic Dome","Torii","Bronze Scales","Mummified Hand","Pen Nib"],"potions_floor_usage":[7,11,14,14,21,27,27,27,31,37,46,50,50,55,55,55],"damage_taken":[{"damage":2,"enemies":"Small Slimes","floor":1,"turns":5},{"damage":5,"enemies":"2 Louse","floor":3,"turns":4},{"damage":2,"enemies":"Jaw Worm","floor":5,"turns":4},{"damage":33,"enemies":"3 Sentries","floor":7,"turns":8},{"damage":13,"enemies":"2 Fungi Beasts","floor":8,"turns":3},{"damage":4,"enemies":"Blue Slaver","floor":10,"turns":4},{"damage":18,"enemies":"Gremlin Gang","floor":11,"turns":4},{"damage":12,"enemies":"2 Fungi Beasts","floor":13,"turns":3},{"damage":18,"enemies":"Exordium Thugs","floor":14,"turns":3},{"damage":4,"enemies":"Hexaghost","floor":16,"turns":7},{"damage":2,"enemies":"Spheric Guardian","floor":18,"turns":3},{"damage":14,"enemies":"2 Thieves","floor":21,"turns":3},{"damage":0,"enemies":"Chosen and Byrds","floor":22,"turns":4},{"damage":8,"enemies":"Masked Bandits","floor":24,"turns":3},{"damage":4,"enemies":"Book of Stabbing","floor":25,"turns":5},{"damage":10,"enemies":"Slavers","floor":27,"turns":4},{"damage":0,"enemies":"Sentry and Sphere","floor":28,"turns":3},{"damage":5,"enemies":"Snake Plant","floor":29,"turns":3},{"damage":3,"enemies":"Cultist and Chosen","floor":31,"turns":4},{"damage":10,"enemies":"Champ","floor":33,"turns":5},{"damage":0,"enemies":"Orb Walker","floor":35,"turns":2},{"damage":21,"enemies":"3 Darklings","floor":37,"turns":3},{"damage":1,"enemies":"4 Shapes","floor":42,"turns":3},{"damage":0,"enemies":"Maw","floor":44,"turns":5},{"damage":0,"enemies":"Nemesis","floor":46,"turns":3},{"damage":39,"enemies":"Awakened One","floor":50,"turns":8},{"damage":6,"enemies":"Shield and Spear","floor":54,"turns":6},{"damage":38,"enemies":"The Heart","floor":55,"turns":7}],"seed_played":"-2126917479941792035","potions_obtained":[{"floor":3,"key":"Regen Potion"},{"floor":5,"key":"FearPotion"},{"floor":10,"key":"FairyPotion"},{"floor":11,"key":"AttackPotion"},{"floor":13,"key":"AttackPotion"},{"floor":16,"key":"FocusPotion"},{"floor":18,"key":"PowerPotion"},{"floor":25,"key":"EntropicBrew"},{"floor":29,"key":"Energy Potion"},{"floor":31,"key":"Explosive Potion"},{"floor":42,"key":"GamblersBrew"},{"floor":44,"key":"Swift Potion"}],"is_trial":false,"path_per_floor":["M","$","M","?","M","?","E","M","T","M","M","$","M","M","R","B",null,"M","?","$","M","M","R","?","E","T","E","M","M","R","M","R","B",null,"M","$","M","?","?","$","R","M","T","M","R","E","R","?","R","B",null,"R","$","E","B",null],"character_chosen":"DEFECT","items_purchased":["Loop+1","Fire Potion","DataDisk","Capacitor+1","Torii","Heatsinks+1","PowerPotion","Mummified Hand","PowerPotion","SkillPotion","SkillPotion"],"campfire_rested":2,"item_purchase_floors":[12,12,20,36,36,40,40,53,53,53,53],"current_hp_per_floor":[73,73,68,68,66,66,62,49,49,45,27,27,15,8,32,28,83,81,81,81,67,67,67,59,55,55,47,49,46,46,45,45,37,83,83,83,62,62,52,52,52,53,53,55,79,81,81,81,81,44,83,83,83,77,41],"gold":47,"neow_bonus":"BOSS_RELIC","is_prod":false,"is_daily":false,"chose_seed":false,"campfire_upgraded":6,"win_rate":0,"timestamp":1544845436,"path_taken":["M","$","M","?","M","?","E","M","T","M","M","$","M","M","R","BOSS","M","?","$","M","M","R","?","E","T","E","M","M","R","M","R","BOSS","M","$","M","?","?","$","R","?","T","M","R","E","R","?","R","BOSS","R","$","E","BOSS"],"build_version":"2018-12-13","purchased_purges":2,"victory":true,"max_hp_per_floor":[75,75,75,75,75,69,83,83,83,83,83,83,83,83,83,83,83,83,83,83,83,83,83,83,83,83,83,83,83,83,83,83,83,83,83,83,83,83,83,83,83,83,83,83,83,83,83,83,83,83,83,83,83,83,83],"card_choices":[{"not_picked":["Rebound","Stack","Beam Cell"],"picked":"SKIP","floor":1},{"not_picked":["Streamline","Double Energy"],"picked":"Loop+1","floor":3},{"not_picked":["Steam Power","Conserve Battery"],"picked":"Hello World+1","floor":5},{"not_picked":["Gash","Rebound"],"picked":"Hologram","floor":7},{"not_picked":["Steam","Auto Shields"],"picked":"Defragment+1","floor":8},{"not_picked":["Genetic Algorithm","Rebound","Steam"],"picked":"SKIP","floor":10},{"not_picked":["Sweeping Beam","Leap"],"picked":"Ball Lightning","floor":11},{"not_picked":["Hologram","Core Surge"],"picked":"Storm+1","floor":13},{"not_picked":["Turbo","Melter"],"picked":"Tempest","floor":14},{"not_picked":["Rainbow","Amplify"],"picked":"Biased Cognition+1","floor":16},{"not_picked":["Stack","Steam Power"],"picked":"Doom and Gloom","floor":18},{"not_picked":["Streamline+1","Rebound+1"],"picked":"Hologram+1","floor":21},{"not_picked":["Lockon+1","Compile Driver"],"picked":"Coolheaded+1","floor":22},{"not_picked":["Hologram+1","Compile Driver"],"picked":"Loop+1","floor":24},{"not_picked":["Turbo","Consume"],"picked":"Rainbow","floor":25},{"not_picked":["Beam Cell+1","Rebound+1"],"picked":"Undo+1","floor":27},{"not_picked":["Barrage","Recycle+1","Blizzard"],"picked":"SKIP","floor":28},{"not_picked":["Steam","Blizzard","Streamline"],"picked":"SKIP","floor":29},{"not_picked":["Turbo+1","Reinforced Body"],"picked":"Glacier+1","floor":31},{"not_picked":["Rainbow","Machine Learning+1"],"picked":"Buffer+1","floor":33},{"not_picked":["Redo+1","Genetic Algorithm"],"picked":"Leap+1","floor":35},{"not_picked":["Barrage+1","Hologram+1","Compile Driver+1"],"picked":"SKIP","floor":37},{"not_picked":["Deep Breath","Swift Strike"],"picked":"Impatience","floor":39},{"not_picked":["Blind","Trip"],"picked":"Finesse","floor":39},{"not_picked":["Static Discharge+1","Redo"],"picked":"Chill+1","floor":42},{"not_picked":["Turbo+1","Gash+1"],"picked":"Cold Snap","floor":44},{"not_picked":["Beam Cell","Redo+1","Undo+1"],"picked":"SKIP","floor":46},{"not_picked":["Sweeping Beam+1","Rip and Tear"],"picked":"Echo Form+1","floor":54}],"player_experience":376561,"relics_obtained":[{"floor":0,"key":"War Paint"},{"floor":0,"key":"Frozen Egg 2"},{"floor":0,"key":"Ginger"},{"floor":7,"key":"Mango"},{"floor":9,"key":"Letter Opener"},{"floor":24,"key":"Red Mask"},{"floor":25,"key":"Blood Vial"},{"floor":26,"key":"Sundial"},{"floor":27,"key":"MawBank"},{"floor":46,"key":"Bronze Scales"},{"floor":54,"key":"Pen Nib"}],"event_choices":[{"cards_removed":["Injury"],"damage_healed":0,"gold_gain":0,"player_choice":"Forget","damage_taken":0,"max_hp_gain":0,"max_hp_loss":0,"event_name":"Living Wall","floor":4,"gold_loss":0},{"damage_healed":0,"gold_gain":0,"player_choice":"Lose Max HP","damage_taken":0,"relics_obtained":["Golden Idol"],"max_hp_gain":0,"max_hp_loss":6,"event_name":"Golden Idol","floor":6,"gold_loss":0},{"damage_healed":0,"gold_gain":0,"cards_transformed":["Strike_B","Strike_B"],"player_choice":"Became Test Subject","damage_taken":0,"max_hp_gain":0,"max_hp_loss":0,"event_name":"Drug Dealer","floor":19,"gold_loss":0,"cards_obtained":["Chaos","Amplify"]},{"damage_healed":0,"gold_gain":0,"player_choice":"Fought Bandits","damage_taken":0,"max_hp_gain":0,"max_hp_loss":0,"event_name":"Masked Bandits","floor":24,"gold_loss":0},{"cards_removed":["Strike_B"],"damage_healed":0,"gold_gain":0,"player_choice":"Removed Attack","damage_taken":0,"max_hp_gain":0,"max_hp_loss":0,"event_name":"Falling","floor":38,"gold_loss":0},{"damage_healed":0,"gold_gain":0,"player_choice":"Memory 3","damage_taken":10,"max_hp_gain":0,"max_hp_loss":0,"event_name":"SensoryStone","floor":39,"gold_loss":0},{"damage_healed":0,"gold_gain":333,"player_choice":"Gave Idol","damage_taken":0,"max_hp_gain":0,"max_hp_loss":0,"event_name":"The Moai Head","floor":48,"relics_lost":["Golden Idol"],"gold_loss":0}],"is_beta":true,"boss_relics":[{"not_picked":["Philosopher\u0027s Stone","Tiny House"],"picked":"Nuclear Battery"},{"not_picked":["Empty Cage","Busted Crown"],"picked":"Runic Dome"}],"items_purged_floors":[2,12],"is_endless":false,"potions_floor_spawned":[3,5,10,11,13,16,18,25,29,31,33,42,44,54],"ascension_level":0}