{"gold_per_floor":[113,113,125,144,164,197,197,230,255,14,14,24,34,54,54,152,152,171,271,321,331,345,345,376,376,376,410,420,197,197,210,210,309,309,329,181,191,191,203,203,203,203,203,214,214,248,248,266,266,266],"floor_reached":51,"playtime":3263,"items_purged":["Strike_R","Defend_R","Defend_R"],"score":865,"play_id":"6ca8f6ee-97e9-471d-b40d-406bfde5ef34","local_time":"20190213203908","is_ascension_mode":true,"campfire_choices":[{"data":"Armaments","floor":7.0,"key":"SMITH"},{"data":"Uppercut","floor":11.0,"key":"SMITH"},{"data":"Flame Barrier","floor":15.0,"key":"SMITH"},{"data":"Immolate","floor":23.0,"key":"SMITH"},{"floor":25.0,"key":"REST"},{"data":"Pommel Strike","floor":30.0,"key":"SMITH"},{"data":"Strike_R","floor":32.0,"key":"PURGE"},{"data":"Wraith","floor":40.0,"key":"PURGE"},{"data":"Double Tap","floor":42.0,"key":"SMITH"},{"data":"Madness","floor":47,"key":"SMITH"},{"floor":49,"key":"REST"}],"neow_cost":"NONE","seed_source_timestamp":0,"circlet_count":0,"master_deck":["Strike_R","Defend_R","Defend_R","Bash","Spot Weakness","Armaments+1","Pommel Strike+1","Uppercut+1","Carnage","Shrug It Off","Flame Barrier+1","Immolate+1","Evolve+1","Berserk","Whirlwind+1","Inflame+1","Double Tap+1","Decay","Madness+1","Madness"],"special_seed":0,"relics":["Burning Blood","Anchor","PreservedInsect","Smiling Mask","Membership Card","Busted Crown","Peace Pipe","Question Card","Art of War","Bottled Flame","Pear","ClockworkSouvenir","Omamori","Calling Bell","Centennial Puzzle","Gremlin Horn","Du-Vu Doll","TheAbacus","Bottled Tornado","Happy Flower"],"potions_floor_usage":[50,50],"damage_taken":[{"damage":2.0,"enemies":"2 Louse","floor":1.0,"turns":3.0},{"damage":0.0,"enemies":"Small Slimes","floor":3.0,"turns":4.0},{"damage":1.0,"enemies":"Cultist","floor":4.0,"turns":3.0},{"damage":0.0,"enemies":"Large Slime","floor":5.0,"turns":5.0},{"damage":24.0,"enemies":"Gremlin Nob","floor":6.0,"turns":4.0},{"damage":30.0,"enemies":"3 Sentries","floor":8.0,"turns":7.0},{"damage":9.0,"enemies":"Blue Slaver","floor":12.0,"turns":3.0},{"damage":0.0,"enemies":"3 Louse","floor":13.0,"turns":4.0},{"damage":6.0,"enemies":"Large Slime","floor":14.0,"turns":5.0},{"damage":43.0,"enemies":"The Guardian","floor":16.0,"turns":15.0},{"damage":0.0,"enemies":"Chosen","floor":18.0,"turns":3.0},{"damage":13.0,"enemies":"Colosseum Slavers","floor":19.0,"turns":4.0},{"damage":0.0,"enemies":"Colosseum Nobs","floor":19.0,"turns":2.0},{"damage":7.0,"enemies":"3 Byrds","floor":21.0,"turns":4.0},{"damage":13.0,"enemies":"Shelled Parasite and Fungi","floor":22.0,"turns":6.0},{"damage":51.0,"enemies":"Slavers","floor":24.0,"turns":7.0},{"damage":22.0,"enemies":"Gremlin Leader","floor":27.0,"turns":5.0},{"damage":0.0,"enemies":"Centurion and Healer","floor":28.0,"turns":5.0},{"damage":0.0,"enemies":"Snake Plant","floor":31.0,"turns":2.0},{"damage":57.0,"enemies":"Champ","floor":33.0,"turns":9.0},{"damage":7.0,"enemies":"Orb Walker","floor":35.0,"turns":3.0},{"damage":8.0,"enemies":"3 Darklings","floor":37.0,"turns":2.0},{"damage":26.0,"enemies":"Spire Growth","floor":39.0,"turns":5.0},{"damage":14,"enemies":"Writhing Mass","floor":44,"turns":4},{"damage":6,"enemies":"Reptomancer","floor":46,"turns":3},{"damage":6,"enemies":"4 Shapes","floor":48,"turns":2},{"damage":65,"enemies":"Donu and Deca","floor":50,"turns":7}],"seed_played":"-846039477637182988","potions_obtained":[{"floor":6.0,"key":"SkillPotion"},{"floor":8.0,"key":"GamblersBrew"},{"floor":12.0,"key":"FearPotion"},{"floor":13.0,"key":"Fire Potion"},{"floor":21.0,"key":"Energy Potion"},{"floor":24.0,"key":"LiquidBronze"},{"floor":27.0,"key":"Explosive Potion"},{"floor":28.0,"key":"Swift Potion"},{"floor":35.0,"key":"SteroidPotion"},{"floor":39.0,"key":"Block Potion"}],"is_trial":false,"path_per_floor":["M","?","M","M","M","E","R","E","T","$","R","M","M","M","R","B",null,"M","?","?","M","M","R","E","R","T","E","M","$","R","M","R","B",null,"M","$","M","?","M","R","?","R","T","M","?","E","R","M","R","B",null],"character_chosen":"IRONCLAD","items_purchased":["Membership Card","ClockworkSouvenir","Omamori","TheAbacus"],"campfire_rested":2,"item_purchase_floors":[10,29,29,36],"current_hp_per_floor":[88,81,87,88,88,70,70,46,46,46,46,43,49,49,49,12,88,88,87,87,86,79,79,34,60,60,54,60,60,60,66,66,15,98,97,97,95,95,75,75,63,63,63,55,55,55,55,55,84,25],"gold":266,"neow_bonus":"TEN_PERCENT_HP_BONUS","is_prod":false,"is_daily":false,"chose_seed":false,"campfire_upgraded":7,"win_rate":0,"timestamp":1550057948,"path_taken":["M","?","M","M","M","E","R","E","T","$","R","M","M","M","R","BOSS","M","?","?","M","M","R","E","R","T","E","M","$","R","M","R","BOSS","M","$","M","?","M","R","?","R","T","M","?","E","R","M","R","BOSS"],"build_version":"2019-01-23","purchased_purges":3,"victory":true,"max_hp_per_floor":[88,88,88,88,88,88,88,88,88,88,88,88,88,88,88,88,88,88,88,88,88,88,88,88,88,88,98,98,98,98,98,98,98,98,98,98,98,98,98,98,98,98,98,98,98,98,98,98,98,98],"card_choices":[{"not_picked":["Body Slam","Clothesline"],"picked":"Spot Weakness","floor":1.0},{"not_picked":["Thunderclap","Warcry"],"picked":"Armaments","floor":3.0},{"not_picked":["Warcry","Shockwave"],"picked":"Pommel Strike","floor":4.0},{"not_picked":["Pummel","Iron Wave"],"picked":"Uppercut","floor":5.0},{"not_picked":["Spot Weakness","Warcry"],"picked":"Carnage","floor":6.0},{"not_picked":["Clash","Headbutt","Feel No Pain"],"picked":"SKIP","floor":8.0},{"not_picked":["Rampage","Headbutt"],"picked":"Shrug It Off","floor":12.0},{"not_picked":["Dropkick","Flame Barrier","Rupture"],"picked":"SKIP","floor":13.0},{"not_picked":["Dropkick","Rupture"],"picked":"Flame Barrier","floor":13.0},{"not_picked":["Sentinel","Infernal Blade","Juggernaut"],"picked":"SKIP","floor":14.0},{"not_picked":["Impervious","Demon Form"],"picked":"Immolate","floor":16.0},{"not_picked":["Iron Wave"],"picked":"SKIP","floor":18.0},{"not_picked":[],"picked":"Evolve+1","floor":19.0},{"not_picked":["Fire Breathing","Pommel Strike"],"picked":"SKIP","floor":21.0},{"not_picked":["Armaments","Rupture"],"picked":"SKIP","floor":22.0},{"not_picked":["Shockwave","Ghostly Armor"],"picked":"SKIP","floor":24.0},{"not_picked":["Fire Breathing"],"picked":"Berserk","floor":27.0},{"not_picked":["Bloodletting+1"],"picked":"Whirlwind+1","floor":28.0},{"not_picked":["Entrench"],"picked":"Inflame+1","floor":31.0},{"not_picked":["Impervious"],"picked":"Double Tap","floor":33.0},{"not_picked":["Warcry+1","Rampage+1"],"picked":"SKIP","floor":35.0},{"not_picked":["Warcry","Feel No Pain"],"picked":"SKIP","floor":37.0},{"not_picked":["Wild Strike+1","Headbutt+1"],"picked":"SKIP","floor":39.0},{"not_picked":["Headbutt","Pommel Strike+1"],"picked":"SKIP","floor":44},{"not_picked":["Flame Barrier","Seeing Red"],"picked":"SKIP","floor":46},{"not_picked":["True Grit","Body Slam"],"picked":"SKIP","floor":48}],"player_experience":232955,"relics_obtained":[{"floor":6.0,"key":"Anchor"},{"floor":8.0,"key":"PreservedInsect"},{"floor":9.0,"key":"Smiling Mask"},{"floor":19.0,"key":"Peace Pipe"},{"floor":19.0,"key":"Question Card"},{"floor":24.0,"key":"Art of War"},{"floor":26.0,"key":"Bottled Flame"},{"floor":27.0,"key":"Pear"},{"floor":34.0,"key":"Centennial Puzzle"},{"floor":34.0,"key":"Gremlin Horn"},{"floor":34.0,"key":"Du-Vu Doll"},{"floor":43.0,"key":"Bottled Tornado"},{"floor":46,"key":"Happy Flower"}],"event_choices":[{"cards_removed":["Strike_R"],"damage_healed":0.0,"max_hp_gain":0.0,"max_hp_loss":0.0,"gold_gain":0.0,"event_name":"Golden Wing","player_choice":"Card Removal","floor":2.0,"gold_loss":0.0,"damage_taken":7.0},{"damage_healed":0.0,"max_hp_gain":0.0,"max_hp_loss":0.0,"gold_gain":0.0,"event_name":"Colosseum","player_choice":"Fight","floor":19.0,"gold_loss":0.0,"damage_taken":0.0},{"damage_healed":0.0,"max_hp_gain":0.0,"max_hp_loss":0.0,"gold_gain":0.0,"event_name":"Colosseum","player_choice":"Fought Nobs","floor":19.0,"gold_loss":0.0,"damage_taken":0.0},{"damage_healed":0.0,"max_hp_gain":0.0,"max_hp_loss":0.0,"gold_gain":100.0,"event_name":"The Joust","player_choice":"Bet on Murderer","floor":20.0,"gold_loss":50.0,"damage_taken":0.0},{"damage_healed":0.0,"max_hp_gain":0.0,"max_hp_loss":0.0,"gold_gain":0.0,"event_name":"OrinTheCat","player_choice":"Ignored","floor":38.0,"gold_loss":0.0,"damage_taken":0.0},{"damage_healed":0.0,"max_hp_gain":0.0,"max_hp_loss":0.0,"gold_gain":0.0,"event_name":"Winding Halls","player_choice":"Embrace Madness","floor":41.0,"gold_loss":0.0,"damage_taken":12.0,"cards_obtained":["Madness","Madness"]},{"cards_removed":["Strike_R"],"damage_healed":0,"gold_gain":0,"player_choice":"Removed Attack","damage_taken":0,"max_hp_gain":0,"max_hp_loss":0,"event_name":"Falling","floor":45,"gold_loss":0}],"is_beta":false,"boss_relics":[{"not_picked":["Philosopher\u0027s Stone","Runic Pyramid"],"picked":"Busted Crown"},{"not_picked":["Snecko Eye","Runic Dome"],"picked":"Calling Bell"}],"items_purged_floors":[10,29,36],"is_endless":false,"potions_floor_spawned":[6,8,12,13,16,18,21,24,27,28,35,39,46],"ascension_level":4}