{"gold_per_floor":[114,114,129,144,159,159,159,159,159,174,189,91,106,121,121,221,221,236,236,46,61,61,61,91,106,106,121,136,136,151,151,151,251,251,266,302,102,117,132,132,132,132,132,19,19,34,34,49,49,49],"floor_reached":51,"playtime":2246,"items_purged":["Writhe","Acrobatics+1"],"score":813,"play_id":"636563ad-8f15-4089-9ab4-c45ea208c9f1","local_time":"20190720094857","daily_mods":["Draft","Vintage","Lethality"],"is_ascension_mode":false,"campfire_choices":[{"data":"Dodge and Roll","floor":6,"key":"SMITH"},{"data":"Footwork","floor":8,"key":"SMITH"},{"data":"Backflip","floor":15,"key":"SMITH"},{"data":"Dodge and Roll","floor":23,"key":"SMITH"},{"data":"Bullet Time","floor":29,"key":"SMITH"},{"data":"Footwork","floor":32,"key":"SMITH"},{"data":"Cloak And Dagger","floor":40,"key":"SMITH"},{"data":"Sucker Punch","floor":45,"key":"SMITH"},{"data":"Quick Slash","floor":47,"key":"SMITH"},{"data":"Calculated Gamble","floor":49,"key":"SMITH"}],"neow_cost":"","seed_source_timestamp":1159673009495,"circlet_count":0,"master_deck":["Deadly Poison","Footwork+1","Deadly Poison","All Out Attack","Sucker Punch+1","Backstab","Cloak And Dagger+1","Dodge and Roll+1","Backflip+1","Bouncing Flask","Noxious Fumes","Calculated Gamble+1","Quick Slash+1","Footwork+1","Backflip+1","Dodge and Roll+1","Bullet Time+1","Flash of Steel+1","Footwork+1","Catalyst+1","Cloak And Dagger+1","Accuracy+1","Slice+1"],"special_seed":18097,"relics":["Ring of the Snake","Bird Faced Urn","Ice Cream","Frozen Egg 2","Centennial Puzzle","Letter Opener","WingedGreaves","Molten Egg 2","Bag of Marbles","War Paint","Lizard Tail","Bag of Preparation","Kunai","Sundial","Question Card","Bottled Flame","Gremlin Horn","Juzu Bracelet","Darkstone Periapt","Pear","Runic Pyramid","Potion Belt","Calipers","Matryoshka","Mercury Hourglass","MawBank","Meat on the Bone","Anchor","Shuriken"],"potions_floor_usage":[24,28,50,50],"damage_taken":[{"damage":13,"enemies":"Jaw Worm","floor":1,"turns":3},{"damage":0,"enemies":"Cultist","floor":3,"turns":2},{"damage":0,"enemies":"2 Louse","floor":4,"turns":1},{"damage":11,"enemies":"Red Slaver","floor":5,"turns":3},{"damage":0,"enemies":"Large Slime","floor":10,"turns":3},{"damage":0,"enemies":"3 Louse","floor":11,"turns":1},{"damage":0,"enemies":"Exordium Wildlife","floor":13,"turns":3},{"damage":0,"enemies":"2 Fungi Beasts","floor":14,"turns":1},{"damage":8,"enemies":"The Guardian","floor":16,"turns":9},{"damage":0,"enemies":"Chosen","floor":18,"turns":3},{"damage":1,"enemies":"3 Byrds","floor":21,"turns":3},{"damage":0,"enemies":"Slavers","floor":24,"turns":3},{"damage":28,"enemies":"Snake Plant","floor":25,"turns":4},{"damage":0,"enemies":"Centurion and Healer","floor":27,"turns":3},{"damage":0,"enemies":"Cultist and Chosen","floor":28,"turns":4},{"damage":9,"enemies":"Snake Plant","floor":30,"turns":2},{"damage":6,"enemies":"Automaton","floor":33,"turns":9},{"damage":0,"enemies":"Orb Walker","floor":35,"turns":1},{"damage":26,"enemies":"2 Orb Walkers","floor":36,"turns":4},{"damage":0,"enemies":"3 Darklings","floor":38,"turns":3},{"damage":0,"enemies":"Jaw Worm Horde","floor":39,"turns":1},{"damage":0,"enemies":"Maw","floor":46,"turns":6},{"damage":3,"enemies":"Writhing Mass","floor":48,"turns":5},{"damage":0,"enemies":"Awakened One","floor":50,"turns":9}],"seed_played":"-5512153490597295687","potions_obtained":[{"floor":4,"key":"FairyPotion"},{"floor":11,"key":"Swift Potion"},{"floor":13,"key":"Strength Potion"},{"floor":27,"key":"Swift Potion"},{"floor":30,"key":"EssenceOfSteel"},{"floor":36,"key":"SkillPotion"},{"floor":38,"key":"Strength Potion"}],"is_trial":false,"path_per_floor":["M","?","M","M","M","R","?","R","T","M","M","$","M","M","R","B",null,"M","?","$","M","?","R","E","M","T","M","M","R","M","?","R","B",null,"M","?","$","M","M","R","?","$","T","$","R","M","R","M","R","B",null],"character_chosen":"THE_SILENT","items_purchased":["Backflip","Dodge and Roll","Flash of Steel+1","Footwork+1","GhostInAJar","Cloak And Dagger","Accuracy+1","Slice+1"],"campfire_rested":0,"item_purchase_floors":[12,12,20,20,37,37,44,44],"current_hp_per_floor":[57,57,61,61,56,56,56,56,56,58,58,58,64,64,64,62,70,70,70,70,69,56,56,64,40,40,46,50,50,59,59,59,61,85,85,63,63,71,71,71,71,71,71,71,71,81,81,84,84,85],"gold":49,"neow_bonus":"","is_prod":false,"is_daily":true,"chose_seed":false,"campfire_upgraded":10,"win_rate":0,"timestamp":1563630537,"path_taken":["M","?","M","?","M","R","?","R","T","?","M","$","M","M","R","BOSS","M","?","$","M","?","R","E","M","T","M","M","R","M","?","R","BOSS","M","?","$","M","M","R","?","?","T","$","R","M","R","M","R","BOSS"],"build_version":"2019-07-17","purchased_purges":2,"victory":true,"max_hp_per_floor":[70,70,70,70,70,70,70,70,70,70,70,70,70,70,70,70,70,70,70,70,70,75,75,75,75,75,75,75,75,85,85,85,85,85,85,85,85,85,85,85,85,85,85,85,85,85,85,85,85,85],"card_choices":[{"not_picked":["Blade Dance","Tactician"],"picked":"Deadly Poison","floor":0},{"not_picked":["Sucker Punch","Blade Dance"],"picked":"Footwork","floor":0},{"not_picked":["Prepared","Infinite Blades"],"picked":"Acrobatics","floor":0},{"not_picked":["Outmaneuver","Caltrops"],"picked":"Deadly Poison","floor":0},{"not_picked":["Acrobatics","Deflect"],"picked":"All Out Attack","floor":0},{"not_picked":["Dagger Spray","Blade Dance"],"picked":"Sucker Punch","floor":0},{"not_picked":["Deflect","Deadly Poison"],"picked":"Backstab","floor":0},{"not_picked":["Bouncing Flask","Quick Slash"],"picked":"Cloak And Dagger","floor":0},{"not_picked":["Quick Slash","Flying Knee"],"picked":"Dodge and Roll","floor":0},{"not_picked":["Predator","Blur"],"picked":"Backflip","floor":0},{"not_picked":["Flying Knee","Flechettes"],"picked":"Bouncing Flask","floor":0},{"not_picked":["Blade Dance","Underhanded Strike"],"picked":"Deadly Poison","floor":0},{"not_picked":["Riddle With Holes","Cloak And Dagger"],"picked":"Noxious Fumes","floor":0},{"not_picked":["Expertise","Accuracy"],"picked":"Calculated Gamble","floor":0},{"not_picked":["Blade Dance","Bouncing Flask"],"picked":"Quick Slash","floor":0},{"not_picked":["Night Terror","Unload+1"],"picked":"Bullet Time","floor":16},{"not_picked":["Dagger Spray+1","Skewer+1","Tactician+1"],"picked":"SKIP","floor":24},{"not_picked":["Night Terror","Burst","Unload+1"],"picked":"Die Die Die+1","floor":33},{"not_picked":["Backflip+1","Flying Knee+1","Footwork+1"],"picked":"Catalyst+1","floor":36}],"player_experience":304241,"relics_obtained":[{"floor":1,"key":"Bird Faced Urn"},{"floor":3,"key":"Ice Cream"},{"floor":4,"key":"Frozen Egg 2"},{"floor":5,"key":"Centennial Puzzle"},{"floor":9,"key":"Letter Opener"},{"floor":10,"key":"WingedGreaves"},{"floor":11,"key":"Molten Egg 2"},{"floor":13,"key":"Bag of Marbles"},{"floor":14,"key":"War Paint"},{"floor":18,"key":"Bag of Preparation"},{"floor":21,"key":"Sundial"},{"floor":24,"key":"Question Card"},{"floor":25,"key":"Bottled Flame"},{"floor":26,"key":"Gremlin Horn"},{"floor":27,"key":"Juzu Bracelet"},{"floor":28,"key":"Darkstone Periapt"},{"floor":30,"key":"Pear"},{"floor":35,"key":"Potion Belt"},{"floor":36,"key":"Calipers"},{"floor":38,"key":"Matryoshka"},{"floor":39,"key":"Mercury Hourglass"},{"floor":43,"key":"MawBank"},{"floor":43,"key":"Meat on the Bone"},{"floor":46,"key":"Anchor"},{"floor":48,"key":"Shuriken"}],"event_choices":[{"damage_healed":0,"gold_gain":0,"cards_transformed":["Deadly Poison"],"player_choice":"Transformed","damage_taken":0,"max_hp_gain":0,"max_hp_loss":0,"event_name":"Transmorgrifier","floor":2,"gold_loss":0,"cards_obtained":["Footwork"]},{"damage_healed":0,"gold_gain":0,"player_choice":"Upgraded","damage_taken":0,"max_hp_gain":0,"max_hp_loss":0,"event_name":"Upgrade Shrine","floor":7,"gold_loss":0,"cards_upgraded":["Cloak And Dagger"]},{"damage_healed":0,"gold_gain":0,"player_choice":"Opened","damage_taken":0,"relics_obtained":["Kunai"],"max_hp_gain":0,"max_hp_loss":0,"event_name":"The Mausoleum","floor":19,"gold_loss":0,"cards_obtained":["Writhe"]},{"damage_healed":0,"gold_gain":0,"player_choice":"Shed Blood","damage_taken":18,"max_hp_gain":5,"max_hp_loss":0,"event_name":"Forgotten Altar","floor":22,"gold_loss":0},{"damage_healed":0,"gold_gain":0,"player_choice":"Ignored","damage_taken":0,"max_hp_gain":0,"max_hp_loss":0,"event_name":"Beggar","floor":31,"gold_loss":0},{"damage_healed":0,"gold_gain":0,"player_choice":"Fight","damage_taken":0,"max_hp_gain":0,"max_hp_loss":0,"event_name":"Mysterious Sphere","floor":36,"gold_loss":0},{"cards_removed":["Die Die Die"],"damage_healed":0,"gold_gain":0,"player_choice":"Removed Attack","damage_taken":0,"max_hp_gain":0,"max_hp_loss":0,"event_name":"Falling","floor":41,"gold_loss":0}],"is_beta":false,"boss_relics":[{"not_picked":["Fusion Hammer","Astrolabe"],"picked":"Lizard Tail"},{"not_picked":["Sozu","Busted Crown"],"picked":"Runic Pyramid"}],"items_purged_floors":[20,37],"is_endless":false,"potions_floor_spawned":[4,11,13,16,18,27,30,33,36,38,46],"ascension_level":0}