{"gold_per_floor":[114,189,17,117,133,133,148,166,189,189,201,228,246,246,246,341,341,361,380,380,393,404,45,73,73,96,12,12,32,43,43,43,143,143,163,38,49,49,64,64,95,95,95,108,121,150,150,182,182,182],"floor_reached":51,"playtime":2498,"items_purged":["Strike_G","Strike_G","Shame"],"score":836,"play_id":"dc13a38d-5d0e-4ecb-ab10-6ca8f448224f","local_time":"20181226133725","is_ascension_mode":false,"campfire_choices":[{"data":"Neutralize","floor":6,"key":"SMITH"},{"data":"Bouncing Flask","floor":15,"key":"SMITH"},{"data":"Catalyst","floor":28,"key":"SMITH"},{"data":"Noxious Fumes","floor":32,"key":"SMITH"},{"data":"Corpse Explosion","floor":40,"key":"SMITH"},{"data":"Malaise","floor":42,"key":"SMITH"},{"data":"Terror","floor":47,"key":"SMITH"},{"floor":49,"key":"REST"}],"neow_cost":"PERCENT_DAMAGE","seed_source_timestamp":501782697706694,"circlet_count":0,"master_deck":["Survivor","Neutralize+1","Corpse Explosion+1","Backstab","Bouncing Flask+1","Deflect","Leg Sweep","Dash","Cloak And Dagger","Malaise+1","Catalyst+1","Dash","Noxious Fumes+1","PiercingWail","Bouncing Flask+1","After Image","Blur","Wraith Form v2","Backflip","Deflect","Cloak And Dagger","Terror+1","Poisoned Stab+1","Escape Plan+1","Dash+1","Decay","Backflip+1","Well Laid Plans+1"],"relics":["Ring of the Snake","Blood Vial","Strawberry","Cursed Key","Bottled Lightning","Bag of Preparation","Vajra","Pandora\u0027s Box","Anchor","Question Card","Ancient Tea Set","Happy Flower"],"potions_floor_usage":[22,24,31,33,33,39,50,50,50],"damage_taken":[{"damage":3,"enemies":"Jaw Worm","floor":1,"turns":5},{"damage":5,"enemies":"Small Slimes","floor":5,"turns":3},{"damage":0,"enemies":"Cultist","floor":7,"turns":2},{"damage":3,"enemies":"Large Slime","floor":8,"turns":4},{"damage":0,"enemies":"Looter","floor":11,"turns":4},{"damage":3,"enemies":"3 Sentries","floor":12,"turns":4},{"damage":5,"enemies":"3 Louse","floor":13,"turns":3},{"damage":32,"enemies":"Hexaghost","floor":16,"turns":10},{"damage":10,"enemies":"Spheric Guardian","floor":18,"turns":4},{"damage":5,"enemies":"3 Byrds","floor":19,"turns":6},{"damage":13,"enemies":"Snake Plant","floor":21,"turns":5},{"damage":6,"enemies":"Cultist and Chosen","floor":22,"turns":5},{"damage":3,"enemies":"Book of Stabbing","floor":24,"turns":6},{"damage":0,"enemies":"3 Cultists","floor":29,"turns":2},{"damage":2,"enemies":"Chosen and Byrds","floor":30,"turns":4},{"damage":0,"enemies":"Snake Plant","floor":31,"turns":2},{"damage":37,"enemies":"Automaton","floor":33,"turns":10},{"damage":15,"enemies":"3 Darklings","floor":35,"turns":2},{"damage":7,"enemies":"3 Shapes","floor":37,"turns":4},{"damage":7,"enemies":"Sphere and 2 Shapes","floor":39,"turns":5},{"damage":0,"enemies":"Nemesis","floor":41,"turns":7},{"damage":0,"enemies":"4 Shapes","floor":44,"turns":4},{"damage":0,"enemies":"Writhing Mass","floor":45,"turns":6},{"damage":0,"enemies":"Reptomancer","floor":46,"turns":6},{"damage":32,"enemies":"Giant Head","floor":48,"turns":9},{"damage":3,"enemies":"Time Eater","floor":50,"turns":10}],"seed_played":"3624558263859022779","potions_obtained":[{"floor":1,"key":"GamblersBrew"},{"floor":7,"key":"Weak Potion"},{"floor":13,"key":"GamblersBrew"},{"floor":16,"key":"Explosive Potion"},{"floor":21,"key":"SmokeBomb"},{"floor":22,"key":"EntropicBrew"},{"floor":33,"key":"Energy Potion"},{"floor":41,"key":"Energy Potion"}],"is_trial":false,"path_per_floor":["M","?","$","?","M","R","M","M","T","?","M","E","M","?","R","B",null,"M","M","?","M","M","$","E","?","T","$","R","M","M","M","R","B",null,"M","$","M","?","M","R","E","R","T","M","M","E","R","E","R","B",null],"character_chosen":"THE_SILENT","items_purchased":["Bouncing Flask","Deflect","Bottled Lightning","Noxious Fumes","PiercingWail"],"campfire_rested":1,"item_purchase_floors":[3,3,23,27,27],"current_hp_per_floor":[46,35,35,35,30,30,30,27,27,50,52,58,55,55,55,25,77,67,64,64,53,49,49,48,48,48,48,48,50,50,52,52,17,77,62,62,57,62,57,57,59,59,59,61,63,65,65,35,58,57],"gold":182,"neow_bonus":"THREE_RARE_CARDS","is_prod":false,"is_daily":false,"chose_seed":false,"campfire_upgraded":7,"win_rate":0,"timestamp":1545853045,"path_taken":["M","?","$","?","M","R","M","?","T","?","M","E","M","?","R","BOSS","M","M","?","?","M","$","E","?","T","?","R","M","M","M","R","BOSS","M","$","M","?","?","R","E","R","T","M","?","E","R","E","R","BOSS"],"build_version":"2018-12-25","purchased_purges":3,"victory":true,"max_hp_per_floor":[70,70,70,70,70,70,70,70,70,70,70,77,77,77,77,77,77,77,77,77,77,77,77,77,77,77,77,77,77,77,77,77,77,77,77,77,77,77,77,77,77,77,77,77,77,77,77,77,77,77],"card_choices":[{"not_picked":["Night Terror","Unload"],"picked":"Corpse Explosion","floor":0},{"not_picked":["Heel Hook","Flying Knee"],"picked":"Backstab","floor":1},{"not_picked":["Heel Hook","Dash"],"picked":"Leg Sweep","floor":5},{"not_picked":["Bouncing Flask","Heel Hook"],"picked":"Dash","floor":7},{"not_picked":["Reflex","Deflect","Underhanded Strike"],"picked":"SKIP","floor":8},{"not_picked":["Deadly Poison","Prepared"],"picked":"Cloak And Dagger","floor":11},{"not_picked":["Flying Knee","Dodge and Roll","Dagger Throw"],"picked":"SKIP","floor":12},{"not_picked":["Flechettes","Poisoned Stab","Quick Slash"],"picked":"SKIP","floor":13},{"not_picked":["Venomology","Tools of the Trade"],"picked":"Malaise","floor":16},{"not_picked":["Heel Hook","Leg Sweep","Acrobatics+1"],"picked":"SKIP","floor":18},{"not_picked":["Terror","Finisher+1"],"picked":"Catalyst","floor":19},{"not_picked":["Concentrate","Endless Agony","Dagger Throw"],"picked":"SKIP","floor":21},{"not_picked":["Blade Dance","Dodge and Roll","Sucker Punch"],"picked":"SKIP","floor":22},{"not_picked":["Flying Knee","Dagger Spray","Outmaneuver"],"picked":"SKIP","floor":24},{"not_picked":["Calculated Gamble","All Out Attack+1"],"picked":"Bouncing Flask+1","floor":29},{"not_picked":["Masterful Stab","Die Die Die","Finisher"],"picked":"SKIP","floor":30},{"not_picked":["A Thousand Cuts","Corpse Explosion"],"picked":"After Image","floor":33},{"not_picked":["Flechettes+1","Acrobatics"],"picked":"Poisoned Stab+1","floor":35},{"not_picked":["Blade Dance+1","Caltrops"],"picked":"Escape Plan+1","floor":37},{"not_picked":["Sucker Punch+1","Deflect+1","Backflip"],"picked":"SKIP","floor":39},{"not_picked":["Poisoned Stab+1","Cloak And Dagger+1"],"picked":"Dash+1","floor":41},{"not_picked":["PiercingWail","Leg Sweep","Prepared"],"picked":"Backflip+1","floor":44},{"not_picked":["Deflect+1","Flying Knee","Slice+1","PiercingWail+1"],"picked":"SKIP","floor":45},{"not_picked":["PiercingWail","Dash+1","Bouncing Flask","Wraith Form v2"],"picked":"SKIP","floor":46},{"not_picked":["Crippling Poison+1","Outmaneuver","Setup"],"picked":"Well Laid Plans+1","floor":48}],"player_experience":382548,"relics_obtained":[{"floor":9,"key":"Blood Vial"},{"floor":12,"key":"Strawberry"},{"floor":24,"key":"Bag of Preparation"},{"floor":26,"key":"Vajra"},{"floor":41,"key":"Anchor"},{"floor":43,"key":"Question Card"},{"floor":46,"key":"Ancient Tea Set"},{"floor":48,"key":"Happy Flower"}],"event_choices":[{"damage_healed":0,"gold_gain":75,"player_choice":"Gather Gold","damage_taken":11,"max_hp_gain":0,"max_hp_loss":0,"event_name":"World of Goop","floor":2,"gold_loss":0},{"damage_healed":0,"gold_gain":100,"player_choice":"Pray","damage_taken":0,"max_hp_gain":0,"max_hp_loss":0,"event_name":"Golden Shrine","floor":4,"gold_loss":0},{"damage_healed":23,"gold_gain":0,"player_choice":"Banana","damage_taken":0,"max_hp_gain":0,"max_hp_loss":0,"event_name":"Big Fish","floor":10,"gold_loss":0},{"damage_healed":0,"gold_gain":0,"player_choice":"Ignored","damage_taken":0,"max_hp_gain":0,"max_hp_loss":0,"event_name":"Liars Game","floor":14,"gold_loss":0},{"cards_removed":["Strike_G"],"damage_healed":0,"gold_gain":0,"player_choice":"Purged","damage_taken":0,"max_hp_gain":0,"max_hp_loss":0,"event_name":"Purifier","floor":20,"gold_loss":0},{"damage_healed":0,"gold_gain":0,"player_choice":"Read","damage_taken":0,"max_hp_gain":0,"max_hp_loss":0,"event_name":"The Library","floor":25,"gold_loss":0,"cards_obtained":["Dash"]},{"cards_removed":["Outmaneuver"],"damage_healed":5,"gold_gain":0,"player_choice":"Offered Common","damage_taken":0,"max_hp_gain":0,"max_hp_loss":0,"event_name":"Bonfire Elementals","floor":38,"gold_loss":0},{"cards_removed":["Outmaneuver"],"damage_healed":5,"gold_gain":0,"player_choice":"Offered Special","damage_taken":0,"max_hp_gain":0,"max_hp_loss":0,"event_name":"Bonfire Elementals","floor":38,"gold_loss":0}],"is_beta":true,"boss_relics":[{"not_picked":["Tiny House","Eternal Feather"],"picked":"Cursed Key"},{"not_picked":["Philosopher\u0027s Stone","Calling Bell"],"picked":"Pandora\u0027s Box"}],"items_purged_floors":[3,23,36],"is_endless":false,"potions_floor_spawned":[1,7,13,16,21,22,33,35,41,46,48],"ascension_level":0}