{"path_per_floor":["M","?","?","?","M","R","E","?","T","M","M","M","R","M","R"],"character_chosen":"IRONCLAD","items_purchased":[],"gold_per_floor":[116,116,191,191,206,206,245,245,271,294,312,333,333,358,358,358],"floor_reached":16,"campfire_rested":1,"playtime":572,"item_purchase_floors":[],"current_hp_per_floor":[80,60,49,33,33,57,27,27,27,29,19,18,18,14,14,0],"items_purged":[],"gold":358,"score":112,"play_id":"0b7966ea-6731-4e8b-b0a1-852371b54587","local_time":"20180604234915","is_prod":false,"is_daily":false,"chose_seed":false,"is_ascension_mode":true,"campfire_upgraded":2,"win_rate":0,"timestamp":1528148955,"campfire_choices":[{"floor":6,"key":"REST"},{"data":"Corruption","floor":13,"key":"SMITH"},{"data":"Immolate","floor":15,"key":"SMITH"}],"path_taken":["M","?","?","?","M","R","E","?","T","M","M","?","R","M","R","BOSS"],"build_version":"2018-05-30v2","seed_source_timestamp":40925403787569,"purchased_purges":0,"victory":false,"master_deck":["Strike_R","Strike_R+1","Strike_R","Strike_R","Defend_R","Defend_R","Defend_R","Defend_R+1","Bash","Shrug It Off","Immolate+1","Iron Wave","Corruption+1"],"max_hp_per_floor":[80,80,80,80,80,80,80,80,80,80,80,80,80,80,80,80],"relics":["Runic Dome","Golden Idol","Art of War","Blood Vial"],"card_choices":[{"not_picked":["Infernal Blade","Warcry","Intimidate"],"picked":"SKIP","floor":1},{"not_picked":["Clash","Burning Pact"],"picked":"Shrug It Off","floor":5},{"not_picked":["Disarm","Anger"],"picked":"Immolate","floor":7},{"not_picked":["Spot Weakness","Hemokinesis"],"picked":"Iron Wave","floor":10},{"not_picked":["Searing Blow","Shrug It Off"],"picked":"Corruption","floor":11},{"not_picked":["Perfected Strike","Heavy Blade","Dropkick"],"picked":"SKIP","floor":12},{"not_picked":["Heavy Blade","Perfected Strike","Rampage"],"picked":"SKIP","floor":14}],"player_experience":124483,"potions_floor_usage":[7,7,16],"damage_taken":[{"damage":0,"enemies":"Small Slimes","floor":1,"turns":3},{"damage":0,"enemies":"2 Louse","floor":5,"turns":3},{"damage":30,"enemies":"Lagavulin","floor":7,"turns":8},{"damage":0,"enemies":"Jaw Worm","floor":10,"turns":3},{"damage":12,"enemies":"Large Slime","floor":11,"turns":2},{"damage":3,"enemies":"Looter","floor":12,"turns":2},{"damage":6,"enemies":"Blue Slaver","floor":14,"turns":3},{"damage":27,"enemies":"Hexaghost","floor":16,"turns":7}],"relics_obtained":[{"floor":7,"key":"Art of War"},{"floor":9,"key":"Blood Vial"}],"event_choices":[{"event_name":"Golden Idol","player_choice":"Take Damage","floor":2,"damage_taken":0},{"event_name":"World of Goop","player_choice":"Gather Gold","floor":3,"damage_taken":0},{"event_name":"Shining Light","player_choice":"Entered Light","floor":4,"damage_taken":0},{"event_name":"Living Wall","player_choice":"Forget","floor":8,"damage_taken":0}],"boss_relics":[],"items_purged_floors":[],"potions_floor_spawned":[1,5,11,14],"seed_played":"4230337866455345534","killed_by":"Hexaghost","ascension_level":2,"potions_obtained":[{"floor":1,"key":"AttackPotion"},{"floor":5,"key":"SpeedPotion"},{"floor":11,"key":"Ancient Potion"},{"floor":14,"key":"BloodPotion"}],"is_trial":false}