{"gold_per_floor":[118,293,293,305,305,337,337,367,367,387,400,418,434,469,469,574,574,589,604,188,188,188,188],"floor_reached":23,"playtime":896,"items_purged":["Strike_R"],"score":260,"play_id":"91e3a1f0-98b2-4821-a2aa-697bf43971e5","local_time":"20190605185324","is_ascension_mode":true,"campfire_choices":[{"data":"Carnage","floor":7,"key":"SMITH"},{"data":"Fire Breathing","floor":15,"key":"SMITH"}],"neow_cost":"NONE","seed_source_timestamp":817067142494,"circlet_count":0,"master_deck":["Strike_R","Strike_R","Strike_R","Strike_R","Defend_R","Defend_R","Defend_R","Defend_R","Bash","Carnage+1","Doubt","Pommel Strike","Burning Pact","Fire Breathing+1","Uppercut","Combust","Battle Trance","Armaments","Bludgeon","Offering","Shockwave","RitualDagger"],"relics":["Burning Blood","NeowsBlessing","Sundial","Meat on the Bone","Orichalcum","Blood Vial","Potion Belt","Busted Crown","Mercury Hourglass"],"potions_floor_usage":[8,16,16,16,23,23],"damage_taken":[{"damage":0,"enemies":"Small Slimes","floor":1,"turns":1},{"damage":0,"enemies":"Jaw Worm","floor":4,"turns":1},{"damage":0,"enemies":"Lagavulin","floor":6,"turns":1},{"damage":28,"enemies":"Gremlin Nob","floor":8,"turns":4},{"damage":1,"enemies":"Cultist","floor":10,"turns":3},{"damage":0,"enemies":"Large Slime","floor":11,"turns":2},{"damage":18,"enemies":"Exordium Wildlife","floor":12,"turns":3},{"damage":7,"enemies":"Blue Slaver","floor":13,"turns":3},{"damage":28,"enemies":"Lagavulin","floor":14,"turns":6},{"damage":33,"enemies":"The Guardian","floor":16,"turns":9},{"damage":27,"enemies":"3 Byrds","floor":18,"turns":4},{"damage":19,"enemies":"Shell Parasite","floor":19,"turns":3},{"damage":29,"enemies":"Gremlin Leader","floor":23,"turns":4}],"seed_played":"4936136548525867893","potions_obtained":[{"floor":1,"key":"Poison Potion"},{"floor":6,"key":"PowerPotion"},{"floor":8,"key":"Dexterity Potion"},{"floor":14,"key":"Block Potion"},{"floor":16,"key":"Poison Potion"},{"floor":19,"key":"SpeedPotion"}],"is_trial":false,"path_per_floor":["M","?","?","M","?","E","R","E","T","M","M","M","M","E","R","B",null,"M","M","$","?","?","E"],"character_chosen":"IRONCLAD","items_purchased":["Mercury Hourglass","Shockwave"],"campfire_rested":0,"item_purchase_floors":[20,20],"current_hp_per_floor":[80,80,77,80,80,80,80,58,58,65,73,63,64,56,56,43,80,59,48,48,42,27,0],"gold":188,"neow_bonus":"THREE_ENEMY_KILL","is_prod":false,"is_daily":false,"chose_seed":false,"campfire_upgraded":2,"win_rate":0,"timestamp":1559775204,"path_taken":["M","?","?","M","?","E","R","E","T","M","M","M","?","E","R","BOSS","M","M","$","?","?","E"],"build_version":"2019-01-23","purchased_purges":1,"victory":false,"max_hp_per_floor":[80,80,80,80,80,80,80,80,80,80,80,80,80,80,80,80,80,80,80,80,80,85,85],"card_choices":[{"not_picked":["Perfected Strike","Havoc"],"picked":"Carnage","floor":1},{"not_picked":["Cleave","Sword Boomerang"],"picked":"Pommel Strike","floor":4},{"not_picked":["Body Slam","Warcry"],"picked":"Burning Pact","floor":6},{"not_picked":["Inflame","Sentinel"],"picked":"Fire Breathing","floor":8},{"not_picked":["Burning Pact","Sword Boomerang"],"picked":"Uppercut","floor":10},{"not_picked":["Shrug It Off","Thunderclap"],"picked":"Combust","floor":11},{"not_picked":["Sword Boomerang","Dropkick"],"picked":"Battle Trance","floor":12},{"not_picked":["Anger","Sword Boomerang"],"picked":"Armaments","floor":13},{"not_picked":["Twin Strike","Headbutt"],"picked":"Bludgeon","floor":14},{"not_picked":["Berserk","Juggernaut"],"picked":"Offering","floor":16},{"not_picked":["Body Slam"],"picked":"SKIP","floor":18},{"not_picked":["Sword Boomerang"],"picked":"SKIP","floor":19}],"player_experience":106410,"relics_obtained":[{"floor":6,"key":"Meat on the Bone"},{"floor":8,"key":"Orichalcum"},{"floor":9,"key":"Blood Vial"},{"floor":14,"key":"Potion Belt"}],"event_choices":[{"damage_healed":0,"gold_gain":175,"player_choice":"AGREE","damage_taken":0,"max_hp_gain":0,"max_hp_loss":0,"event_name":"Liars Game","floor":2,"gold_loss":0,"cards_obtained":["Doubt"]},{"damage_healed":0,"gold_gain":0,"player_choice":"Success","damage_taken":3,"relics_obtained":["Sundial"],"max_hp_gain":0,"max_hp_loss":0,"event_name":"Scrap Ooze","floor":3,"gold_loss":0},{"damage_healed":0,"gold_gain":0,"player_choice":"Got Potions","damage_taken":0,"max_hp_gain":0,"max_hp_loss":0,"event_name":"Lab","floor":5,"gold_loss":0},{"damage_healed":0,"gold_gain":0,"player_choice":"Joined the Cult","damage_taken":6,"max_hp_gain":0,"max_hp_loss":0,"event_name":"Nest","floor":21,"gold_loss":0,"cards_obtained":["RitualDagger"]},{"damage_healed":0,"gold_gain":0,"player_choice":"Shed Blood","damage_taken":20,"max_hp_gain":5,"max_hp_loss":0,"event_name":"Forgotten Altar","floor":22,"gold_loss":0}],"is_beta":false,"boss_relics":[{"not_picked":["Fusion Hammer","Runic Dome"],"picked":"Busted Crown"}],"items_purged_floors":[20],"is_endless":false,"potions_floor_spawned":[1,6,8,14,16,19],"killed_by":"Gremlin Leader","ascension_level":2}