{"gold_per_floor":[119,119,69,244,262,294,294,15,15,33,59,59,82,95,95,192,192,157,157,157],"floor_reached":20,"playtime":913,"items_purged":[],"score":170,"play_id":"20bbc33c-b4c5-4190-8114-60483cddd318","local_time":"20181109160008","is_ascension_mode":false,"campfire_choices":[{"data":"Noxious Fumes","floor":7,"key":"SMITH"},{"floor":12,"key":"DIG"},{"floor":15,"key":"DIG"}],"neow_cost":"NONE","seed_source_timestamp":2547245354416657,"circlet_count":0,"master_deck":["Defend_G","Defend_G","Defend_G","Defend_G","Defend_G","Strike_G","Strike_G","Strike_G","Strike_G","Survivor","Neutralize","Infinite Blades","Doubt","Deadly Poison","Noxious Fumes+1","Blur","Dodge and Roll","Flechettes","Flying Knee","Adrenaline","Acrobatics+1"],"relics":["Ring of the Snake","Strawberry","Meat on the Bone","Art of War","Medical Kit","Shovel","Odd Mushroom","Centennial Puzzle","Orichalcum","Happy Flower","HoveringKite"],"potions_floor_usage":[11,11,16,18],"damage_taken":[{"damage":0,"enemies":"2 Louse","floor":1,"turns":2},{"damage":4,"enemies":"Jaw Worm","floor":5,"turns":6},{"damage":38,"enemies":"3 Sentries","floor":6,"turns":15},{"damage":5,"enemies":"Small Slimes","floor":10,"turns":3},{"damage":12,"enemies":"The Mushroom Lair","floor":11,"turns":5},{"damage":2,"enemies":"2 Fungi Beasts","floor":14,"turns":5},{"damage":28,"enemies":"Slime Boss","floor":16,"turns":9},{"damage":9,"enemies":"2 Thieves","floor":18,"turns":5},{"damage":13,"enemies":"Colosseum Slavers","floor":20,"turns":5},{"damage":59,"enemies":"Colosseum Nobs","floor":20,"turns":3}],"seed_played":"-3916740915135617949","potions_obtained":[{"floor":1,"key":"LiquidBronze"},{"floor":10,"key":"Swift Potion"},{"floor":14,"key":"Strength Potion"},{"floor":16,"key":"Fire Potion"}],"is_trial":false,"path_per_floor":["M","?","?","?","M","E","R","$","T","M","?","R","T","M","R","B",null,"M","$","?"],"character_chosen":"THE_SILENT","items_purchased":["Blur","Medical Kit"],"campfire_rested":0,"item_purchase_floors":[8,8],"current_hp_per_floor":[77,74,74,74,70,44,44,44,44,39,39,39,39,49,49,33,77,68,68,0],"gold":157,"neow_bonus":"RANDOM_COMMON_RELIC","is_prod":false,"is_daily":false,"chose_seed":false,"campfire_upgraded":1,"win_rate":0,"timestamp":1541800808,"path_taken":["M","?","?","?","M","E","R","$","T","M","?","R","?","?","R","BOSS","M","$","?"],"build_version":"2018-11-08","purchased_purges":0,"victory":false,"max_hp_per_floor":[77,77,77,77,77,77,77,77,77,77,77,77,77,77,77,77,77,77,77,77],"card_choices":[{"not_picked":["Choke","Dagger Spray"],"picked":"Infinite Blades","floor":1},{"not_picked":["Dagger Throw","Bouncing Flask"],"picked":"Deadly Poison","floor":5},{"not_picked":["Dodge and Roll","Heel Hook"],"picked":"Noxious Fumes","floor":6},{"not_picked":["Sucker Punch","Underhanded Strike"],"picked":"Dodge and Roll","floor":10},{"not_picked":["Blade Dance","Outmaneuver"],"picked":"Flechettes","floor":11},{"not_picked":["Deadly Poison","Terror"],"picked":"Flying Knee","floor":14},{"not_picked":["Burst","Storm of Steel"],"picked":"Adrenaline","floor":16},{"not_picked":["Well Laid Plans","Blur"],"picked":"Acrobatics+1","floor":18}],"player_experience":219699,"relics_obtained":[{"floor":6,"key":"Art of War"},{"floor":9,"key":"Shovel"},{"floor":11,"key":"Odd Mushroom"},{"floor":12,"key":"Centennial Puzzle"},{"floor":13,"key":"Orichalcum"},{"floor":15,"key":"Happy Flower"}],"event_choices":[{"damage_healed":0,"gold_gain":0,"player_choice":"Success","damage_taken":3,"relics_obtained":["Meat on the Bone"],"max_hp_gain":0,"max_hp_loss":0,"event_name":"Scrap Ooze","floor":2,"gold_loss":0},{"cards_removed":["Strike_G"],"damage_healed":0,"gold_gain":0,"player_choice":"Card Removal","damage_taken":0,"max_hp_gain":0,"max_hp_loss":0,"event_name":"The Cleric","floor":3,"gold_loss":50},{"damage_healed":0,"gold_gain":175,"player_choice":"AGREE","damage_taken":0,"max_hp_gain":0,"max_hp_loss":0,"event_name":"Liars Game","floor":4,"gold_loss":0,"cards_obtained":["Doubt"]},{"damage_healed":0,"gold_gain":0,"player_choice":"Fought Mushrooms","damage_taken":0,"max_hp_gain":0,"max_hp_loss":0,"event_name":"Mushrooms","floor":11,"gold_loss":0},{"damage_healed":0,"gold_gain":0,"player_choice":"Fight","damage_taken":0,"max_hp_gain":0,"max_hp_loss":0,"event_name":"Colosseum","floor":20,"gold_loss":0},{"damage_healed":0,"gold_gain":0,"player_choice":"Fought Nobs","damage_taken":0,"max_hp_gain":0,"max_hp_loss":0,"event_name":"Colosseum","floor":20,"gold_loss":0}],"is_beta":true,"boss_relics":[{"not_picked":["Snecko Eye","WristBlade"],"picked":"HoveringKite"}],"items_purged_floors":[],"is_endless":false,"potions_floor_spawned":[1,10,14,16,20],"killed_by":"Colosseum Nobs","ascension_level":0}