{"gold_per_floor":[116,9,84,96,110,110,110,110,136,1,1,1,1,16,16,114,114,134,134,120,140,159,187,187,41,67,67,67,0,14,26,26,121,121,132,151,162,162],"floor_reached":38,"playtime":4733,"items_purged":[],"score":411,"play_id":"2b57be48-1975-49ae-8550-52e46f48f31a","local_time":"20190910041159","is_ascension_mode":false,"campfire_choices":[{"floor":6.0,"key":"REST"},{"floor":8.0,"key":"REST"},{"data":"Rainbow","floor":11.0,"key":"SMITH"},{"data":"Genetic Algorithm","floor":13.0,"key":"SMITH"},{"data":"Hologram","floor":15.0,"key":"SMITH"},{"floor":24.0,"key":"REST"},{"floor":27.0,"key":"REST"},{"floor":32,"key":"REST"}],"neow_cost":"PERCENT_DAMAGE","seed_source_timestamp":46824251960143,"circlet_count":0,"master_deck":["Strike_B","Strike_B","Strike_B","Strike_B","Defend_B","Defend_B","Defend_B","Defend_B","Zap","Dualcast","Rainbow+1","Stack","Genetic Algorithm+1","Hello World","Auto Shields","Redo","Stack","FTL","Conserve Battery","Hologram+1","All For One","Defragment+1","Zap","Glacier","Gash","Steam","Melter+1","Buffer","J.A.X.","Scrape","Chill","Multi-Cast","Beam Cell+1","Ball Lightning","Glacier+1"],"special_seed":0,"relics":["Cracked Core","Oddly Smooth Stone","Boot","Lizard Tail","Centennial Puzzle","Orichalcum","Nuclear Battery"],"potions_floor_usage":[33],"damage_taken":[{"damage":3.0,"enemies":"Small Slimes","floor":1.0,"turns":4.0},{"damage":3.0,"enemies":"2 Louse","floor":4.0,"turns":4.0},{"damage":0.0,"enemies":"Jaw Worm","floor":5.0,"turns":4.0},{"damage":8.0,"enemies":"Blue Slaver","floor":14.0,"turns":4.0},{"damage":48.0,"enemies":"Hexaghost","floor":16.0,"turns":12.0},{"damage":12.0,"enemies":"3 Byrds","floor":18.0,"turns":5.0},{"damage":15.0,"enemies":"2 Thieves","floor":20.0,"turns":4.0},{"damage":17.0,"enemies":"Chosen and Byrds","floor":21.0,"turns":9.0},{"damage":6.0,"enemies":"Centurion and Healer","floor":22.0,"turns":9.0},{"damage":10.0,"enemies":"Slavers","floor":23.0,"turns":8.0},{"damage":13.0,"enemies":"Snecko","floor":30.0,"turns":6.0},{"damage":16,"enemies":"Shelled Parasite and Fungi","floor":31,"turns":14},{"damage":61,"enemies":"Collector","floor":33,"turns":19},{"damage":52,"enemies":"3 Shapes","floor":35,"turns":4},{"damage":9,"enemies":"Orb Walker","floor":36,"turns":4},{"damage":10,"enemies":"Jaw Worm Horde","floor":37,"turns":6},{"damage":7,"enemies":"Writhing Mass","floor":38,"turns":1}],"seed_played":"-4278894893177628024","potions_obtained":[{"floor":4.0,"key":"Poison Potion"},{"floor":14.0,"key":"Dexterity Potion"},{"floor":20.0,"key":"Fire Potion"},{"floor":21.0,"key":"Energy Potion"},{"floor":35,"key":"Regen Potion"},{"floor":36,"key":"SteroidPotion"}],"is_trial":false,"path_per_floor":["M","$","?","M","M","R","?","R","T","$","R","$","R","M","R","B",null,"M","?","M","M","M","E","R","$","T","R","?","?","M","M","R","B",null,"M","M","M","M"],"character_chosen":"DEFECT","items_purchased":["Genetic Algorithm","Hello World","Stack","FTL","Conserve Battery","Buffer"],"campfire_rested":5,"item_purchase_floors":[2,2,10,10,10,25],"current_hp_per_floor":[51,51,40,37,37,59,52,74,74,74,74,74,74,66,66,18,75,63,63,48,31,25,15,37,37,37,59,59,59,46,30,52,31,75,23,14,4,0],"gold":162,"neow_bonus":"THREE_RARE_CARDS","is_prod":false,"is_daily":false,"chose_seed":false,"campfire_upgraded":3,"win_rate":0,"timestamp":1568099519,"path_taken":["M","$","?","M","M","R","?","R","T","$","R","?","R","M","R","BOSS","M","?","?","M","M","E","R","$","T","R","?","?","M","M","R","BOSS","M","M","M","M"],"build_version":"2019-07-17","purchased_purges":0,"victory":false,"max_hp_per_floor":[75,75,75,75,75,75,75,75,75,75,75,75,75,75,75,75,75,75,75,75,75,75,75,75,75,75,75,75,75,75,75,75,75,75,75,75,75,75],"card_choices":[{"not_picked":["Thunder Strike","Electrodynamics"],"picked":"Rainbow","floor":0.0},{"not_picked":["White Noise","Go for the Eyes"],"picked":"Stack","floor":1.0},{"not_picked":["Beam Cell","Fusion"],"picked":"Auto Shields","floor":4.0},{"not_picked":["BootSequence","Lockon"],"picked":"Redo","floor":5.0},{"not_picked":["Loop","Streamline"],"picked":"Hologram","floor":14.0},{"not_picked":["Thunder Strike","Core Surge"],"picked":"All For One","floor":16.0},{"not_picked":["Rebound","Undo"],"picked":"Defragment+1","floor":18.0},{"not_picked":["Redo","Turbo+1"],"picked":"Glacier","floor":20.0},{"not_picked":["Compile Driver+1","Go for the Eyes"],"picked":"Gash","floor":21.0},{"not_picked":["Streamline","Barrage"],"picked":"Steam","floor":22.0},{"not_picked":["Static Discharge+1","Doom and Gloom"],"picked":"Melter+1","floor":23.0},{"not_picked":["Ball Lightning","Beam Cell"],"picked":"Scrape","floor":30},{"not_picked":["Conserve Battery","Leap"],"picked":"Chill","floor":31},{"not_picked":["Thunder Strike","Fission"],"picked":"Multi-Cast","floor":33},{"not_picked":["Turbo","Ball Lightning"],"picked":"Beam Cell+1","floor":35},{"not_picked":["Streamline+1","Force Field+1"],"picked":"Ball Lightning","floor":36},{"not_picked":["Loop","Cold Snap"],"picked":"Glacier+1","floor":37}],"player_experience":71012,"relics_obtained":[{"floor":9.0,"key":"Boot"},{"floor":23.0,"key":"Centennial Puzzle"},{"floor":26.0,"key":"Orichalcum"}],"event_choices":[{"damage_healed":0.0,"max_hp_gain":0.0,"max_hp_loss":0.0,"gold_gain":75.0,"event_name":"World of Goop","player_choice":"Gather Gold","floor":3.0,"gold_loss":0.0,"damage_taken":11.0},{"damage_healed":0.0,"max_hp_gain":0.0,"max_hp_loss":0.0,"gold_gain":0.0,"event_name":"Scrap Ooze","player_choice":"Success","floor":7.0,"gold_loss":0.0,"damage_taken":7.0,"relics_obtained":["Oddly Smooth Stone"]},{"damage_healed":0.0,"max_hp_gain":0.0,"max_hp_loss":0.0,"gold_gain":0.0,"event_name":"Match and Keep!","player_choice":"1 cards matched","floor":19.0,"gold_loss":0.0,"damage_taken":0.0,"cards_obtained":["Zap"]},{"damage_healed":0.0,"max_hp_gain":0.0,"max_hp_loss":0.0,"gold_gain":0.0,"event_name":"Drug Dealer","player_choice":"Obtain J.A.X.","floor":28.0,"gold_loss":0.0,"damage_taken":0.0,"cards_obtained":["J.A.X."]},{"damage_healed":0.0,"max_hp_gain":0.0,"max_hp_loss":0.0,"gold_gain":0.0,"event_name":"Masked Bandits","player_choice":"Paid Fearfully","floor":29.0,"gold_loss":67.0,"damage_taken":0.0}],"is_beta":false,"boss_relics":[{"not_picked":["Inserter","Astrolabe"],"picked":"Lizard Tail"},{"not_picked":["Philosopher\u0027s Stone","Coffee Dripper"],"picked":"Nuclear Battery"}],"items_purged_floors":[],"is_endless":false,"potions_floor_spawned":[4,14,20,21,30,35,36],"killed_by":"Writhing Mass","ascension_level":0}