{"path_per_floor":["M","?","?","M","M","R","E","M","T","?","M","R","M","?","R","B",null,"M","?","?","?","M","E"],"character_chosen":"THE_SILENT","items_purchased":[],"gold_per_floor":[10,10,10,25,36,36,71,90,90,90,108,108,121,121,121,246,246,265,265,265,265,288,331],"floor_reached":24,"campfire_rested":1,"playtime":1352,"current_hp_per_floor":[68,68,54,54,54,54,44,38,38,38,41,41,41,24,45,38,70,60,60,60,44,44,29],"items_purged":[],"gold":331,"play_id":"3264dd44-1ebc-4990-99d8-414b740faf5f","is_prod":false,"is_daily":false,"is_ascension_mode":false,"campfire_upgraded":2,"path_taken":["M","?","?","?","M","R","E","M","T","?","M","R","?","?","R","BOSS","M","?","?","?","M","E","M"],"build_version":"2018-01-30-BETA2","purchased_purges":0,"victory":false,"master_deck":["Survivor","Neutralize","Corpse Explosion","Flying Knee+1","Skewer","Poisoned Stab+1","Catalyst+1","Escape Plan","Unload","Poisoned Stab","Venomology","Calculated Gamble","Bane","Flying Knee","Dagger Throw","Poisoned Stab","Dash","Riddle With Holes","Sucker Punch","Prepared","Catalyst+1","Cloak And Dagger"],"max_hp_per_floor":[70,70,70,70,70,70,70,70,70,70,70,70,70,70,70,70,70,70,70,70,70,70,70],"relics":["Ring of the Snake","Lantern","Centennial Puzzle","Meat on the Bone","Golden Idol","Pandora\u0027s Box","Nilry\u0027s Codex","Prayer Wheel"],"card_choices":[{"not_picked":["Tools of the Trade","Phantasmal Killer"],"picked":"Corpse Explosion"},{"not_picked":["Quick Slash","Distraction"],"picked":"Flying Knee"},{"not_picked":["Sucker Punch","PiercingWail"],"picked":"Skewer"},{"not_picked":["Flying Knee","Underhanded Strike"],"picked":"Poisoned Stab"},{"not_picked":["Flechettes","Sucker Punch"],"picked":"Catalyst"},{"not_picked":["Dodge and Roll","Skewer"],"picked":"Escape Plan"},{"not_picked":["Leg Sweep","Finisher"],"picked":"Unload"},{"not_picked":["Acrobatics","Backflip"],"picked":"Poisoned Stab"},{"not_picked":["Bullet Time","Die Die Die"],"picked":"Venomology"},{"not_picked":["Outmaneuver","Endless Agony"],"picked":"Cloak And Dagger"}],"player_experience":70889,"potions_floor_usage":[7,16,22,22,23,24,24],"damage_taken":[{"damage":2,"enemies":"2 Louse","floor":1,"turns":3},{"damage":0,"enemies":"Blue Slaver","floor":4,"turns":4},{"damage":0,"enemies":"Jaw Worm","floor":5,"turns":3},{"damage":10,"enemies":"Gremlin Nob","floor":7,"turns":3},{"damage":6,"enemies":"2 Fungi Beasts","floor":8,"turns":2},{"damage":9,"enemies":"Exordium Thugs","floor":11,"turns":4},{"damage":0,"enemies":"Large Slime","floor":13,"turns":4},{"damage":7,"enemies":"Slime Boss","floor":16,"turns":7},{"damage":10,"enemies":"Chosen","floor":18,"turns":3},{"damage":0,"enemies":"2 Thieves","floor":22,"turns":3},{"damage":27,"enemies":"Slavers","floor":23,"turns":4},{"damage":33,"enemies":"Slaver and Parasite","floor":24,"turns":4}],"event_choices":[{"event_name":"Accursed Blacksmith","player_choice":"Rummage","floor":2,"damage_taken":0},{"event_name":"Shining Light","player_choice":"Entered Light","floor":3,"damage_taken":0},{"event_name":"The Lab","player_choice":"Got Potions","floor":10,"damage_taken":0},{"event_name":"Golden Idol","player_choice":"Take Damage","floor":14,"damage_taken":0},{"event_name":"Duplicator","player_choice":"One dupe","floor":19,"damage_taken":0},{"event_name":"Back to Basics","player_choice":"Elegance","floor":20,"damage_taken":0},{"event_name":"Cursed Tome","player_choice":"Obtained Book","floor":21,"damage_taken":0}],"boss_relics":[{"not_picked":["Orrery","Question Card"],"picked":"Pandora\u0027s Box"}],"potions_floor_spawned":[5,8,11,23],"seed_played":"2673914268748269887","killed_by":"Slaver and Parasite","ascension_level":0,"is_trial":false}