{"gold_per_floor":[111,111,125,200,200,225,238,238,238,257,267,298,298,316,316,418,418,435,435,435,449,466,500,516,516,543,570,582,582,599,609,609,710,710,729,749,766,766,239,239,264,264,264,290,309,343,362,379,379,379,379,379,2,28,28],"floor_reached":56,"playtime":3099,"items_purged":["Strike_R"],"score":1666,"play_id":"179c4041-08c0-4526-844e-9160f40c7fc7","local_time":"20190727122759","is_ascension_mode":true,"campfire_choices":[{"data":"Bash","floor":8,"key":"SMITH"},{"data":"Sword Boomerang","floor":13,"key":"SMITH"},{"data":"Flex","floor":15,"key":"SMITH"},{"floor":25,"key":"REST"},{"floor":29,"key":"RECALL"},{"floor":32,"key":"REST"},{"floor":40,"key":"REST"},{"floor":49,"key":"DIG"},{"floor":52,"key":"DIG"}],"neow_cost":"NONE","seed_source_timestamp":11571219353832,"circlet_count":0,"master_deck":["Strike_R+1","Strike_R+1","Strike_R","Defend_R","Defend_R","Defend_R","Defend_R","Bash+1","Headbutt","Pommel Strike","Clothesline","Offering+1","Sword Boomerang+1","Flex+1","Shrug It Off+1","Double Tap+1","Necronomicurse","Feel No Pain","Armaments","Body Slam+1","Battle Trance","Shockwave+1","True Grit+1","Burning Pact+1","Flame Barrier","Feed","Fiend Fire","Rage+1","Shrug It Off+1","Shrug It Off+1","Uppercut+1","Havoc+1","Warcry+1","Corruption","Limit Break","Inflame"],"relics":["Burning Blood","NeowsBlessing","Centennial Puzzle","Dream Catcher","Bottled Flame","Meat on the Bone","Fusion Hammer","Necronomicon","Pantograph","Bottled Tornado","Runic Pyramid","Red Skull","Self Forming Clay","Art of War","Potion Belt","Shovel","War Paint","Pear","Letter Opener","Happy Flower","Orichalcum","Whetstone"],"potions_floor_usage":[7,12,16,16,23,31,33,33,37,41,46,46,55,55],"damage_taken":[{"damage":0,"enemies":"Small Slimes","floor":1,"turns":1},{"damage":0,"enemies":"2 Louse","floor":3,"turns":1},{"damage":0,"enemies":"Gremlin Nob","floor":6,"turns":1},{"damage":2,"enemies":"Jaw Worm","floor":7,"turns":4},{"damage":10,"enemies":"2 Fungi Beasts","floor":10,"turns":2},{"damage":12,"enemies":"Exordium Thugs","floor":11,"turns":4},{"damage":16,"enemies":"3 Sentries","floor":12,"turns":6},{"damage":1,"enemies":"Blue Slaver","floor":14,"turns":2},{"damage":21,"enemies":"The Guardian","floor":16,"turns":9},{"damage":18,"enemies":"2 Thieves","floor":18,"turns":3},{"damage":3,"enemies":"Spheric Guardian","floor":21,"turns":3},{"damage":14,"enemies":"Centurion and Healer","floor":22,"turns":3},{"damage":42,"enemies":"Gremlin Leader","floor":23,"turns":6},{"damage":10,"enemies":"3 Cultists","floor":24,"turns":4},{"damage":20,"enemies":"Book of Stabbing","floor":27,"turns":4},{"damage":15,"enemies":"Snake Plant","floor":28,"turns":3},{"damage":19,"enemies":"Shelled Parasite and Fungi","floor":30,"turns":3},{"damage":25,"enemies":"Sentry and Sphere","floor":31,"turns":5},{"damage":45,"enemies":"Automaton","floor":33,"turns":8},{"damage":55,"enemies":"3 Shapes","floor":35,"turns":4},{"damage":6,"enemies":"Orb Walker","floor":36,"turns":2},{"damage":12,"enemies":"Sphere and 2 Shapes","floor":37,"turns":5},{"damage":22,"enemies":"Nemesis","floor":41,"turns":7},{"damage":57,"enemies":"Reptomancer","floor":44,"turns":4},{"damage":15,"enemies":"Transient","floor":45,"turns":5},{"damage":28,"enemies":"Giant Head","floor":46,"turns":6},{"damage":12,"enemies":"Writhing Mass","floor":47,"turns":3},{"damage":6,"enemies":"Maw","floor":48,"turns":6},{"damage":79,"enemies":"Time Eater","floor":50,"turns":13},{"damage":39,"enemies":"Shield and Spear","floor":54,"turns":5},{"damage":81,"enemies":"The Heart","floor":55,"turns":8}],"seed_played":"1000147400860815283","potions_obtained":[{"floor":3,"key":"Block Potion"},{"floor":7,"key":"Explosive Potion"},{"floor":12,"key":"EssenceOfSteel"},{"floor":14,"key":"SpeedPotion"},{"floor":22,"key":"Swift Potion"},{"floor":24,"key":"Energy Potion"},{"floor":28,"key":"SkillPotion"},{"floor":30,"key":"SpeedPotion"},{"floor":33,"key":"Poison Potion"},{"floor":35,"key":"GamblersBrew"},{"floor":36,"key":"FearPotion"},{"floor":45,"key":"BloodPotion"},{"floor":46,"key":"LiquidBronze"}],"is_trial":false,"path_per_floor":["M","?","M","?","?","E","M","R","T","M","M","E","R","M","R","B",null,"M","?","?","M","M","E","M","R","T","E","M","R","M","M","R","B",null,"M","M","M","?","$","R","E","?","T","E","M","E","M","M","R","B",null,"R","$","E","B",null],"character_chosen":"IRONCLAD","items_purchased":["Red Skull","Self Forming Clay","SkillPotion","Happy Flower","Limit Break","Orichalcum"],"campfire_rested":3,"item_purchase_floors":[39,39,39,53,53,53],"current_hp_per_floor":[78,71,77,66,54,60,64,64,64,60,54,44,44,49,49,46,72,60,44,44,47,51,27,35,59,59,57,48,48,47,40,64,57,77,43,55,52,52,52,79,66,66,66,27,30,43,49,61,71,35,86,86,86,65,27],"gold":28,"neow_bonus":"THREE_ENEMY_KILL","is_prod":false,"is_daily":false,"chose_seed":false,"campfire_upgraded":3,"win_rate":0,"timestamp":1564244879,"path_taken":["M","?","M","?","?","E","M","R","T","?","M","E","R","M","R","BOSS","M","?","?","M","M","E","M","R","T","E","M","R","?","M","R","BOSS","M","M","M","?","$","R","E","?","T","E","M","E","M","M","R","BOSS","R","$","E","BOSS"],"build_version":"2019-07-17","purchased_purges":1,"victory":true,"max_hp_per_floor":[80,80,80,80,80,80,80,80,80,80,80,80,80,80,80,80,80,80,80,80,80,80,80,80,80,80,80,80,80,80,80,80,84,84,87,87,90,90,90,90,93,93,93,93,93,93,93,93,103,103,103,103,103,103,103],"card_choices":[{"not_picked":["Wild Strike","Body Slam"],"picked":"Headbutt","floor":1},{"not_picked":["Body Slam","Perfected Strike"],"picked":"Pommel Strike","floor":3},{"not_picked":["Thunderclap","Metallicize"],"picked":"Clothesline","floor":6},{"not_picked":["Pommel Strike","Warcry"],"picked":"Offering","floor":7},{"not_picked":["Dual Wield","Cleave"],"picked":"Sword Boomerang","floor":10},{"not_picked":["Body Slam","Heavy Blade"],"picked":"Flex","floor":11},{"not_picked":["True Grit","Rupture"],"picked":"Shrug It Off","floor":12},{"not_picked":["Ghostly Armor","Entrench","Intimidate"],"picked":"SKIP","floor":14},{"not_picked":["Brutality","Offering"],"picked":"Double Tap","floor":16},{"not_picked":["Evolve","Iron Wave","Thunderclap"],"picked":"SKIP","floor":18},{"not_picked":["Perfected Strike+1","Clash"],"picked":"Feel No Pain","floor":21},{"not_picked":["Rampage","Combust"],"picked":"Armaments","floor":22},{"not_picked":["Demon Form","Wild Strike"],"picked":"Body Slam+1","floor":23},{"not_picked":["Flex","Clash+1","Body Slam"],"picked":"SKIP","floor":24},{"not_picked":["Warcry+1","Inflame+1"],"picked":"Battle Trance","floor":25},{"not_picked":["Disarm+1","Clothesline"],"picked":"Shockwave+1","floor":27},{"not_picked":["Perfected Strike","Clothesline"],"picked":"True Grit+1","floor":28},{"not_picked":["Headbutt","Warcry"],"picked":"Burning Pact+1","floor":30},{"not_picked":["Perfected Strike+1","Intimidate"],"picked":"Flame Barrier","floor":31},{"not_picked":["Clothesline","Shrug It Off+1"],"picked":"Feed","floor":32},{"not_picked":["Double Tap","Barricade"],"picked":"Fiend Fire","floor":33},{"not_picked":["Headbutt","Armaments"],"picked":"Rage+1","floor":35},{"not_picked":["Headbutt","Sword Boomerang","Blood for Blood+1"],"picked":"SKIP","floor":36},{"not_picked":["Havoc+1","Sever Soul+1"],"picked":"Shrug It Off+1","floor":37},{"not_picked":["Pommel Strike+1","Carnage"],"picked":"Infernal Blade+1","floor":40},{"not_picked":["Clash","Pommel Strike+1"],"picked":"Shrug It Off+1","floor":41},{"not_picked":["True Grit+1","Metallicize","Iron Wave"],"picked":"SKIP","floor":44},{"not_picked":["Power Through+1","Havoc+1"],"picked":"Uppercut+1","floor":45},{"not_picked":["Double Tap","Carnage"],"picked":"Havoc+1","floor":46},{"not_picked":["Cleave","Wild Strike+1"],"picked":"Warcry+1","floor":47},{"not_picked":["Thunderclap+1","Corruption","Clothesline+1"],"picked":"SKIP","floor":48},{"not_picked":["Thunderclap+1","Clothesline+1"],"picked":"Corruption","floor":48},{"not_picked":["Anger","Pommel Strike"],"picked":"Inflame","floor":54}],"player_experience":320096,"relics_obtained":[{"floor":6,"key":"Dream Catcher"},{"floor":9,"key":"Bottled Flame"},{"floor":12,"key":"Meat on the Bone"},{"floor":19,"key":"Necronomicon"},{"floor":23,"key":"Pantograph"},{"floor":27,"key":"Bottled Tornado"},{"floor":41,"key":"Art of War"},{"floor":43,"key":"Potion Belt"},{"floor":44,"key":"Shovel"},{"floor":46,"key":"War Paint"},{"floor":49,"key":"Pear"},{"floor":52,"key":"Letter Opener"},{"floor":54,"key":"Whetstone"}],"event_choices":[{"cards_removed":["Strike_R"],"damage_healed":0,"gold_gain":0,"player_choice":"Card Removal","damage_taken":7,"max_hp_gain":0,"max_hp_loss":0,"event_name":"Golden Wing","floor":2,"gold_loss":0},{"damage_healed":0,"gold_gain":75,"player_choice":"Gather Gold","damage_taken":11,"max_hp_gain":0,"max_hp_loss":0,"event_name":"World of Goop","floor":4,"gold_loss":0},{"damage_healed":0,"gold_gain":0,"player_choice":"Success","damage_taken":12,"relics_obtained":["Centennial Puzzle"],"max_hp_gain":0,"max_hp_loss":0,"event_name":"Scrap Ooze","floor":5,"gold_loss":0},{"damage_healed":0,"gold_gain":0,"player_choice":"Obtained Book","damage_taken":16,"max_hp_gain":0,"max_hp_loss":0,"event_name":"Cursed Tome","floor":19,"gold_loss":0},{"damage_healed":0,"gold_gain":0,"player_choice":"Upgraded","damage_taken":0,"max_hp_gain":0,"max_hp_loss":0,"event_name":"Upgrade Shrine","floor":20,"gold_loss":0,"cards_upgraded":["Double Tap"]},{"damage_healed":0,"gold_gain":0,"player_choice":"Ignored","damage_taken":0,"max_hp_gain":0,"max_hp_loss":0,"event_name":"Tomb of Lord Red Mask","floor":38,"gold_loss":0},{"cards_removed":["Infernal Blade"],"damage_healed":0,"gold_gain":0,"player_choice":"Removed Skill","damage_taken":0,"max_hp_gain":0,"max_hp_loss":0,"event_name":"Falling","floor":42,"gold_loss":0}],"is_beta":false,"boss_relics":[{"not_picked":["Pandora\u0027s Box","Busted Crown"],"picked":"Fusion Hammer"},{"not_picked":["Runic Cube","Velvet Choker"],"picked":"Runic Pyramid"}],"items_purged_floors":[39],"is_endless":false,"potions_floor_spawned":[3,7,12,14,22,24,28,30,33,35,36,45,46],"ascension_level":7}