{"gold_per_floor":[118,128,139,139,149,149,175,191,191,218,218,218,245,310,310,405,405,425,441,37,64,75,103,103,130,142,154,181,226,256,268,280,292],"floor_reached":33,"playtime":1690,"items_purged":["Strike_R"],"score":464,"play_id":"abd0c332-a467-44c9-bd49-c363bcf82498","local_time":"20190722203517","is_ascension_mode":true,"campfire_choices":[{"data":"True Grit","floor":6,"key":"SMITH"},{"floor":11,"key":"REST"},{"data":"Uppercut","floor":15,"key":"SMITH"},{"floor":24,"key":"REST"},{"floor":27,"key":"REST"},{"data":"Shrug It Off","floor":32,"key":"SMITH"}],"neow_cost":"NONE","seed_source_timestamp":11382528189832,"circlet_count":0,"master_deck":["Strike_R","Strike_R","Strike_R","Strike_R","Defend_R","Defend_R+1","Defend_R","Defend_R+1","Bash+1","Shrug It Off+1","True Grit+1","Rampage","Shockwave","Uppercut+1","Demon Form","Iron Wave","Iron Wave","Feed","Battle Trance","Chrysalis","Disarm+1","Sentinel+1","Cleave","Metallicize+1","Clothesline","Pommel Strike"],"relics":["Burning Blood","Smiling Mask","The Courier","FossilizedHelix","Matryoshka","Pear","Velvet Choker","Letter Opener","Red Mask","Pantograph","MawBank","Oddly Smooth Stone","Shuriken","Darkstone Periapt","Singing Bowl"],"potions_floor_usage":[7,8,13,18,23,25,29,33],"damage_taken":[{"damage":1,"enemies":"Cultist","floor":1,"turns":4},{"damage":7,"enemies":"Jaw Worm","floor":2,"turns":3},{"damage":0,"enemies":"Small Slimes","floor":3,"turns":4},{"damage":0,"enemies":"2 Fungi Beasts","floor":5,"turns":5},{"damage":17,"enemies":"Gremlin Nob","floor":7,"turns":4},{"damage":8,"enemies":"3 Louse","floor":8,"turns":4},{"damage":37,"enemies":"Lagavulin","floor":10,"turns":7},{"damage":8,"enemies":"Gremlin Nob","floor":13,"turns":4},{"damage":17,"enemies":"Lagavulin Event","floor":14,"turns":6},{"damage":15,"enemies":"Hexaghost","floor":16,"turns":8},{"damage":12,"enemies":"3 Byrds","floor":18,"turns":5},{"damage":22,"enemies":"Spheric Guardian","floor":19,"turns":5},{"damage":37,"enemies":"Masked Bandits","floor":21,"turns":6},{"damage":18,"enemies":"Snake Plant","floor":22,"turns":6},{"damage":18,"enemies":"Gremlin Leader","floor":23,"turns":7},{"damage":24,"enemies":"Slavers","floor":25,"turns":6},{"damage":4,"enemies":"Centurion and Healer","floor":28,"turns":8},{"damage":11,"enemies":"Book of Stabbing","floor":29,"turns":6},{"damage":22,"enemies":"3 Cultists","floor":30,"turns":7},{"damage":66,"enemies":"Automaton","floor":33,"turns":6}],"seed_played":"-2342537368173710669","potions_obtained":[{"floor":1,"key":"EssenceOfSteel"},{"floor":7,"key":"Block Potion"},{"floor":10,"key":"Fire Potion"},{"floor":13,"key":"Explosive Potion"},{"floor":21,"key":"SkillPotion"},{"floor":23,"key":"AttackPotion"},{"floor":25,"key":"Dexterity Potion"},{"floor":30,"key":"AttackPotion"}],"is_trial":false,"path_per_floor":["M","M","M","?","M","R","E","M","T","E","R","?","E","?","R","B",null,"M","M","$","?","M","E","R","E","T","R","M","E","M","?","R","B"],"character_chosen":"IRONCLAD","items_purchased":["Letter Opener","Chrysalis"],"campfire_rested":3,"item_purchase_floors":[20,20],"current_hp_per_floor":[77,76,80,64,70,70,59,57,57,26,50,55,53,52,52,43,82,79,63,63,35,23,11,41,23,23,53,58,56,40,40,40,0],"gold":292,"neow_bonus":"UPGRADE_CARD","is_prod":false,"is_daily":false,"chose_seed":false,"campfire_upgraded":3,"win_rate":0,"timestamp":1563842117,"path_taken":["M","M","M","?","M","R","E","M","T","E","R","?","E","?","R","BOSS","M","M","$","?","M","E","R","E","T","R","M","E","M","?","R","BOSS"],"build_version":"2019-07-17","purchased_purges":1,"victory":false,"max_hp_per_floor":[80,80,80,80,80,80,80,80,80,80,80,85,85,95,95,95,95,98,98,98,101,101,101,101,101,101,101,104,107,107,107,107,107],"card_choices":[{"not_picked":["Second Wind","Pommel Strike"],"picked":"Shrug It Off","floor":1},{"not_picked":["Burning Pact","Armaments"],"picked":"True Grit","floor":2},{"not_picked":["Perfected Strike","Wild Strike","Twin Strike"],"picked":"SKIP","floor":3},{"not_picked":["Flex","Body Slam"],"picked":"Rampage","floor":5},{"not_picked":["Corruption","Twin Strike"],"picked":"Shockwave","floor":7},{"not_picked":["Heavy Blade","Fire Breathing"],"picked":"Uppercut","floor":8},{"not_picked":["Barricade","Clash"],"picked":"Demon Form","floor":10},{"not_picked":["Berserk","Infernal Blade"],"picked":"Iron Wave","floor":13},{"not_picked":["Perfected Strike","Cleave"],"picked":"Iron Wave","floor":14},{"not_picked":["Brutality","Dark Embrace"],"picked":"Feed","floor":16},{"not_picked":["Metallicize+1","Dropkick"],"picked":"Battle Trance","floor":18},{"not_picked":["Wild Strike+1","Perfected Strike","Havoc"],"picked":"SKIP","floor":19},{"not_picked":["Havoc","Body Slam"],"picked":"Disarm+1","floor":21},{"not_picked":["Wild Strike","Burning Pact"],"picked":"Sentinel+1","floor":22},{"not_picked":["Anger","Juggernaut"],"picked":"Cleave","floor":23},{"not_picked":["Armaments+1","Cleave"],"picked":"Metallicize+1","floor":25},{"not_picked":["Corruption","Evolve+1"],"picked":"Clothesline","floor":28},{"not_picked":["Rage","Infernal Blade"],"picked":"Pommel Strike","floor":29},{"not_picked":["Clash","Headbutt","Thunderclap"],"picked":"SKIP","floor":30}],"player_experience":311003,"relics_obtained":[{"floor":7,"key":"Smiling Mask"},{"floor":9,"key":"The Courier"},{"floor":10,"key":"FossilizedHelix"},{"floor":13,"key":"Matryoshka"},{"floor":14,"key":"Pear"},{"floor":21,"key":"Red Mask"},{"floor":23,"key":"Pantograph"},{"floor":25,"key":"MawBank"},{"floor":26,"key":"Oddly Smooth Stone"},{"floor":26,"key":"Shuriken"},{"floor":29,"key":"Darkstone Periapt"}],"event_choices":[{"damage_healed":0,"gold_gain":0,"player_choice":"Entered Light","damage_taken":16,"max_hp_gain":0,"max_hp_loss":0,"event_name":"Shining Light","floor":4,"gold_loss":0,"cards_upgraded":["Defend_R","Defend_R"]},{"damage_healed":0,"gold_gain":0,"player_choice":"Donut","damage_taken":0,"max_hp_gain":5,"max_hp_loss":0,"event_name":"Big Fish","floor":12,"gold_loss":0},{"damage_healed":0,"gold_gain":0,"player_choice":"Searched \u00271\u0027 times","damage_taken":0,"max_hp_gain":0,"max_hp_loss":0,"event_name":"Dead Adventurer","floor":14,"gold_loss":0},{"damage_healed":0,"gold_gain":0,"player_choice":"Fought Bandits","damage_taken":0,"max_hp_gain":0,"max_hp_loss":0,"event_name":"Masked Bandits","floor":21,"gold_loss":0},{"damage_healed":0,"gold_gain":0,"player_choice":"Opened","damage_taken":0,"relics_obtained":["Singing Bowl"],"max_hp_gain":0,"max_hp_loss":0,"event_name":"The Mausoleum","floor":31,"gold_loss":0}],"is_beta":false,"boss_relics":[{"not_picked":["Lizard Tail","Runic Pyramid"],"picked":"Velvet Choker"}],"items_purged_floors":[20],"is_endless":false,"potions_floor_spawned":[1,7,10,13,21,23,25,30],"killed_by":"Automaton","ascension_level":7}