{"path_per_floor":["M","M","M","M","M","E","R","E","T","R","E","?","M","M","R","B",null,"M","?","M","$"],"character_chosen":"IRONCLAD","items_purchased":["Blood Vial","Membership Card","Strawberry","Thinking Ahead","Fire Potion"],"gold_per_floor":[114,130,143,160,177,512,512,538,593,593,628,580,597,614,614,712,742,759,759,775,43],"floor_reached":22,"campfire_rested":3,"playtime":3073,"current_hp_per_floor":[67,71,70,68,52,22,46,25,25,49,23,23,24,24,49,8,91,24,24,12,19],"items_purged":["Defend_R"],"gold":43,"play_id":"6bd12c14-6e1e-4136-b2fb-97293929fd9d","is_prod":false,"is_daily":false,"is_ascension_mode":false,"campfire_upgraded":0,"path_taken":["M","M","M","M","M","E","R","E","T","R","E","?","M","M","R","BOSS","M","?","M","$","?"],"build_version":"2018-01-23-BETA1","purchased_purges":1,"victory":false,"master_deck":["Strike_R","Strike_R","Strike_R","Strike_R","Strike_R","Defend_R","Defend_R","Defend_R","Bash","Headbutt","Dropkick","Burning Pact","Shrug It Off","Perfected Strike","Iron Wave","Shrug It Off","Feed","Corruption","Rampage","Body Slam","Berserk","Thunderclap","Thinking Ahead"],"max_hp_per_floor":[80,80,80,80,80,80,80,80,80,80,80,80,83,86,86,86,91,91,91,91,98],"relics":["Burning Blood","Old Coin","Peace Pipe","War Paint","Dream Catcher","Tiny House","Blood Vial","Membership Card","Strawberry"],"card_choices":[{"not_picked":["Sword Boomerang","Rupture"],"picked":"Headbutt"},{"not_picked":["Bloodletting","Iron Wave"],"picked":"Dropkick"},{"not_picked":["Inflame","Perfected Strike"],"picked":"Burning Pact"},{"not_picked":["Clash","Warcry"],"picked":"Shrug It Off"},{"not_picked":["Flex","Searing Blow"],"picked":"Perfected Strike"},{"not_picked":["Twin Strike","Disarm"],"picked":"Iron Wave"},{"not_picked":["Searing Blow","Pummel"],"picked":"Shrug It Off"},{"not_picked":["Armaments","Reckless Charge"],"picked":"Feed"},{"not_picked":["Iron Wave","Warcry"],"picked":"Corruption"},{"not_picked":["Anger","Pummel"],"picked":"Rampage"},{"not_picked":["Sword Boomerang","Sever Soul"],"picked":"Body Slam"},{"not_picked":["Offering","Juggernaut"],"picked":"Berserk"},{"not_picked":["Clash","True Grit"],"picked":"Thunderclap"}],"player_experience":0,"potions_floor_usage":[6,6,11,16,16,20,22,22,22],"damage_taken":[{"damage":19,"enemies":"Jaw Worm","floor":1,"turns":8},{"damage":2,"enemies":"Small Slimes","floor":2,"turns":4},{"damage":7,"enemies":"Blue Slaver","floor":3,"turns":3},{"damage":8,"enemies":"2 Fungi Beasts","floor":4,"turns":3},{"damage":22,"enemies":"Exordium Thugs","floor":5,"turns":6},{"damage":36,"enemies":"Lagavulin","floor":6,"turns":6},{"damage":27,"enemies":"Gremlin Nob","floor":8,"turns":5},{"damage":32,"enemies":"Lagavulin","floor":11,"turns":10},{"damage":8,"enemies":"Gremlin Gang","floor":13,"turns":5},{"damage":9,"enemies":"2 Fungi Beasts","floor":14,"turns":2},{"damage":62,"enemies":"The Guardian","floor":16,"turns":12},{"damage":73,"enemies":"Spheric Guardian","floor":18,"turns":10},{"damage":18,"enemies":"Shell Parasite","floor":20,"turns":7},{"damage":40,"enemies":"Snecko","floor":22,"turns":6}],"event_choices":[{"event_name":"World of Goop","player_choice":"Left","floor":12,"damage_taken":0},{"event_name":"Drug Dealer","player_choice":"Ignored","floor":19,"damage_taken":0}],"boss_relics":[{"not_picked":["Runic Pyramid","Orrery"],"picked":"Tiny House"}],"potions_floor_spawned":[2,3,6,8,11,16,20],"seed_played":"-1080409153969677584","killed_by":"Snecko","ascension_level":0,"is_trial":false}