{"gold_per_floor":[109,34,51,51,67,67,85,85,85,85,120,120,135,149,149,248,248,259,276,276,291,120,120,137,137,137,59,77,91,91,106,106,211,211,225,240,252,252,52,52,69,83,83,183,183,198,211,224,224,224],"floor_reached":51,"playtime":2355,"items_purged":["Strike_B","Strike_B","Defend_B"],"score":707,"play_id":"90ef0dc0-c0d5-4254-85f8-691eb3a021cb","local_time":"20190910161947","is_ascension_mode":false,"campfire_choices":[{"data":"Zap","floor":6,"key":"SMITH"},{"data":"Dualcast","floor":8,"key":"SMITH"},{"data":"Conserve Battery","floor":10,"key":"SMITH"},{"data":"Cold Snap","floor":15,"key":"SMITH"},{"data":"Loop","floor":23,"key":"SMITH"},{"data":"White Noise","floor":25,"key":"SMITH"},{"data":"Defragment","floor":30,"key":"SMITH"},{"floor":32,"key":"REST"},{"data":"Defragment","floor":40,"key":"SMITH"},{"data":"Defragment","floor":45,"key":"SMITH"},{"floor":49,"key":"REST"}],"neow_cost":"NONE","seed_source_timestamp":276261580239899,"circlet_count":0,"master_deck":["Strike_B","Strike_B","Defend_B","Defend_B","Zap+1","Dualcast+1","Cold Snap+1","Conserve Battery+1","White Noise+1","Glacier","Melter","Heatsinks","Leap+1","Ball Lightning+1","Loop+1","Defragment+1","BootSequence+1","Double Energy+1","Biased Cognition","Fusion","Defragment+1","Defragment+1","Conserve Battery"],"relics":["Cracked Core","Dodecahedron","Ice Cream","Pantograph","Inserter","Letter Opener","SacredBark","Cables"],"potions_floor_usage":[11,18,28,41,48,50],"damage_taken":[{"damage":0,"enemies":"Jaw Worm","floor":1,"turns":3},{"damage":0,"enemies":"Cultist","floor":3,"turns":3},{"damage":0,"enemies":"Small Slimes","floor":5,"turns":3},{"damage":0,"enemies":"Looter","floor":7,"turns":4},{"damage":1,"enemies":"Lagavulin","floor":11,"turns":6},{"damage":6,"enemies":"Red Slaver","floor":13,"turns":2},{"damage":14,"enemies":"Large Slime","floor":14,"turns":5},{"damage":38,"enemies":"Hexaghost","floor":16,"turns":14},{"damage":0,"enemies":"3 Byrds","floor":18,"turns":4},{"damage":8,"enemies":"Chosen","floor":19,"turns":6},{"damage":23,"enemies":"3 Cultists","floor":21,"turns":8},{"damage":10,"enemies":"Centurion and Healer","floor":24,"turns":6},{"damage":4,"enemies":"Snake Plant","floor":28,"turns":5},{"damage":5,"enemies":"3 Cultists","floor":29,"turns":5},{"damage":7,"enemies":"Shelled Parasite and Fungi","floor":31,"turns":6},{"damage":0,"enemies":"Automaton","floor":33,"turns":12},{"damage":2,"enemies":"3 Shapes","floor":35,"turns":4},{"damage":7,"enemies":"Orb Walker","floor":36,"turns":5},{"damage":22,"enemies":"Spire Growth","floor":37,"turns":3},{"damage":8,"enemies":"Transient","floor":41,"turns":5},{"damage":0,"enemies":"Maw","floor":42,"turns":8},{"damage":10,"enemies":"Writhing Mass","floor":46,"turns":6},{"damage":0,"enemies":"Transient","floor":47,"turns":5},{"damage":24,"enemies":"Jaw Worm Horde","floor":48,"turns":5},{"damage":30,"enemies":"Time Eater","floor":50,"turns":11}],"seed_played":"834259688624649991","potions_obtained":[{"floor":1,"key":"Explosive Potion"},{"floor":3,"key":"Weak Potion"},{"floor":18,"key":"SteroidPotion"},{"floor":19,"key":"Energy Potion"},{"floor":24,"key":"GamblersBrew"},{"floor":29,"key":"SkillPotion"},{"floor":33,"key":"Energy Potion"},{"floor":42,"key":"Block Potion"}],"is_trial":false,"path_per_floor":["M","$","M","?","M","R","M","R","T","R","E","T","M","M","R","B",null,"M","M","?","M","$","R","M","R","T","$","M","M","R","M","R","B",null,"M","M","M","?","$","R","M","M","T","?","R","M","M","M","R","B",null],"character_chosen":"DEFECT","items_purchased":["Loop","Defragment","Defragment"],"campfire_rested":2,"item_purchase_floors":[22,27,39],"current_hp_per_floor":[75,75,75,80,80,80,80,80,80,80,79,79,73,59,59,42,80,80,72,72,49,49,49,39,39,39,39,35,30,30,23,47,72,80,78,71,49,49,49,49,41,41,41,41,41,31,31,7,31,26],"gold":224,"neow_bonus":"THREE_CARDS","is_prod":false,"is_daily":false,"chose_seed":false,"campfire_upgraded":9,"win_rate":0,"timestamp":1568099987,"path_taken":["M","$","M","?","M","R","M","R","T","R","E","?","M","?","R","BOSS","M","M","?","M","$","R","M","R","T","$","?","M","R","M","R","BOSS","M","?","M","?","$","R","M","M","T","?","R","M","?","M","R","BOSS"],"build_version":"2019-09-09v2","purchased_purges":3,"victory":true,"max_hp_per_floor":[75,75,75,80,80,80,80,80,80,80,80,80,80,80,80,80,80,80,80,80,80,80,80,80,80,80,80,80,80,80,80,80,80,80,80,80,80,80,80,80,80,80,80,80,80,80,80,80,80,80],"card_choices":[{"not_picked":["Force Field","Stack"],"picked":"Cold Snap","floor":0},{"not_picked":["Auto Shields","Steam","Compile Driver"],"picked":"SKIP","floor":1},{"not_picked":["Cold Snap","Tempest"],"picked":"Conserve Battery","floor":3},{"not_picked":["Gash","Reboot"],"picked":"White Noise","floor":5},{"not_picked":["Hello World","Turbo","Beam Cell"],"picked":"SKIP","floor":7},{"not_picked":["Sweeping Beam","Self Repair"],"picked":"Glacier","floor":11},{"not_picked":["Go for the Eyes","Lockon"],"picked":"Melter","floor":13},{"not_picked":["Thunder Strike","Steam Power"],"picked":"Heatsinks","floor":14},{"not_picked":["Multi-Cast","All For One"],"picked":"Core Surge","floor":16},{"not_picked":["Beam Cell","Gash"],"picked":"Leap+1","floor":18},{"not_picked":["Barrage+1","Cold Snap+1","Steam"],"picked":"SKIP","floor":19},{"not_picked":["Streamline","Steam+1"],"picked":"Ball Lightning+1","floor":21},{"not_picked":["Cold Snap+1","Turbo+1","Coolheaded+1"],"picked":"SKIP","floor":24},{"not_picked":["Sunder","Hyperbeam"],"picked":"BootSequence+1","floor":28},{"not_picked":["Static Discharge","Doom and Gloom"],"picked":"Double Energy+1","floor":29},{"not_picked":["Skim+1","Stack+1","Sweeping Beam"],"picked":"SKIP","floor":31},{"not_picked":["Multi-Cast","Meteor Strike"],"picked":"Biased Cognition","floor":33},{"not_picked":["Ball Lightning","Hello World+1"],"picked":"Fusion","floor":35},{"not_picked":["Sweeping Beam","BootSequence+1"],"picked":"Defragment","floor":36},{"not_picked":["Rip and Tear+1","Coolheaded+1","Streamline+1"],"picked":"SKIP","floor":37},{"not_picked":["Cold Snap","Genetic Algorithm","Doom and Gloom"],"picked":"SKIP","floor":41},{"not_picked":["Redo","Gash","Steam"],"picked":"SKIP","floor":42},{"not_picked":["Streamline+1","Skim","Scrape"],"picked":"SKIP","floor":46},{"not_picked":["Turbo","Leap","Genetic Algorithm"],"picked":"SKIP","floor":47},{"not_picked":["Conserve Battery","All For One","Sweeping Beam"],"picked":"SKIP","floor":48},{"not_picked":["All For One","Sweeping Beam"],"picked":"Conserve Battery","floor":48}],"player_experience":405955,"relics_obtained":[{"floor":9,"key":"Dodecahedron"},{"floor":11,"key":"Ice Cream"},{"floor":12,"key":"Pantograph"},{"floor":26,"key":"Letter Opener"},{"floor":43,"key":"Cables"}],"event_choices":[{"damage_healed":0,"gold_gain":0,"player_choice":"Donut","damage_taken":0,"max_hp_gain":5,"max_hp_loss":0,"event_name":"Big Fish","floor":4,"gold_loss":0},{"cards_removed":["Defend_B"],"damage_healed":0,"gold_gain":0,"player_choice":"Purged","damage_taken":0,"max_hp_gain":0,"max_hp_loss":0,"event_name":"Purifier","floor":20,"gold_loss":0},{"cards_removed":["Core Surge"],"damage_healed":0,"gold_gain":0,"player_choice":"Removed Attack","damage_taken":0,"max_hp_gain":0,"max_hp_loss":0,"event_name":"Falling","floor":38,"gold_loss":0},{"damage_healed":0,"gold_gain":100,"player_choice":"Pray","damage_taken":0,"max_hp_gain":0,"max_hp_loss":0,"event_name":"Golden Shrine","floor":44,"gold_loss":0}],"is_beta":true,"boss_relics":[{"not_picked":["Cursed Key","Nuclear Battery"],"picked":"Inserter"},{"not_picked":["Fusion Hammer","Runic Pyramid"],"picked":"SacredBark"}],"items_purged_floors":[2,22,39],"is_endless":false,"potions_floor_spawned":[1,3,18,19,24,29,31,33,35,42],"ascension_level":0}