{"path_per_floor":["M","?","$","?","M","E","R","M","T","M","R","M","M","$","R","B",null,"M","$","M","?","M","R","?","?","T","E","R","M","R","M","R","B",null,"M","?","M","?","M","R","?","R","T","M","M","M","$","M","R"],"character_chosen":"IRONCLAD","items_purchased":["Flex","Anger","Flex","Strength Potion","Metallicize","Battle Trance","Rampage","Fire Potion","Iron Wave","Swift Potion","Bandage Up","Whirlwind"],"gold_per_floor":[118,118,42,42,65,103,103,118,141,166,166,186,201,56,56,180,180,195,8,24,24,38,38,38,38,63,103,103,122,122,140,140,271,271,294,294,313,313,331,331,331,331,331,355,369,394,29,45,45],"floor_reached":50,"campfire_rested":4,"playtime":3256,"current_hp_per_floor":[75,55,55,55,54,46,46,52,59,62,62,64,67,67,87,59,87,83,83,82,82,66,66,87,87,87,57,71,79,79,87,101,41,101,101,101,76,76,55,85,85,85,85,76,46,49,49,42,72],"items_purged":["Strike_R"],"gold":45,"score":492,"play_id":"10c5d620-0b79-4b6a-b17f-d053afa6daea","local_time":"20180305222624","is_prod":false,"is_daily":false,"is_ascension_mode":false,"campfire_upgraded":0,"timestamp":1520285184,"path_taken":["M","?","$","?","?","E","R","?","T","?","R","M","M","$","R","BOSS","M","$","M","?","?","R","?","?","T","E","R","M","R","M","R","BOSS","M","?","M","?","M","R","?","R","T","M","M","M","$","M","R","BOSS"],"build_version":"2018-03-01-PROD1","purchased_purges":1,"victory":false,"master_deck":["Strike_R","Strike_R","Strike_R","Strike_R","Defend_R","Defend_R","Defend_R","Defend_R","Bash","Bludgeon","Dropkick","Flex","Anger","Flex","Clash","Sever Soul","Clash","Pummel","Uppercut","Flex","Metallicize","Limit Break","Inflame+1","Battle Trance","Rampage","Thunderclap","Fire Breathing+1","Flex+1","Sword Boomerang+1","Heavy Blade+1","Impervious","Armaments+1","Offering","Bash","Sword Boomerang","Battle Trance+1","Corruption+1","Headbutt+1","Berserk","Power Through+1","Iron Wave","Bandage Up","Whirlwind","Iron Wave+1"],"max_hp_per_floor":[80,80,80,80,80,80,80,80,87,87,87,87,87,87,87,87,87,87,87,87,87,87,87,87,87,87,87,101,101,101,101,101,101,101,101,101,101,101,101,101,101,101,101,101,101,101,101,101,101],"relics":["Burning Blood","Golden Idol","Shovel","Ancient Tea Set","Strawberry","Runic Dome","Nloth\u0027s Gift","Blood Vial","Prayer Wheel","Anchor","Mango","Torii","Mark of Pain","Lantern","Frozen Eye"],"card_choices":[{"not_picked":["Infernal Blade","Warcry"],"picked":"Dropkick"},{"not_picked":["Dual Wield","Heavy Blade"],"picked":"Flex"},{"not_picked":["Twin Strike","Headbutt"],"picked":"Clash"},{"not_picked":["Iron Wave","Seeing Red"],"picked":"Sever Soul"},{"not_picked":["Hemokinesis","Dark Embrace"],"picked":"Clash"},{"not_picked":["Armaments","Rage"],"picked":"Pummel"},{"not_picked":["Clothesline","Flex"],"picked":"Uppercut"},{"not_picked":["Brutality","Bludgeon"],"picked":"Limit Break"},{"not_picked":["Burning Pact","Armaments"],"picked":"Inflame"},{"not_picked":["True Grit","Headbutt"],"picked":"Thunderclap"},{"not_picked":["Combust","Shrug It Off"],"picked":"Fire Breathing"},{"not_picked":["Bludgeon","Fiend Fire"],"picked":"Flex"},{"not_picked":["True Grit","Reckless Charge"],"picked":"Sword Boomerang"},{"not_picked":["Sword Boomerang","Warcry"],"picked":"Heavy Blade"},{"not_picked":["Reaper","Barricade"],"picked":"Impervious"},{"not_picked":["Headbutt","Flex"],"picked":"Armaments"},{"not_picked":["Clothesline","Heavy Blade"],"picked":"Sword Boomerang"},{"not_picked":["Combust","Shockwave"],"picked":"Battle Trance"},{"not_picked":["Headbutt","Armaments"],"picked":"Corruption"},{"not_picked":["Metallicize","Heavy Blade"],"picked":"Headbutt"},{"not_picked":["Heavy Blade","Twin Strike"],"picked":"Berserk"},{"not_picked":["Cleave","Blood for Blood"],"picked":"Power Through"},{"not_picked":["Sword Boomerang","Second Wind"],"picked":"Iron Wave"}],"player_experience":17071,"potions_floor_usage":[6,16,16,20,33,33,39,39,44,44,46,50,50,50],"damage_taken":[{"damage":11,"enemies":"Jaw Worm","floor":1,"turns":2},{"damage":7,"enemies":"2 Louse","floor":5,"turns":3},{"damage":14,"enemies":"3 Sentries","floor":6,"turns":6},{"damage":0,"enemies":"Cultist","floor":8,"turns":2},{"damage":3,"enemies":"Red Slaver","floor":10,"turns":2},{"damage":4,"enemies":"Gremlin Gang","floor":12,"turns":3},{"damage":3,"enemies":"Large Slime","floor":13,"turns":4},{"damage":46,"enemies":"Hexaghost","floor":16,"turns":8},{"damage":10,"enemies":"Spheric Guardian","floor":18,"turns":3},{"damage":7,"enemies":"2 Thieves","floor":20,"turns":3},{"damage":22,"enemies":"Sentry and Sphere","floor":22,"turns":4},{"damage":36,"enemies":"Book of Stabbing","floor":27,"turns":4},{"damage":0,"enemies":"Snake Plant","floor":29,"turns":1},{"damage":0,"enemies":"Cultist and Chosen","floor":31,"turns":4},{"damage":66,"enemies":"Collector","floor":33,"turns":7},{"damage":0,"enemies":"Orb Walker","floor":35,"turns":2},{"damage":31,"enemies":"3 Darklings","floor":37,"turns":4},{"damage":29,"enemies":"Sphere and 2 Shapes","floor":39,"turns":4},{"damage":26,"enemies":"Maw","floor":44,"turns":6},{"damage":38,"enemies":"3 Darklings","floor":45,"turns":5},{"damage":5,"enemies":"Sphere and 2 Shapes","floor":46,"turns":3},{"damage":15,"enemies":"4 Shapes","floor":48,"turns":2},{"damage":87,"enemies":"Donu and Deca","floor":50,"turns":5}],"event_choices":[{"event_name":"Golden Idol","player_choice":"Take Damage","floor":2,"damage_taken":0},{"event_name":"Liars Game","player_choice":"disagreed","floor":4,"damage_taken":0},{"event_name":"N\u0027loth","player_choice":"Traded a Meat on the Bone","floor":21,"damage_taken":0},{"event_name":"The Library","player_choice":"Heal","floor":24,"damage_taken":0},{"event_name":"Beggar","player_choice":"Ignored","floor":25,"damage_taken":0},{"event_name":"Match and Keep!","player_choice":"2 cards matched","floor":36,"damage_taken":0},{"event_name":"Tomb of Lord Red Mask","player_choice":"Ignored","floor":38,"damage_taken":0},{"event_name":"The Lab","player_choice":"Got Potions","floor":41,"damage_taken":0}],"boss_relics":[{"not_picked":["Ectoplasm","Question Card"],"picked":"Runic Dome"},{"not_picked":["Snecko Eye","Runic Pyramid"],"picked":"Mark of Pain"}],"potions_floor_spawned":[1,6,8,18,22,33,37,45,48],"seed_played":"3890787571767389885","killed_by":"Donu and Deca","ascension_level":0,"is_trial":false}