{"gold_per_floor":[118,138,156,133,120,147,161,161,184,184,198,198,212,142,142,246,246,256,272,272,272,291,291,70,70,93,107,11,27,27,45,45,144,144,154,169,185,201,218,218,235,235,235,246,246,265,265,280,280,280],"floor_reached":51,"playtime":9261,"items_purged":[],"score":659,"play_id":"d04bff76-6991-4945-b84b-d064bfeb41ed","local_time":"20190910021735","is_ascension_mode":false,"campfire_choices":[{"floor":8,"key":"REST"},{"floor":10,"key":"REST"},{"floor":12,"key":"REST"},{"data":"Genetic Algorithm","floor":15,"key":"SMITH"},{"floor":23,"key":"REST"},{"floor":25,"key":"REST"},{"floor":32,"key":"REST"},{"floor":40,"key":"REST"},{"floor":42,"key":"REST"},{"floor":47,"key":"REST"},{"floor":49,"key":"REST"}],"neow_cost":"NONE","seed_source_timestamp":35412458296459,"circlet_count":0,"master_deck":["Strike_B+1","Strike_B+1","Strike_B+1","Strike_B+1","Defend_B+1","Defend_B+1","Defend_B+1","Defend_B+1","Zap","Dualcast","Genetic Algorithm+1","Redo","Genetic Algorithm","White Noise","Stack","Gash","Multi-Cast","Ball Lightning","Recycle","Doom and Gloom","Conserve Battery","Coolheaded","Buffer","Skim","Glacier","Hologram","Apotheosis+1","Coolheaded","Defragment","Redo","Defragment","Auto Shields","Buffer","Buffer","Redo","Hologram+1","Darkness+1","Sweeping Beam+1","Undo+1","Stack+1","Core Surge","Hologram","Rebound+1"],"relics":["Cracked Core","Bag of Marbles","Happy Flower","Lizard Tail","Enchiridion","Ancient Tea Set","Kunai","Inserter","Bottled Flame"],"potions_floor_usage":[50],"damage_taken":[{"damage":1,"enemies":"Cultist","floor":1,"turns":4},{"damage":11,"enemies":"Small Slimes","floor":2,"turns":4},{"damage":1,"enemies":"Jaw Worm","floor":3,"turns":4},{"damage":3,"enemies":"Exordium Thugs","floor":5,"turns":5},{"damage":30,"enemies":"3 Sentries","floor":6,"turns":7},{"damage":8,"enemies":"Red Slaver","floor":7,"turns":4},{"damage":1,"enemies":"Exordium Wildlife","floor":11,"turns":3},{"damage":5,"enemies":"Lots of Slimes","floor":13,"turns":4},{"damage":59,"enemies":"Hexaghost","floor":16,"turns":12},{"damage":23,"enemies":"3 Byrds","floor":18,"turns":6},{"damage":3,"enemies":"Chosen","floor":19,"turns":6},{"damage":0,"enemies":"Snake Plant","floor":22,"turns":5},{"damage":0,"enemies":"Cultist and Chosen","floor":27,"turns":7},{"damage":4,"enemies":"Centurion and Healer","floor":29,"turns":8},{"damage":18,"enemies":"Shelled Parasite and Fungi","floor":31,"turns":6},{"damage":70,"enemies":"Automaton","floor":33,"turns":22},{"damage":1,"enemies":"3 Shapes","floor":35,"turns":4},{"damage":2,"enemies":"Orb Walker","floor":36,"turns":4},{"damage":7,"enemies":"Maw","floor":37,"turns":9},{"damage":22,"enemies":"4 Shapes","floor":38,"turns":10},{"damage":33,"enemies":"3 Darklings","floor":39,"turns":11},{"damage":44,"enemies":"Sphere and 2 Shapes","floor":41,"turns":6},{"damage":16,"enemies":"Spire Growth","floor":44,"turns":8},{"damage":15,"enemies":"Transient","floor":46,"turns":5},{"damage":13,"enemies":"Jaw Worm Horde","floor":48,"turns":4},{"damage":39,"enemies":"Time Eater","floor":50,"turns":15}],"seed_played":"8420860952146715933","potions_obtained":[{"floor":1,"key":"Ancient Potion"},{"floor":2,"key":"Energy Potion"},{"floor":13,"key":"GamblersBrew"}],"is_trial":false,"path_per_floor":["M","M","M","$","M","E","M","R","T","R","M","R","M","$","R","B",null,"M","M","?","?","M","R","$","R","T","M","$","M","T","M","R","B",null,"M","M","M","M","M","R","M","R","T","M","?","M","R","M","R","B",null],"character_chosen":"DEFECT","items_purchased":["Stack","Conserve Battery","Coolheaded","Apotheosis","Coolheaded","Redo","Defragment"],"campfire_rested":10,"item_purchase_floors":[4,14,14,24,24,28,28],"current_hp_per_floor":[74,63,62,62,59,29,21,43,43,65,64,75,70,70,70,11,75,52,49,49,33,33,55,55,75,75,75,75,71,71,53,75,5,75,74,72,65,43,10,32,33,55,55,39,39,24,46,33,55,16],"gold":280,"neow_bonus":"THREE_CARDS","is_prod":false,"is_daily":false,"chose_seed":false,"campfire_upgraded":1,"win_rate":0.0,"timestamp":1568092655,"path_taken":["M","M","M","$","?","E","M","R","T","R","M","R","M","$","R","BOSS","M","M","?","?","?","R","?","R","T","M","$","M","?","M","R","BOSS","M","M","M","?","M","R","?","R","T","?","?","M","R","?","R","BOSS"],"build_version":"2019-07-17","purchased_purges":0,"victory":true,"max_hp_per_floor":[75,75,75,75,75,75,75,75,75,75,75,75,75,75,75,75,75,75,75,75,75,75,75,75,75,75,75,75,75,75,75,75,75,75,75,75,75,75,75,75,75,75,75,75,75,75,75,75,75,75],"card_choices":[{"not_picked":["Darkness","Skim"],"picked":"Genetic Algorithm","floor":0},{"not_picked":["Auto Shields","Ball Lightning"],"picked":"Redo","floor":1},{"not_picked":["Rebound","Conserve Battery"],"picked":"Genetic Algorithm","floor":2},{"not_picked":["Barrage","Turbo"],"picked":"White Noise","floor":3},{"not_picked":["Rebound","Compile Driver"],"picked":"Gash","floor":5},{"not_picked":["Rebound","Static Discharge"],"picked":"Multi-Cast","floor":6},{"not_picked":["Streamline","Leap"],"picked":"Ball Lightning","floor":7},{"not_picked":["Chaos","Tempest"],"picked":"Recycle","floor":11},{"not_picked":["Turbo","Streamline"],"picked":"Doom and Gloom","floor":13},{"not_picked":["Amplify","Reboot"],"picked":"Buffer","floor":16},{"not_picked":["Steam","Ball Lightning"],"picked":"Skim","floor":18},{"not_picked":["Ball Lightning","Capacitor"],"picked":"Glacier","floor":19},{"not_picked":["Doom and Gloom","Streamline"],"picked":"Hologram","floor":22},{"not_picked":["Undo+1","Self Repair+1"],"picked":"Defragment","floor":27},{"not_picked":["Tempest","Steam+1"],"picked":"Auto Shields","floor":29},{"not_picked":["FTL+1","BootSequence"],"picked":"Buffer","floor":31},{"not_picked":["Fission","Core Surge"],"picked":"Buffer","floor":33},{"not_picked":["Hello World","Rebound+1"],"picked":"Redo","floor":35},{"not_picked":["Barrage","Ball Lightning"],"picked":"Hologram+1","floor":36},{"not_picked":["Coolheaded+1","Compile Driver+1"],"picked":"Darkness+1","floor":37},{"not_picked":["Beam Cell","Blizzard"],"picked":"Sweeping Beam+1","floor":38},{"not_picked":["Ball Lightning+1","Gash"],"picked":"Undo+1","floor":39},{"not_picked":["Hologram","Beam Cell+1"],"picked":"Stack+1","floor":41},{"not_picked":["Cold Snap+1","Rebound+1"],"picked":"Core Surge","floor":44},{"not_picked":["Streamline","Beam Cell"],"picked":"Hologram","floor":46},{"not_picked":["Static Discharge","Compile Driver"],"picked":"Rebound+1","floor":48}],"player_experience":61751,"relics_obtained":[{"floor":6,"key":"Bag of Marbles"},{"floor":9,"key":"Happy Flower"},{"floor":21,"key":"Enchiridion"},{"floor":26,"key":"Ancient Tea Set"},{"floor":30,"key":"Kunai"},{"floor":43,"key":"Bottled Flame"}],"event_choices":[{"damage_healed":0,"gold_gain":0,"player_choice":"Simplicity","damage_taken":0,"max_hp_gain":0,"max_hp_loss":0,"event_name":"Back to Basics","floor":20,"gold_loss":0,"cards_upgraded":["Strike_B","Strike_B","Strike_B","Strike_B","Defend_B","Defend_B","Defend_B","Defend_B"]},{"damage_healed":0,"gold_gain":0,"player_choice":"Obtained Book","damage_taken":16,"max_hp_gain":0,"max_hp_loss":0,"event_name":"Cursed Tome","floor":21,"gold_loss":0},{"damage_healed":0,"gold_gain":0,"player_choice":"Forge","damage_taken":0,"max_hp_gain":0,"max_hp_loss":0,"event_name":"Accursed Blacksmith","floor":45,"gold_loss":0,"cards_upgraded":["Apotheosis"]}],"is_beta":false,"boss_relics":[{"not_picked":["Coffee Dripper","Runic Dome"],"picked":"Lizard Tail"},{"not_picked":["Calling Bell","Astrolabe"],"picked":"Inserter"}],"items_purged_floors":[],"is_endless":false,"potions_floor_spawned":[1,2,13,22,29,35,37,38],"ascension_level":0}