{"gold_per_floor":[119,119,41,58,71,81,81,30,30,65,85,85,97,97,97,199,199,216,233,245,18,18,18,29,29,53,53,53,53,53,53,53,155,155,172,187,187,187,187,187,218,235,281,295,295,310,310,53,53,53],"floor_reached":51,"playtime":2034,"items_purged":["Strike_R","Shame"],"score":750,"play_id":"0521f909-ad40-478b-9094-dea28600be1e","local_time":"20190909200543","is_ascension_mode":false,"campfire_choices":[{"data":"Inflame","floor":7.0,"key":"SMITH"},{"data":"Armaments","floor":12.0,"key":"SMITH"},{"data":"Anger","floor":15.0,"key":"SMITH"},{"data":"Feel No Pain","floor":23,"key":"SMITH"},{"data":"Feed","floor":27,"key":"SMITH"},{"data":"Shockwave","floor":29,"key":"SMITH"},{"data":"Fiend Fire","floor":32,"key":"SMITH"},{"data":"Disarm","floor":40,"key":"SMITH"},{"floor":49,"key":"REST"}],"neow_cost":"","seed_source_timestamp":0,"circlet_count":0,"master_deck":["Defend_R","Defend_R","Defend_R","Defend_R","Bash","Inflame+1","Feel No Pain+1","Shockwave+1","Twin Strike","Headbutt","Shrug It Off","Anger+1","Armaments+1","Iron Wave","Feed+1","Heavy Blade","Shrug It Off+1","Clothesline","Fiend Fire+1","Bite","Bite","Bite","Bite","Bite","Dark Embrace","Disarm+1","Blind","Dark Shackles","Sword Boomerang+1","Parasite","Flame Barrier+1","Madness","Madness"],"special_seed":0,"relics":["Burning Blood","Pen Nib","Shuriken","CultistMask","Runic Pyramid","Enchiridion","Centennial Puzzle","Juzu Bracelet","Velvet Choker","MealTicket","Bronze Scales","Bag of Preparation"],"potions_floor_usage":[33,33,50,50,50],"damage_taken":[{"damage":5.0,"enemies":"Small Slimes","floor":1.0,"turns":4.0},{"damage":1.0,"enemies":"Cultist","floor":4.0,"turns":3.0},{"damage":1.0,"enemies":"2 Louse","floor":5.0,"turns":3.0},{"damage":33.0,"enemies":"Gremlin Gang","floor":6.0,"turns":7.0},{"damage":18.0,"enemies":"Lagavulin","floor":10.0,"turns":7.0},{"damage":6.0,"enemies":"Blue Slaver","floor":11.0,"turns":3.0},{"damage":2.0,"enemies":"Large Slime","floor":13.0,"turns":5.0},{"damage":15.0,"enemies":"The Guardian","floor":16.0,"turns":13.0},{"damage":12,"enemies":"Shell Parasite","floor":18,"turns":6},{"damage":1,"enemies":"Chosen","floor":19,"turns":4},{"damage":7,"enemies":"Snake Plant","floor":20,"turns":4},{"damage":0,"enemies":"Shelled Parasite and Fungi","floor":24,"turns":5},{"damage":83,"enemies":"Collector","floor":33,"turns":11},{"damage":4,"enemies":"Orb Walker","floor":35,"turns":2},{"damage":9,"enemies":"3 Shapes","floor":36,"turns":6},{"damage":52,"enemies":"Reptomancer","floor":41,"turns":9},{"damage":11,"enemies":"Spire Growth","floor":42,"turns":3},{"damage":4,"enemies":"Maw","floor":44,"turns":6},{"damage":37,"enemies":"Writhing Mass","floor":46,"turns":7},{"damage":57,"enemies":"Donu and Deca","floor":50,"turns":7}],"seed_played":"-4598258583229885825","potions_obtained":[{"floor":1.0,"key":"FearPotion"},{"floor":6.0,"key":"SpeedPotion"},{"floor":13.0,"key":"LiquidBronze"},{"floor":16.0,"key":"DuplicationPotion"},{"floor":20,"key":"Fire Potion"},{"floor":38,"key":"Ancient Potion"},{"floor":38,"key":"Weak Potion"},{"floor":41,"key":"EntropicBrew"}],"is_trial":false,"path_per_floor":["M","?","$","M","M","M","R","$","T","E","M","R","M","?","R","B",null,"M","M","M","$","?","R","M","?","T","R","?","R","?","$","R","B",null,"M","M","?","?","?","R","E","M","T","M","?","M","?","$","R","B",null],"character_chosen":"IRONCLAD","items_purchased":["Feel No Pain","Shrug It Off","Fiend Fire","Bag of Preparation"],"campfire_rested":1,"item_purchase_floors":[3,8,21,48],"current_hp_per_floor":[80,80,80,80,80,53,53,53,53,41,41,41,45,45,45,36,80,78,86,88,88,72,72,81,65,65,65,65,65,65,65,65,12,65,65,66,56,56,56,56,35,38,38,55,55,38,28,43,67,31],"gold":53,"neow_bonus":"","is_prod":false,"is_daily":false,"chose_seed":false,"campfire_upgraded":8,"win_rate":0,"timestamp":1568073943,"path_taken":["M","?","?","M","M","?","R","?","T","E","M","R","M","?","R","BOSS","M","?","M","$","?","R","M","?","T","R","?","R","?","$","R","BOSS","M","M","?","?","?","R","E","M","T","M","?","M","?","?","R","BOSS"],"build_version":"2019-09-09v2","purchased_purges":2,"victory":true,"max_hp_per_floor":[80,80,80,80,80,80,80,80,80,80,80,80,80,80,80,80,80,84,87,90,90,90,90,93,65,65,65,65,65,65,65,65,65,65,65,69,69,69,69,69,73,73,73,77,77,81,81,81,81,81],"card_choices":[{"not_picked":["Sword Boomerang","Pommel Strike"],"picked":"Inflame","floor":1.0},{"not_picked":["Bloodletting","Shrug It Off"],"picked":"Shockwave","floor":4.0},{"not_picked":["Combust","Thunderclap"],"picked":"Twin Strike","floor":5.0},{"not_picked":["Dropkick","Thunderclap"],"picked":"Headbutt","floor":6.0},{"not_picked":["Berserk","Metallicize"],"picked":"Anger","floor":10.0},{"not_picked":["Searing Blow","Shockwave"],"picked":"Armaments","floor":11.0},{"not_picked":["Flex","Perfected Strike"],"picked":"Iron Wave","floor":13.0},{"not_picked":["Juggernaut","Demon Form"],"picked":"Feed","floor":16.0},{"not_picked":["Warcry","Inflame"],"picked":"Heavy Blade","floor":18},{"not_picked":["Cleave","Feel No Pain+1"],"picked":"Shrug It Off+1","floor":19},{"not_picked":["Iron Wave","Dropkick+1"],"picked":"Clothesline","floor":20},{"not_picked":["Feel No Pain","Flex","Bludgeon"],"picked":"SKIP","floor":24},{"not_picked":["Impervious","Barricade"],"picked":"Dark Embrace","floor":33},{"not_picked":["Anger","Heavy Blade+1"],"picked":"Disarm","floor":35},{"not_picked":["Wild Strike","Rupture+1","Sentinel+1"],"picked":"SKIP","floor":36},{"not_picked":["Good Instincts","Trip"],"picked":"Blind","floor":37},{"not_picked":["Impatience","HandOfGreed"],"picked":"Purity","floor":37},{"not_picked":["Flash of Steel","Deep Breath"],"picked":"Dark Shackles","floor":37},{"not_picked":["Armaments","Power Through"],"picked":"Sword Boomerang+1","floor":41},{"not_picked":["Ghostly Armor","True Grit","Hemokinesis"],"picked":"SKIP","floor":42},{"not_picked":["Power Through","Anger","Blood for Blood"],"picked":"SKIP","floor":44},{"not_picked":["Flex+1","Blood for Blood"],"picked":"Flame Barrier+1","floor":46}],"player_experience":361523,"relics_obtained":[{"floor":9.0,"key":"Pen Nib"},{"floor":10.0,"key":"Shuriken"},{"floor":22,"key":"Enchiridion"},{"floor":26,"key":"Centennial Puzzle"},{"floor":41,"key":"MealTicket"},{"floor":43,"key":"Bronze Scales"}],"event_choices":[{"cards_removed":["Strike_R"],"damage_healed":0.0,"max_hp_gain":0.0,"max_hp_loss":0.0,"gold_gain":0.0,"event_name":"Purifier","player_choice":"Purged","floor":2.0,"gold_loss":0.0,"damage_taken":0.0},{"damage_healed":0.0,"max_hp_gain":0.0,"max_hp_loss":0.0,"gold_gain":0.0,"event_name":"FaceTrader","player_choice":"Trade","floor":14.0,"gold_loss":0.0,"damage_taken":0.0,"relics_obtained":["CultistMask"]},{"damage_healed":0,"gold_gain":0,"player_choice":"Obtained Book","damage_taken":16,"max_hp_gain":0,"max_hp_loss":0,"event_name":"Cursed Tome","floor":22,"gold_loss":0},{"damage_healed":0,"gold_gain":0,"player_choice":"Became a vampire","damage_taken":0,"max_hp_gain":0,"max_hp_loss":28,"event_name":"Vampires","floor":25,"gold_loss":0,"cards_obtained":["Bite","Bite","Bite","Bite","Bite"]},{"damage_healed":0,"gold_gain":0,"player_choice":"Stole Relic","damage_taken":0,"relics_obtained":["Juzu Bracelet"],"max_hp_gain":0,"max_hp_loss":0,"event_name":"Addict","floor":28,"gold_loss":0,"cards_obtained":["Shame"]},{"damage_healed":0,"gold_gain":0,"player_choice":"Ignored","damage_taken":0,"max_hp_gain":0,"max_hp_loss":0,"event_name":"Ghosts","floor":30,"gold_loss":0},{"damage_healed":0,"gold_gain":0,"player_choice":"Memory 3","damage_taken":10,"max_hp_gain":0,"max_hp_loss":0,"event_name":"SensoryStone","floor":37,"gold_loss":0},{"damage_healed":0,"gold_gain":0,"player_choice":"Got Potions","damage_taken":0,"max_hp_gain":0,"max_hp_loss":0,"event_name":"Lab","floor":38,"gold_loss":0},{"damage_healed":0,"gold_gain":0,"player_choice":"Ignored","damage_taken":0,"max_hp_gain":0,"max_hp_loss":0,"event_name":"Tomb of Lord Red Mask","floor":39,"gold_loss":0},{"cards_removed":["Purity"],"damage_healed":0,"gold_gain":0,"player_choice":"Removed Skill","damage_taken":0,"max_hp_gain":0,"max_hp_loss":0,"event_name":"Falling","floor":45,"gold_loss":0},{"damage_healed":0,"gold_gain":0,"player_choice":"Embrace Madness","damage_taken":10,"max_hp_gain":0,"max_hp_loss":0,"event_name":"Winding Halls","floor":47,"gold_loss":0,"cards_obtained":["Madness","Madness"]}],"is_beta":true,"boss_relics":[{"not_picked":["Astrolabe","SacredBark"],"picked":"Runic Pyramid"},{"not_picked":["Tiny House","Black Blood"],"picked":"Velvet Choker"}],"items_purged_floors":[21,48],"is_endless":false,"potions_floor_spawned":[1,6,13,16,20,41,42,44],"ascension_level":0}