{"path_per_floor":["M","M","?","M","?","R","?","R","T","$","M","E","$","M","R","B",null,"M","?","T","M","$","R","M","?","T","$","E","R","M","M","R","B",null,"M","$","M","?","M","R","E","R","T","?","M","E","M","M","R","B"],"character_chosen":"IRONCLAD","items_purchased":["Flex","Ice Cream","Feel No Pain"],"gold_per_floor":[114,129,129,144,144,144,194,194,219,97,112,142,42,57,57,157,157,172,189,264,279,154,154,154,254,304,4,34,34,49,64,64,164,164,179,109,124,124,169,169,199,199,224,255,270,300,315,330,330,330],"floor_reached":51,"campfire_rested":0,"playtime":2367,"item_purchase_floors":[10,27,36],"current_hp_per_floor":[80,80,62,77,82,82,85,85,85,85,85,85,85,85,85,57,92,91,92,92,92,92,92,92,92,92,92,84,84,90,92,92,81,92,92,92,92,88,98,98,100,100,100,102,102,102,99,90,90,53],"items_purged":["Strike_R","Defend_R","Strike_R"],"gold":330,"score":877,"play_id":"f5f6d9b3-0d77-43b4-ab0d-a4889af30c8e","local_time":"20180524020154","daily_mods":["Brewmaster","Lethality","Vintage"],"is_prod":false,"is_daily":true,"chose_seed":false,"is_ascension_mode":false,"campfire_upgraded":9,"win_rate":0,"timestamp":1527120114,"campfire_choices":[{"data":"Venomology","floor":6,"key":"SMITH"},{"data":"Venomology","floor":8,"key":"SMITH"},{"data":"Flex","floor":15,"key":"SMITH"},{"data":"Venomology","floor":23,"key":"SMITH"},{"data":"Venomology","floor":29,"key":"SMITH"},{"data":"Flex","floor":32,"key":"SMITH"},{"data":"Offering","floor":40,"key":"SMITH"},{"data":"Sword Boomerang","floor":42,"key":"SMITH"},{"data":"Fiend Fire","floor":49,"key":"SMITH"}],"path_taken":["M","?","?","M","?","R","?","R","T","?","M","E","$","M","R","BOSS","M","?","?","?","$","R","M","?","T","$","E","R","M","M","R","BOSS","M","$","?","?","M","R","E","R","T","?","M","E","M","M","R","BOSS"],"build_version":"2018-05-23","seed_source_timestamp":0,"purchased_purges":3,"victory":true,"master_deck":["Strike_R","Strike_R","Strike_R","Defend_R","Defend_R","Defend_R+1","Bash","Venomology+1","Venomology+1","Venomology+1","Venomology+1","Venomology+1","Thunderclap","Flex+1","Iron Wave","Offering+1","Flex+1","Sword Boomerang+1","Thunderclap","Spot Weakness","Iron Wave","Fiend Fire+1","Feel No Pain","Double Tap+1"],"max_hp_per_floor":[80,80,80,80,85,85,85,85,85,85,85,85,85,85,85,92,92,92,92,92,92,92,92,92,92,92,92,92,92,92,92,92,92,92,92,92,92,98,98,98,100,100,100,102,102,102,102,102,102,102],"relics":["Burning Blood","White Beast Statue","Happy Flower","Bag of Preparation","Bronze Scales","Lantern","Bottled Flame","Art of War","Meat on the Bone","Boot","War Paint","Strawberry","Orrery","Potion Belt","Red Mask","Question Card","Darkstone Periapt","Ancient Tea Set","Ice Cream","Toolbox","Regal Pillow","Singing Bowl","Bag of Marbles","Philosopher\u0027s Stone","Oddly Smooth Stone","Paper Frog","Tiny Chest","Blue Candle","Vajra","Sundial","Champion Belt","Toxic Egg 2","Centennial Puzzle","Mercury Hourglass"],"card_choices":[{"not_picked":["Headbutt","Clash"],"picked":"Thunderclap","floor":7},{"not_picked":["Sentinel","Blood for Blood"],"picked":"Iron Wave","floor":12},{"not_picked":["Feed","Bludgeon"],"picked":"Offering","floor":16},{"not_picked":["Perfected Strike","Shrug It Off"],"picked":"Flex","floor":17},{"not_picked":["Perfected Strike","Hemokinesis"],"picked":"Sword Boomerang","floor":17},{"not_picked":["Wild Strike","Second Wind"],"picked":"Thunderclap","floor":17},{"not_picked":["Clash","Clothesline"],"picked":"Spot Weakness","floor":19},{"not_picked":["Body Slam","Shrug It Off","Juggernaut"],"picked":"Iron Wave","floor":28},{"not_picked":["Immolate","Offering","Feed"],"picked":"Fiend Fire","floor":33},{"not_picked":["Good Instincts","Deep Breath","Enlightenment","Secret Technique"],"picked":"Singing Bowl","floor":38},{"not_picked":["Magnetism","Good Instincts","Jack Of All Trades","Bandage Up"],"picked":"Singing Bowl","floor":38},{"not_picked":["Good Instincts","Sadistic Nature","Blind","Enlightenment"],"picked":"Singing Bowl","floor":38},{"not_picked":["Shrug It Off+1","Juggernaut","Fire Breathing","Perfected Strike+1"],"picked":"Singing Bowl","floor":41},{"not_picked":["Pommel Strike","Disarm+1","Anger","Burning Pact"],"picked":"Singing Bowl","floor":44},{"not_picked":["Perfected Strike+1","Power Through","Warcry"],"picked":"Double Tap","floor":46}],"player_experience":86609,"potions_floor_usage":[1,2,4,4,4,4,7,7,7,11,11,11,11,12,12,12,12,12,14,14,14,16,16,16,16,16,16,16,18,18,18,19,19,19,21,24,28,28,28,28,28,30,30,31,31,31,31,31,31,31,31,31,33,33,33,33,33,35,35,35,37,39,39,41,41,41,44,44,44,45,45,46,46,46,46,46,46,47,48,48,48,50,50,50,50,50,50],"damage_taken":[{"damage":0,"enemies":"Cultist","floor":1,"turns":2},{"damage":3,"enemies":"2 Louse","floor":2,"turns":2},{"damage":0,"enemies":"Small Slimes","floor":4,"turns":3},{"damage":0,"enemies":"Gremlin Nob","floor":7,"turns":2},{"damage":0,"enemies":"Exordium Wildlife","floor":11,"turns":3},{"damage":1,"enemies":"3 Sentries","floor":12,"turns":5},{"damage":0,"enemies":"3 Louse","floor":14,"turns":1},{"damage":41,"enemies":"Hexaghost","floor":16,"turns":7},{"damage":12,"enemies":"Shell Parasite","floor":18,"turns":2},{"damage":4,"enemies":"Masked Bandits","floor":19,"turns":1},{"damage":0,"enemies":"2 Thieves","floor":21,"turns":1},{"damage":0,"enemies":"Snake Plant","floor":24,"turns":1},{"damage":14,"enemies":"Gremlin Leader","floor":28,"turns":4},{"damage":0,"enemies":"3 Cultists","floor":30,"turns":2},{"damage":4,"enemies":"Centurion and Healer","floor":31,"turns":3},{"damage":17,"enemies":"Collector","floor":33,"turns":3},{"damage":4,"enemies":"Orb Walker","floor":35,"turns":1},{"damage":6,"enemies":"3 Shapes","floor":37,"turns":1},{"damage":0,"enemies":"Flame Bruiser 2 Orb","floor":39,"turns":3},{"damage":0,"enemies":"2 Orb Walkers","floor":41,"turns":1},{"damage":3,"enemies":"Mysterious Sphere","floor":44,"turns":1},{"damage":0,"enemies":"3 Darklings","floor":45,"turns":1},{"damage":4,"enemies":"Giant Head","floor":46,"turns":2},{"damage":9,"enemies":"4 Shapes","floor":47,"turns":1},{"damage":15,"enemies":"Maw","floor":48,"turns":3},{"damage":55,"enemies":"Time Eater","floor":50,"turns":4}],"relics_obtained":[{"floor":1,"key":"Happy Flower"},{"floor":2,"key":"Bag of Preparation"},{"floor":4,"key":"Lantern"},{"floor":7,"key":"Bottled Flame"},{"floor":9,"key":"Art of War"},{"floor":11,"key":"Meat on the Bone"},{"floor":12,"key":"Boot"},{"floor":14,"key":"War Paint"},{"floor":16,"key":"Strawberry"},{"floor":18,"key":"Potion Belt"},{"floor":19,"key":"Red Mask"},{"floor":20,"key":"Question Card"},{"floor":21,"key":"Darkstone Periapt"},{"floor":26,"key":"Ancient Tea Set"},{"floor":28,"key":"Toolbox"},{"floor":30,"key":"Regal Pillow"},{"floor":31,"key":"Singing Bowl"},{"floor":33,"key":"Bag of Marbles"},{"floor":35,"key":"Oddly Smooth Stone"},{"floor":37,"key":"Paper Frog"},{"floor":39,"key":"Tiny Chest"},{"floor":41,"key":"Blue Candle"},{"floor":43,"key":"Vajra"},{"floor":44,"key":"Sundial"},{"floor":45,"key":"Champion Belt"},{"floor":46,"key":"Toxic Egg 2"},{"floor":47,"key":"Centennial Puzzle"},{"floor":48,"key":"Mercury Hourglass"}],"event_choices":[{"event_name":"Scrap Ooze","player_choice":"success","floor":3,"damage_taken":18},{"event_name":"Big Fish","player_choice":"Donut","floor":5,"damage_taken":0},{"event_name":"Dead Adventurer","player_choice":"Searched \u00271\u0027 times","floor":7,"damage_taken":0},{"event_name":"Masked Bandits","player_choice":"Fought over 172 gold","floor":19,"damage_taken":0},{"event_name":"Golden Shrine","player_choice":"Pray","floor":25,"damage_taken":0},{"event_name":"SensoryStone","player_choice":"Memory 3","floor":38,"damage_taken":0},{"event_name":"Mysterious Sphere","player_choice":"Fight","floor":44,"damage_taken":0}],"boss_relics":[{"not_picked":["Mark of Pain","Ectoplasm"],"picked":"Orrery"},{"not_picked":["Black Star","Calling Bell"],"picked":"Philosopher\u0027s Stone"}],"items_purged_floors":[10,13,22],"potions_floor_spawned":[1,2,4,7,7,11,12,14,16,18,19,21,24,28,30,31,33,35,37,39,41,44,45,46,47,48],"seed_played":"-4877040327349419501","ascension_level":0,"potions_obtained":[{"floor":1,"key":"Poison Potion"},{"floor":7,"key":"SkillPotion"},{"floor":16,"key":"Energy Potion"},{"floor":18,"key":"EssenceOfSteel"},{"floor":19,"key":"SteroidPotion"},{"floor":21,"key":"EssenceOfSteel"},{"floor":28,"key":"AttackPotion"},{"floor":33,"key":"Strength Potion"},{"floor":35,"key":"AttackPotion"},{"floor":41,"key":"EssenceOfSteel"},{"floor":44,"key":"Energy Potion"},{"floor":45,"key":"GamblersBrew"},{"floor":46,"key":"Fire Potion"},{"floor":47,"key":"Ancient Potion"}],"is_trial":false}