{"gold_per_floor":[111,286,187,206,206,206,62,62,62,62,95,113,113,188,188,289,289,304,304,75,0,17,17,29,29,29,45,61,92,119,133,133,133],"floor_reached":33,"playtime":971,"items_purged":["Doubt","Defend_B"],"score":288,"play_id":"c0e17a86-64cd-4205-a3d6-3a0ee463bab5","local_time":"20190910004343","is_ascension_mode":false,"campfire_choices":[{"data":"Zap","floor":6,"key":"SMITH"},{"data":"Dualcast","floor":8,"key":"SMITH"},{"data":"Go for the Eyes","floor":10,"key":"SMITH"},{"data":"Conserve Battery","floor":15,"key":"SMITH"},{"data":"Loop","floor":23,"key":"SMITH"},{"floor":32,"key":"REST"}],"neow_cost":"NONE","seed_source_timestamp":221473190291600,"circlet_count":0,"master_deck":["Defend_B+1","Defend_B+1","Zap+1","Dualcast+1","Conserve Battery+1","Go for the Eyes+1","Capacitor","Ball Lightning","Blizzard+1","Rainbow+1","Steam+1","Conserve Battery+1","Loop+1","Ball Lightning","Loop+1","Melter","Creative AI","Conserve Battery"],"special_seed":0,"relics":["Cracked Core","War Paint","DataDisk","Pear","Strawberry","The Courier","Astrolabe","Anchor","Bottled Lightning","Regal Pillow","Red Mask"],"potions_floor_usage":[11,27,29,30,30],"damage_taken":[{"damage":0.0,"enemies":"2 Louse","floor":1.0,"turns":2.0},{"damage":2.0,"enemies":"Jaw Worm","floor":4.0,"turns":4.0},{"damage":15,"enemies":"3 Sentries","floor":11,"turns":7},{"damage":7,"enemies":"Small Slimes","floor":12,"turns":2},{"damage":23,"enemies":"The Guardian","floor":16,"turns":9},{"damage":0,"enemies":"Spheric Guardian","floor":18,"turns":4},{"damage":2,"enemies":"Shell Parasite","floor":22,"turns":4},{"damage":8,"enemies":"Snake Plant","floor":24,"turns":3},{"damage":4,"enemies":"Centurion and Healer","floor":27,"turns":5},{"damage":8,"enemies":"3 Cultists","floor":28,"turns":5},{"damage":21,"enemies":"Gremlin Leader","floor":29,"turns":4},{"damage":35,"enemies":"Masked Bandits","floor":30,"turns":4},{"damage":0,"enemies":"Snake Plant","floor":31,"turns":3},{"damage":62,"enemies":"Collector","floor":33,"turns":6}],"seed_played":"-6587446896469937537","potions_obtained":[{"floor":4.0,"key":"Explosive Potion"},{"floor":11,"key":"Energy Potion"},{"floor":16,"key":"EssenceOfSteel"},{"floor":22,"key":"Ancient Potion"},{"floor":25,"key":"PowerPotion"},{"floor":27,"key":"PowerPotion"},{"floor":29,"key":"EssenceOfSteel"},{"floor":31,"key":"SpeedPotion"}],"is_trial":false,"path_per_floor":["M","?","$","M","?","R","$","R","T","R","E","M","?","?","R","B",null,"M","?","$","?","M","R","M","?","T","M","M","E","?","M","R","B"],"character_chosen":"DEFECT","items_purchased":["Go for the Eyes","DataDisk","Loop","Anchor"],"campfire_rested":1,"item_purchase_floors":[3,7,20,20],"current_hp_per_floor":[75,75,75,73,73,73,73,73,83,83,75,68,65,54,54,31,92,92,92,92,92,90,90,82,82,82,78,70,49,14,14,56,0],"gold":133,"neow_bonus":"RANDOM_COMMON_RELIC","is_prod":false,"is_daily":false,"chose_seed":false,"campfire_upgraded":5,"win_rate":0,"timestamp":1568043823,"path_taken":["M","?","$","M","?","R","?","R","T","R","E","M","?","?","R","BOSS","M","?","$","?","M","R","M","?","T","?","M","E","?","M","R","BOSS"],"build_version":"2019-07-17","purchased_purges":2,"victory":false,"max_hp_per_floor":[75,75,75,75,75,75,75,75,85,85,92,92,92,92,92,92,92,92,92,92,92,92,92,92,92,92,92,92,92,92,92,92,92],"card_choices":[{"not_picked":["Sweeping Beam","Cold Snap"],"picked":"Conserve Battery","floor":1.0},{"not_picked":["Leap","Chill"],"picked":"Capacitor","floor":4.0},{"not_picked":["Capacitor","Recycle"],"picked":"Ball Lightning","floor":11},{"not_picked":["Stack","Compile Driver","Turbo"],"picked":"SKIP","floor":12},{"not_picked":["Streamline","Compile Driver"],"picked":"Conserve Battery+1","floor":18},{"not_picked":["Undo+1","Scrape"],"picked":"Ball Lightning","floor":22},{"not_picked":["Hologram","Turbo+1"],"picked":"Loop+1","floor":24},{"not_picked":["Double Energy+1","Genetic Algorithm"],"picked":"Melter","floor":27},{"not_picked":["Beam Cell","Hologram","Rip and Tear+1"],"picked":"SKIP","floor":28},{"not_picked":["Barrage","FTL"],"picked":"Creative AI","floor":29},{"not_picked":["Beam Cell","Compile Driver"],"picked":"Conserve Battery","floor":30},{"not_picked":["Coolheaded","Turbo","Double Energy+1"],"picked":"SKIP","floor":31}],"player_experience":398028,"relics_obtained":[{"floor":9,"key":"Pear"},{"floor":11,"key":"Strawberry"},{"floor":26,"key":"Bottled Lightning"},{"floor":29,"key":"Regal Pillow"},{"floor":30,"key":"Red Mask"}],"event_choices":[{"damage_healed":0.0,"max_hp_gain":0.0,"max_hp_loss":0.0,"gold_gain":175.0,"event_name":"Liars Game","player_choice":"AGREE","floor":2.0,"gold_loss":0.0,"damage_taken":0.0,"cards_obtained":["Doubt"]},{"cards_removed":["Strike_B"],"damage_healed":0,"gold_gain":0,"player_choice":"Forget","damage_taken":0,"max_hp_gain":0,"max_hp_loss":0,"event_name":"Living Wall","floor":5,"gold_loss":0},{"damage_healed":0,"gold_gain":0,"player_choice":"Success","damage_taken":3,"relics_obtained":["The Courier"],"max_hp_gain":0,"max_hp_loss":0,"event_name":"Scrap Ooze","floor":13,"gold_loss":0},{"damage_healed":0,"gold_gain":75,"player_choice":"Gather Gold","damage_taken":11,"max_hp_gain":0,"max_hp_loss":0,"event_name":"World of Goop","floor":14,"gold_loss":0},{"damage_healed":0,"gold_gain":0,"player_choice":"Ignored","damage_taken":0,"max_hp_gain":0,"max_hp_loss":0,"event_name":"Ghosts","floor":19,"gold_loss":0},{"cards_removed":["Strike_B"],"damage_healed":0,"gold_gain":0,"player_choice":"Gave Gold","damage_taken":0,"max_hp_gain":0,"max_hp_loss":0,"event_name":"Beggar","floor":21,"gold_loss":75},{"damage_healed":0,"gold_gain":0,"player_choice":"Got Potions","damage_taken":0,"max_hp_gain":0,"max_hp_loss":0,"event_name":"Lab","floor":25,"gold_loss":0},{"damage_healed":0,"gold_gain":0,"player_choice":"Fought Bandits","damage_taken":0,"max_hp_gain":0,"max_hp_loss":0,"event_name":"Masked Bandits","floor":30,"gold_loss":0}],"is_beta":false,"boss_relics":[{"not_picked":["Pandora\u0027s Box","Runic Pyramid"],"picked":"Astrolabe"}],"items_purged_floors":[3,20],"is_endless":false,"potions_floor_spawned":[4,11,16,22,24,27,28,29,31],"killed_by":"Collector","ascension_level":0}