{"gold_per_floor":[109,124,138,138,158,158,158,158,185,202,202,377,5,17,17,121,121,137,149,74,74,87,87,98,98,98,111,143,154,154,173,173,277,277,293,308,408,408,630,233,233,233,233,233,252,265,68,78,78,78],"floor_reached":51,"playtime":2503,"items_purged":["Doubt","Defend_B","Shame"],"score":766,"play_id":"5a25d446-d191-4799-b4f5-e85140840ab6","local_time":"20190911195000","is_ascension_mode":false,"campfire_choices":[{"data":"Zap","floor":6.0,"key":"SMITH"},{"data":"Dualcast","floor":8.0,"key":"SMITH"},{"data":"Streamline","floor":11.0,"key":"SMITH"},{"data":"Coolheaded","floor":15.0,"key":"SMITH"},{"data":"Buffer","floor":23.0,"key":"SMITH"},{"data":"Go for the Eyes","floor":25.0,"key":"SMITH"},{"data":"Glacier","floor":30.0,"key":"SMITH"},{"data":"Defend_B","floor":32.0,"key":"SMITH"},{"data":"Conserve Battery","floor":41,"key":"SMITH"},{"data":"Madness","floor":44,"key":"SMITH"},{"data":"Recycle","floor":49,"key":"SMITH"}],"neow_cost":"NONE","seed_source_timestamp":85180819996300,"circlet_count":0,"master_deck":["Strike_B+1","Strike_B+1","Defend_B","Defend_B","Defend_B+1","Zap+1","Dualcast+1","Streamline+1","Coolheaded+1","Self Repair","Ball Lightning","Ball Lightning","Buffer+1","Go for the Eyes+1","FTL+1","White Noise+1","Loop+1","Glacier+1","Machine Learning","Recycle+1","Lockon","Conserve Battery+1","Cold Snap+1","Panache","Madness+1","Madness","Recycle+1"],"special_seed":0,"relics":["Cracked Core","NeowsBlessing","Incense Burner","Whetstone","Prayer Wheel","Inserter","Thread and Needle","Dead Branch","Red Mask","Cursed Key","Torii","Sling","Anchor","Question Card"],"potions_floor_usage":[50,50],"damage_taken":[{"damage":0.0,"enemies":"Cultist","floor":1.0,"turns":1.0},{"damage":0.0,"enemies":"Jaw Worm","floor":2.0,"turns":1.0},{"damage":0.0,"enemies":"Small Slimes","floor":3.0,"turns":1.0},{"damage":4.0,"enemies":"Exordium Wildlife","floor":5.0,"turns":3.0},{"damage":2.0,"enemies":"Large Slime","floor":10.0,"turns":4.0},{"damage":9.0,"enemies":"Exordium Thugs","floor":14.0,"turns":3.0},{"damage":0.0,"enemies":"Slime Boss","floor":16.0,"turns":6.0},{"damage":10.0,"enemies":"Chosen","floor":18.0,"turns":4.0},{"damage":14.0,"enemies":"Shell Parasite","floor":19.0,"turns":7.0},{"damage":5.0,"enemies":"Cultist and Chosen","floor":22.0,"turns":7.0},{"damage":11.0,"enemies":"Snake Plant","floor":24.0,"turns":5.0},{"damage":21.0,"enemies":"3 Cultists","floor":27.0,"turns":4.0},{"damage":0.0,"enemies":"Masked Bandits","floor":28.0,"turns":5.0},{"damage":5.0,"enemies":"Centurion and Healer","floor":29.0,"turns":6.0},{"damage":3.0,"enemies":"Cultist and Chosen","floor":31.0,"turns":5.0},{"damage":0,"enemies":"Champ","floor":33,"turns":13},{"damage":0,"enemies":"3 Shapes","floor":35,"turns":6},{"damage":0,"enemies":"Orb Walker","floor":36,"turns":4},{"damage":0,"enemies":"Mind Bloom Boss Battle","floor":37,"turns":7},{"damage":0,"enemies":"Maw","floor":45,"turns":7},{"damage":0,"enemies":"Transient","floor":46,"turns":5},{"damage":0,"enemies":"3 Darklings","floor":48,"turns":5},{"damage":31,"enemies":"Awakened One","floor":50,"turns":14}],"seed_played":"2376279425302102102","potions_obtained":[{"floor":1.0,"key":"Regen Potion"},{"floor":16.0,"key":"Weak Potion"},{"floor":19.0,"key":"Swift Potion"},{"floor":29.0,"key":"Energy Potion"},{"floor":31.0,"key":"GamblersBrew"},{"floor":35,"key":"DuplicationPotion"}],"is_trial":false,"path_per_floor":["M","M","M","?","M","R","T","R","T","M","R","?","$","M","R","B",null,"M","M","?","?","M","R","M","R","T","M","?","M","R","M","R","B",null,"M","M","?","?","?","$","R","?","T","R","M","M","$","M","R","B",null],"character_chosen":"DEFECT","items_purchased":["Prayer Wheel","Sling","Anchor","Recycle"],"campfire_rested":0,"item_purchase_floors":[13,40,40,47],"current_hp_per_floor":[75,75,75,75,71,71,71,71,71,69,69,69,69,60,60,67,75,72,65,65,65,67,67,70,70,70,49,56,72,72,75,75,75,75,75,75,75,75,75,75,75,66,66,66,73,75,75,75,75,51],"gold":78,"neow_bonus":"THREE_ENEMY_KILL","is_prod":false,"is_daily":false,"chose_seed":false,"campfire_upgraded":11,"win_rate":0,"timestamp":1568199000,"path_taken":["M","M","M","?","M","R","?","R","T","M","R","?","$","?","R","BOSS","M","M","?","?","?","R","M","R","T","M","?","M","R","M","R","BOSS","M","M","?","?","?","?","R","?","T","R","M","M","$","M","R","BOSS"],"build_version":"2019-09-10","purchased_purges":3,"victory":true,"max_hp_per_floor":[75,75,75,75,75,75,75,75,75,75,75,75,75,75,75,75,75,75,75,75,75,75,75,75,75,75,75,75,75,75,75,75,75,75,75,75,75,75,75,75,75,75,75,75,75,75,75,75,75,75],"card_choices":[{"not_picked":["Blizzard","Undo","Sweeping Beam"],"picked":"SKIP","floor":1.0},{"not_picked":["Hologram","Force Field"],"picked":"Streamline","floor":2.0},{"not_picked":["Hologram","Storm"],"picked":"Coolheaded","floor":3.0},{"not_picked":["Redo","Hyperbeam","Reinforced Body"],"picked":"SKIP","floor":5.0},{"not_picked":["Steam","Storm"],"picked":"Self Repair","floor":10.0},{"not_picked":["White Noise","Stack"],"picked":"Ball Lightning","floor":14.0},{"not_picked":["Streamline","Coolheaded"],"picked":"Ball Lightning","floor":14.0},{"not_picked":["Thunder Strike","Core Surge"],"picked":"Buffer","floor":16.0},{"not_picked":["Leap","White Noise"],"picked":"Go for the Eyes","floor":18.0},{"not_picked":["Scrape","Barrage","Redo"],"picked":"SKIP","floor":18.0},{"not_picked":["Go for the Eyes","Hologram"],"picked":"FTL+1","floor":19.0},{"not_picked":["Ball Lightning","Fusion","Stack"],"picked":"SKIP","floor":19.0},{"not_picked":["Sweeping Beam+1","Redo"],"picked":"White Noise+1","floor":22.0},{"not_picked":["Undo+1","Auto Shields"],"picked":"Loop+1","floor":22.0},{"not_picked":["Steam","Barrage","Streamline"],"picked":"SKIP","floor":24.0},{"not_picked":["Rebound","Skim","Reboot"],"picked":"SKIP","floor":24.0},{"not_picked":["Doom and Gloom","Go for the Eyes+1","Static Discharge"],"picked":"SKIP","floor":27.0},{"not_picked":["Rip and Tear","Stack","Sweeping Beam"],"picked":"SKIP","floor":27.0},{"not_picked":["Ball Lightning","Leap"],"picked":"Glacier","floor":29.0},{"not_picked":["Gash","Steam","Capacitor+1"],"picked":"SKIP","floor":29.0},{"not_picked":["Barrage+1","Reboot","Stack"],"picked":"SKIP","floor":31.0},{"not_picked":["Sweeping Beam+1","Gash","Streamline+1"],"picked":"SKIP","floor":31.0},{"not_picked":["Fission","Amplify"],"picked":"Machine Learning","floor":33},{"not_picked":["Sweeping Beam+1","Steam Power"],"picked":"Recycle+1","floor":35},{"not_picked":["Genetic Algorithm","Sweeping Beam"],"picked":"Lockon","floor":35},{"not_picked":["Steam+1","Barrage"],"picked":"Conserve Battery","floor":36},{"not_picked":["Beam Cell+1","Barrage","Streamline"],"picked":"SKIP","floor":36},{"not_picked":["Compile Driver+1","Static Discharge"],"picked":"Cold Snap+1","floor":37},{"not_picked":["Good Instincts","Chrysalis"],"picked":"Panache","floor":38},{"not_picked":["Beam Cell+1","Melter+1","Heatsinks","Barrage+1"],"picked":"SKIP","floor":45},{"not_picked":["Loop","Barrage+1","Rebound+1","Stack+1"],"picked":"SKIP","floor":45},{"not_picked":["Steam Power+1","Stack","Reprogram","Coolheaded+1"],"picked":"SKIP","floor":46},{"not_picked":["Storm","Barrage+1","Ball Lightning+1","Coolheaded+1"],"picked":"SKIP","floor":46},{"not_picked":["Stack+1","Compile Driver+1","Leap","Steam+1"],"picked":"SKIP","floor":48},{"not_picked":["Electrodynamics","Scrape","Conserve Battery+1","Undo"],"picked":"SKIP","floor":48}],"player_experience":424604,"relics_obtained":[{"floor":7.0,"key":"Incense Burner"},{"floor":9.0,"key":"Whetstone"},{"floor":26.0,"key":"Dead Branch"},{"floor":28.0,"key":"Red Mask"},{"floor":37,"key":"Torii"},{"floor":43,"key":"Question Card"}],"event_choices":[{"cards_removed":["Strike_B"],"damage_healed":0.0,"max_hp_gain":0.0,"max_hp_loss":0.0,"gold_gain":0.0,"event_name":"Living Wall","player_choice":"Forget","floor":4.0,"gold_loss":0.0,"damage_taken":0.0},{"damage_healed":0.0,"max_hp_gain":0.0,"max_hp_loss":0.0,"gold_gain":175.0,"event_name":"Liars Game","player_choice":"AGREE","floor":12.0,"gold_loss":0.0,"damage_taken":0.0,"cards_obtained":["Doubt"]},{"cards_removed":["Strike_B"],"damage_healed":0.0,"max_hp_gain":0.0,"max_hp_loss":0.0,"gold_gain":0.0,"event_name":"Beggar","player_choice":"Gave Gold","floor":20.0,"gold_loss":75.0,"damage_taken":0.0},{"damage_healed":0.0,"max_hp_gain":0.0,"max_hp_loss":0.0,"gold_gain":0.0,"event_name":"The Mausoleum","player_choice":"Opened","floor":21.0,"gold_loss":0.0,"damage_taken":0.0,"relics_obtained":["Thread and Needle"]},{"damage_healed":0.0,"max_hp_gain":0.0,"max_hp_loss":0.0,"gold_gain":0.0,"event_name":"Masked Bandits","player_choice":"Fought Bandits","floor":28.0,"gold_loss":0.0,"damage_taken":0.0},{"damage_healed":0,"gold_gain":0,"player_choice":"Fight","damage_taken":0,"max_hp_gain":0,"max_hp_loss":0,"event_name":"MindBloom","floor":37,"gold_loss":0},{"damage_healed":0,"gold_gain":0,"player_choice":"Memory 1","damage_taken":0,"max_hp_gain":0,"max_hp_loss":0,"event_name":"SensoryStone","floor":38,"gold_loss":0},{"damage_healed":0,"gold_gain":222,"player_choice":"Wore Mask","damage_taken":0,"max_hp_gain":0,"max_hp_loss":0,"event_name":"Tomb of Lord Red Mask","floor":39,"gold_loss":0},{"damage_healed":0,"gold_gain":0,"player_choice":"Embrace Madness","damage_taken":9,"max_hp_gain":0,"max_hp_loss":0,"event_name":"Winding Halls","floor":42,"gold_loss":0,"cards_obtained":["Madness","Madness"]}],"is_beta":true,"boss_relics":[{"not_picked":["SlaversCollar","Tiny House"],"picked":"Inserter"},{"not_picked":["Runic Pyramid","Busted Crown"],"picked":"Cursed Key"}],"items_purged_floors":[13,40,47],"is_endless":false,"potions_floor_spawned":[1,16,19,29,31,35,36,37],"ascension_level":0}