{"path_per_floor":["M","?","M","$","?","M","R","M","T","R","M","M","M","M","R","B",null,"M","?","$","M","?","R","M","R","T","?","$","?","M","?","R"],"character_chosen":"THE_SILENT","items_purchased":["Die Die Die","Block Potion"],"gold_per_floor":[110,110,124,49,49,61,61,81,104,104,121,140,156,166,166,268,268,279,279,179,193,219,219,230,230,230,230,27,27,40,40,40,40],"floor_reached":33,"campfire_rested":4,"playtime":2466,"current_hp_per_floor":[70,56,56,56,61,60,60,58,58,58,58,50,46,42,64,4,75,43,43,43,40,37,67,13,43,43,43,43,43,27,27,59,0],"items_purged":["Defend_G","Strike_G"],"gold":40,"score":264,"play_id":"495a2a30-6c73-47c3-bf50-c09f642d8254","local_time":"20180429235930","is_prod":false,"is_daily":false,"chose_seed":false,"is_ascension_mode":false,"campfire_upgraded":2,"timestamp":1525039170,"path_taken":["M","?","M","$","?","M","R","M","T","R","M","?","M","M","R","BOSS","M","?","$","M","?","R","M","R","T","?","$","?","M","?","R","BOSS"],"build_version":"2018-04-27v3","seed_source_timestamp":46047449463189,"purchased_purges":2,"victory":false,"master_deck":["Defend_G","Defend_G","Defend_G","Defend_G","Strike_G+1","Strike_G+1","Strike_G","Survivor","Neutralize","Riddle With Holes+1","Flying Knee","Dagger Spray+1","All Out Attack","Dagger Spray","Flying Knee","Backflip","Venomology","Flying Knee","Flying Knee","Prepared","Acrobatics+1","Bouncing Flask+1","Quick Slash","Dagger Spray","Burst","Die Die Die","Dagger Throw","Escape Plan"],"max_hp_per_floor":[70,70,70,70,75,75,75,75,75,75,75,75,75,75,75,75,75,75,75,75,75,75,75,75,75,75,75,75,75,75,75,75,75],"relics":["Ring of the Snake","Dream Catcher","Eternal Feather","Red Mask","Bird Faced Urn"],"card_choices":[{"not_picked":["Deflect","Choke"],"picked":"Riddle With Holes","floor":1},{"not_picked":["Dagger Spray","PiercingWail"],"picked":"Flying Knee","floor":3},{"not_picked":["Slice","Flechettes"],"picked":"Dagger Spray","floor":8},{"not_picked":["Deflect","Crippling Poison"],"picked":"All Out Attack","floor":11},{"not_picked":["Well Laid Plans","Crippling Poison"],"picked":"Dagger Spray","floor":12},{"not_picked":["Outmaneuver","Calculated Gamble"],"picked":"Flying Knee","floor":13},{"not_picked":["Phantasmal Killer","Dodge and Roll"],"picked":"Backflip","floor":14},{"not_picked":["Envenom","Unload"],"picked":"Venomology","floor":16},{"not_picked":["Leg Sweep","Heel Hook"],"picked":"Flying Knee","floor":18},{"not_picked":["Well Laid Plans","Endless Agony"],"picked":"Flying Knee","floor":21},{"not_picked":["Quick Slash","Riddle With Holes"],"picked":"Prepared","floor":22},{"not_picked":["Backflip","Slice"],"picked":"Acrobatics","floor":23},{"not_picked":["Backflip","Poisoned Stab"],"picked":"Bouncing Flask","floor":24},{"not_picked":["Dagger Throw","Blade Dance"],"picked":"Quick Slash","floor":25},{"not_picked":["Poisoned Stab","Flying Knee"],"picked":"Dagger Throw","floor":30},{"not_picked":["Dagger Spray","Finisher"],"picked":"Escape Plan","floor":32}],"player_experience":3176,"potions_floor_usage":[13,16,16,16,21,22,22,24,30,30,33,33],"damage_taken":[{"damage":0,"enemies":"Jaw Worm","floor":1,"turns":4},{"damage":0,"enemies":"Small Slimes","floor":3,"turns":2},{"damage":1,"enemies":"2 Louse","floor":6,"turns":3},{"damage":2,"enemies":"Looter","floor":8,"turns":3},{"damage":0,"enemies":"Lots of Slimes","floor":11,"turns":1},{"damage":8,"enemies":"Exordium Wildlife","floor":12,"turns":4},{"damage":13,"enemies":"Exordium Thugs","floor":13,"turns":4},{"damage":4,"enemies":"Blue Slaver","floor":14,"turns":3},{"damage":60,"enemies":"Hexaghost","floor":16,"turns":12},{"damage":32,"enemies":"Chosen","floor":18,"turns":6},{"damage":3,"enemies":"3 Byrds","floor":21,"turns":3},{"damage":3,"enemies":"Masked Bandits","floor":22,"turns":4},{"damage":54,"enemies":"Snecko","floor":24,"turns":8},{"damage":16,"enemies":"Centurion and Healer","floor":30,"turns":6},{"damage":71,"enemies":"Automaton","floor":33,"turns":8}],"event_choices":[{"event_name":"Shining Light","player_choice":"Entered Light","floor":2,"damage_taken":0},{"event_name":"Big Fish","player_choice":"Donut","floor":5,"damage_taken":0},{"event_name":"The Lab","player_choice":"Got Potions","floor":19,"damage_taken":0},{"event_name":"Masked Bandits","player_choice":"Fought over 193 gold","floor":22,"damage_taken":0},{"event_name":"Match and Keep!","player_choice":"2 cards matched","floor":27,"damage_taken":0},{"event_name":"Drug Dealer","player_choice":"Ignored","floor":29,"damage_taken":0},{"event_name":"Purifier","player_choice":"One Purge","floor":31,"damage_taken":0}],"boss_relics":[{"not_picked":["Sozu","Snecko Eye"],"picked":"Eternal Feather"}],"potions_floor_spawned":[3,6,12,13,22,30],"seed_played":"9103752326040795595","killed_by":"Automaton","ascension_level":0,"is_trial":false}