{"path_per_floor":["M","?","?","M","?","R","M","$","T","M","$","M","E","M","R","B",null,"M","?","$","T","?","R","E","R","T","M","M","M","M","M","R","B",null,"M","M","M","M","$","R","E","R","T","$","?","M","?","M","R","B"],"character_chosen":"IRONCLAD","items_purchased":["Iron Wave","Oddly Smooth Stone","Bronze Scales","Battle Trance","Dodecahedron"],"gold_per_floor":[116,116,191,203,203,203,219,120,146,156,3,13,38,49,49,148,148,164,164,9,83,8,8,33,33,33,50,63,80,96,111,111,207,207,218,236,246,263,151,151,185,185,211,10,10,20,0,20,20,20],"floor_reached":51,"campfire_rested":0,"playtime":3168,"item_purchase_floors":[8,11,20,39,44],"current_hp_per_floor":[80,80,69,75,75,75,80,80,80,80,80,80,85,90,90,21,90,90,90,90,90,90,90,78,78,78,84,81,80,86,90,90,90,90,90,90,90,86,86,90,90,90,90,90,79,81,81,90,90,66],"items_purged":["Strike_R","Defend_R"],"gold":20,"score":701,"play_id":"82cd5d64-05dc-4316-88fc-6cf1a09d175a","local_time":"20180520011635","is_prod":false,"is_daily":false,"chose_seed":false,"is_ascension_mode":false,"campfire_upgraded":8,"timestamp":1526771795,"campfire_choices":[{"data":"Body Slam","floor":6,"key":"SMITH"},{"data":"Armaments","floor":15,"key":"SMITH"},{"data":"Double Tap","floor":23,"key":"SMITH"},{"data":"Flame Barrier","floor":25,"key":"SMITH"},{"data":"Iron Wave","floor":32,"key":"SMITH"},{"data":"Offering","floor":40,"key":"SMITH"},{"data":"Impervious","floor":42,"key":"SMITH"},{"data":"Madness","floor":49,"key":"SMITH"}],"path_taken":["M","?","?","M","?","R","M","$","T","M","$","M","E","M","R","BOSS","M","?","$","?","?","R","E","R","T","M","?","M","M","M","R","BOSS","M","M","M","M","$","R","E","R","T","$","?","M","?","M","R","BOSS"],"build_version":"2018-05-18","seed_source_timestamp":24625648724755,"purchased_purges":2,"victory":true,"master_deck":["Strike_R+1","Strike_R+1","Defend_R","Defend_R","Bash","Body Slam+1","Shrug It Off","Iron Wave+1","Armaments+1","Double Tap+1","Shrug It Off","Flame Barrier+1","Ghostly Armor+1","Body Slam+1","Dual Wield+1","Offering+1","Armaments","Entrench+1","Impervious+1","Battle Trance","Battle Trance","Madness+1","Madness"],"max_hp_per_floor":[80,80,80,80,80,80,80,80,80,80,80,80,90,90,90,90,90,90,90,90,90,90,90,90,90,90,90,90,90,90,90,90,90,90,90,90,90,90,90,90,90,90,90,90,90,90,90,90,90,90],"relics":["Burning Blood","Whetstone","Lantern","Oddly Smooth Stone","Pear","Sozu","Bronze Scales","Kunai","The Courier","Darkstone Periapt","Eternal Feather","Art of War","Regal Pillow","Dodecahedron","Red Mask"],"card_choices":[{"not_picked":["Wild Strike","Shockwave"],"picked":"Body Slam","floor":1},{"not_picked":["Anger","Cleave"],"picked":"Shrug It Off","floor":4},{"not_picked":["Cleave","Twin Strike","Second Wind"],"picked":"SKIP","floor":7},{"not_picked":["Headbutt","Thunderclap","Dropkick"],"picked":"SKIP","floor":10},{"not_picked":["Havoc","Wild Strike"],"picked":"Armaments","floor":12},{"not_picked":["Evolve","Wild Strike","Anger"],"picked":"SKIP","floor":13},{"not_picked":["Clothesline","Headbutt","Twin Strike"],"picked":"SKIP","floor":14},{"not_picked":["Brutality","Bludgeon"],"picked":"Double Tap","floor":16},{"not_picked":["Sword Boomerang","Reckless Charge+1"],"picked":"Shrug It Off","floor":18},{"not_picked":["Flex+1","Pommel Strike"],"picked":"Flame Barrier","floor":24},{"not_picked":["Shrug It Off","True Grit"],"picked":"Ghostly Armor+1","floor":27},{"not_picked":["Clothesline","Warcry","Cleave+1"],"picked":"SKIP","floor":28},{"not_picked":["Spot Weakness","Brutality"],"picked":"Body Slam+1","floor":29},{"not_picked":["Rage","Cleave","Clash"],"picked":"SKIP","floor":30},{"not_picked":["Flex","Warcry"],"picked":"Dual Wield+1","floor":31},{"not_picked":["Limit Break","Dark Embrace"],"picked":"Offering","floor":33},{"not_picked":["Sword Boomerang+1","Rage"],"picked":"Armaments","floor":35},{"not_picked":["Cleave+1","Wild Strike","Bloodletting+1"],"picked":"SKIP","floor":36},{"not_picked":["Headbutt","Cleave+1"],"picked":"Entrench+1","floor":37},{"not_picked":["Reckless Charge","Warcry+1"],"picked":"Impervious","floor":38},{"not_picked":["Berserk","Anger+1"],"picked":"Battle Trance","floor":41},{"not_picked":["Anger","Clash+1","Pommel Strike"],"picked":"SKIP","floor":46},{"not_picked":["Battle Trance+1","Reckless Charge+1","Evolve"],"picked":"SKIP","floor":48}],"player_experience":83441,"potions_floor_usage":[33,48,50],"damage_taken":[{"damage":6,"enemies":"Jaw Worm","floor":1,"turns":4},{"damage":0,"enemies":"Cultist","floor":4,"turns":4},{"damage":0,"enemies":"2 Louse","floor":7,"turns":2},{"damage":0,"enemies":"2 Fungi Beasts","floor":10,"turns":3},{"damage":0,"enemies":"Looter","floor":12,"turns":2},{"damage":11,"enemies":"Lagavulin","floor":13,"turns":7},{"damage":0,"enemies":"Gremlin Gang","floor":14,"turns":5},{"damage":75,"enemies":"Slime Boss","floor":16,"turns":21},{"damage":0,"enemies":"Spheric Guardian","floor":18,"turns":4},{"damage":18,"enemies":"Slavers","floor":24,"turns":5},{"damage":0,"enemies":"Shell Parasite","floor":27,"turns":3},{"damage":9,"enemies":"Snecko","floor":28,"turns":5},{"damage":7,"enemies":"Snake Plant","floor":29,"turns":4},{"damage":0,"enemies":"Cultist and Chosen","floor":30,"turns":4},{"damage":0,"enemies":"Centurion and Healer","floor":31,"turns":3},{"damage":3,"enemies":"Collector","floor":33,"turns":8},{"damage":4,"enemies":"3 Shapes","floor":35,"turns":3},{"damage":4,"enemies":"Flame Bruiser 1 Orb","floor":36,"turns":1},{"damage":4,"enemies":"Sphere and 2 Shapes","floor":37,"turns":5},{"damage":10,"enemies":"3 Darklings","floor":38,"turns":3},{"damage":4,"enemies":"Giant Head","floor":41,"turns":4},{"damage":4,"enemies":"4 Shapes","floor":46,"turns":5},{"damage":4,"enemies":"Sphere and 2 Shapes","floor":48,"turns":5},{"damage":30,"enemies":"Time Eater","floor":50,"turns":7}],"relics_obtained":[{"floor":9,"key":"Lantern"},{"floor":13,"key":"Pear"},{"floor":21,"key":"Kunai"},{"floor":24,"key":"The Courier"},{"floor":26,"key":"Darkstone Periapt"},{"floor":41,"key":"Art of War"},{"floor":43,"key":"Regal Pillow"}],"event_choices":[{"event_name":"Purifier","player_choice":"One Purge","floor":2,"damage_taken":0},{"event_name":"World of Goop","player_choice":"Gather Gold","floor":3,"damage_taken":0},{"event_name":"Match and Keep!","player_choice":"0 cards matched","floor":5,"damage_taken":0},{"event_name":"Back to Basics","player_choice":"Elegance","floor":19,"damage_taken":0},{"event_name":"Beggar","player_choice":"Gave Gold","floor":22,"damage_taken":0},{"event_name":"Winding Halls","player_choice":"Embrace Madness","floor":45,"damage_taken":0},{"event_name":"Tomb of Lord Red Mask","player_choice":"Paid","floor":47,"damage_taken":0}],"boss_relics":[{"not_picked":["Philosopher\u0027s Stone","Runic Cube"],"picked":"Sozu"},{"not_picked":["Astrolabe","Mark of Pain"],"picked":"Eternal Feather"}],"items_purged_floors":[8,39],"potions_floor_spawned":[4,7,10,16,18,24,33,36,41,48],"seed_played":"534662670411494125","ascension_level":0,"potions_obtained":[{"floor":4,"key":"BloodPotion"},{"floor":7,"key":"Dexterity Potion"},{"floor":10,"key":"PowerPotion"}],"is_trial":false}