{"gold_per_floor":[116,127,49,67,87,87,98,98,124,136,136,150,150,177,177,273,273,287,307,325,250,250,250,276,276,303,203,215,231,83,93,93,93],"floor_reached":33,"playtime":1814,"items_purged":["Meteor Strike","Static Discharge"],"score":352,"play_id":"d931a309-af27-4db3-86bd-d59e6a8b70f3","local_time":"20190908113356","is_ascension_mode":true,"campfire_choices":[{"data":"Zap","floor":6.0,"key":"SMITH"},{"data":"Dualcast","floor":11.0,"key":"SMITH"},{"data":"Sunder","floor":13.0,"key":"SMITH"},{"data":"Fission","floor":15.0,"key":"SMITH"},{"data":"Aggregate","floor":23,"key":"SMITH"},{"data":"Chaos","floor":32,"key":"SMITH"}],"neow_cost":"NONE","seed_source_timestamp":0,"circlet_count":0,"master_deck":["Zap+1","Dualcast+1","Cold Snap","Go for the Eyes","Sunder+1","Self Repair","Leap+1","Conserve Battery+1","Ball Lightning","Core Surge","Fission+1","Machine Learning","Electrodynamics","Sweeping Beam","Gash","Aggregate+1","Seek","Glacier+1","Leap","Coolheaded+1","Chaos+1"],"special_seed":0,"relics":["Cracked Core","Bronze Scales","Blood Vial","Pandora\u0027s Box","Bag of Marbles","Happy Flower","War Paint"],"potions_floor_usage":[33],"damage_taken":[{"damage":5.0,"enemies":"Small Slimes","floor":1.0,"turns":3.0},{"damage":0.0,"enemies":"Cultist","floor":2.0,"turns":3.0},{"damage":2.0,"enemies":"2 Louse","floor":4.0,"turns":3.0},{"damage":3.0,"enemies":"Looter","floor":5.0,"turns":3.0},{"damage":4.0,"enemies":"3 Louse","floor":7.0,"turns":3.0},{"damage":8.0,"enemies":"Large Slime","floor":10.0,"turns":5.0},{"damage":0.0,"enemies":"2 Fungi Beasts","floor":12.0,"turns":2.0},{"damage":3.0,"enemies":"Lagavulin","floor":14.0,"turns":5.0},{"damage":46.0,"enemies":"Hexaghost","floor":16.0,"turns":9.0},{"damage":7.0,"enemies":"3 Byrds","floor":18.0,"turns":2.0},{"damage":3,"enemies":"Chosen","floor":19,"turns":2},{"damage":8,"enemies":"Centurion and Healer","floor":20,"turns":6},{"damage":11,"enemies":"Gremlin Leader","floor":24,"turns":6},{"damage":1,"enemies":"Cultist and Chosen","floor":28,"turns":4},{"damage":0,"enemies":"3 Cultists","floor":29,"turns":2},{"damage":4,"enemies":"Chosen and Byrds","floor":31,"turns":4},{"damage":110,"enemies":"Champ","floor":33,"turns":17}],"seed_played":"8880658980199011412","potions_obtained":[{"floor":2.0,"key":"PowerPotion"},{"floor":7.0,"key":"Ancient Potion"},{"floor":10.0,"key":"EssenceOfSteel"},{"floor":14.0,"key":"Strength Potion"},{"floor":20,"key":"Regen Potion"}],"is_trial":false,"path_per_floor":["M","M","$","M","M","R","M","?","T","M","R","M","R","E","R","B",null,"M","M","M","$","?","R","E","?","T","$","M","M","$","M","R","B"],"character_chosen":"DEFECT","items_purchased":["Self Repair","War Paint"],"campfire_rested":0,"item_purchase_floors":[3,30],"current_hp_per_floor":[63,63,63,68,72,72,75,75,75,74,74,74,74,71,71,34,65,67,66,67,67,67,67,65,65,65,65,73,75,75,75,75,0],"gold":93,"neow_bonus":"THREE_CARDS","is_prod":false,"is_daily":false,"chose_seed":false,"campfire_upgraded":6,"win_rate":0,"timestamp":1567910036,"path_taken":["M","M","$","M","M","R","M","?","T","M","R","M","R","E","R","BOSS","M","M","M","$","?","R","E","?","T","$","M","M","$","M","R","BOSS"],"build_version":"2019-07-17","purchased_purges":2,"victory":false,"max_hp_per_floor":[75,75,75,75,75,75,75,75,75,75,75,75,75,75,75,75,75,75,75,75,75,75,75,75,75,75,75,75,75,75,75,75,75],"card_choices":[{"not_picked":["Barrage","Steam"],"picked":"Cold Snap","floor":0.0},{"not_picked":["Rip and Tear","Darkness"],"picked":"Go for the Eyes","floor":1.0},{"not_picked":["Cold Snap","Compile Driver"],"picked":"Sunder","floor":2.0},{"not_picked":["Stack","Rebound"],"picked":"Leap","floor":4.0},{"not_picked":["Streamline","Leap","Compile Driver"],"picked":"SKIP","floor":5.0},{"not_picked":["Go for the Eyes","Stack"],"picked":"Conserve Battery","floor":7.0},{"not_picked":["Force Field","Hologram"],"picked":"Ball Lightning","floor":10.0},{"not_picked":["Undo","Sunder"],"picked":"Core Surge","floor":12.0},{"not_picked":["Blizzard","Sweeping Beam"],"picked":"Fission","floor":14.0},{"not_picked":["Multi-Cast","Buffer"],"picked":"Machine Learning","floor":16.0},{"not_picked":["Leap","Defragment+1"],"picked":"Glacier+1","floor":18.0},{"not_picked":["Redo+1","Gash"],"picked":"Leap","floor":19},{"not_picked":["Leap+1","Cold Snap+1"],"picked":"Coolheaded+1","floor":20},{"not_picked":["Stack","Steam+1","Consume+1"],"picked":"SKIP","floor":24},{"not_picked":["Turbo","Fusion","Chill+1"],"picked":"SKIP","floor":28},{"not_picked":["Fusion+1","Stack+1"],"picked":"Chaos","floor":29},{"not_picked":["Auto Shields","Redo","Steam Power"],"picked":"SKIP","floor":31}],"player_experience":364986,"relics_obtained":[{"floor":9.0,"key":"Bronze Scales"},{"floor":14.0,"key":"Blood Vial"},{"floor":24,"key":"Bag of Marbles"},{"floor":26,"key":"Happy Flower"}],"event_choices":[{"damage_healed":0.0,"max_hp_gain":0.0,"max_hp_loss":0.0,"gold_gain":0.0,"cards_transformed":["Strike_B"],"event_name":"Transmorgrifier","player_choice":"Transformed","floor":8.0,"gold_loss":0.0,"damage_taken":0.0,"cards_obtained":["Meteor Strike"]},{"damage_healed":0,"gold_gain":0,"player_choice":"Ignored","damage_taken":0,"max_hp_gain":0,"max_hp_loss":0,"event_name":"The Mausoleum","floor":22,"gold_loss":0},{"cards_removed":["Consume"],"damage_healed":0,"gold_gain":0,"player_choice":"Elegance","damage_taken":0,"max_hp_gain":0,"max_hp_loss":0,"event_name":"Back to Basics","floor":25,"gold_loss":0}],"is_beta":false,"boss_relics":[{"not_picked":["Runic Pyramid","Fusion Hammer"],"picked":"Pandora\u0027s Box"}],"items_purged_floors":[21,27],"is_endless":false,"potions_floor_spawned":[2,7,10,14,20,24,28,29],"killed_by":"Champ","ascension_level":6}