{"gold_per_floor":[110,129,144,29,104,104,104,104,183,183,15,30,30,41,41,139,139,157,167,27,27,27,27,46,46,73,73,88,88,9,29,29,126,126,140,240,253,264,264,291,291,291,314,83,98,98,98,113,113,113],"floor_reached":51,"playtime":3321,"items_purged":["Strike_G","Strike_G","Shame"],"score":690,"play_id":"a3c1f9ee-999b-4838-b90e-29708b3b4203","local_time":"20190202160612","is_ascension_mode":false,"campfire_choices":[{"data":"Infinite Blades","floor":6.0,"key":"SMITH"},{"data":"Neutralize","floor":8.0,"key":"SMITH"},{"data":"Malaise","floor":10.0,"key":"SMITH"},{"data":"Metamorphosis","floor":13.0,"key":"SMITH"},{"data":"Distraction","floor":15.0,"key":"SMITH"},{"floor":23.0,"key":"REST"},{"data":"Acrobatics","floor":29,"key":"SMITH"},{"data":"Footwork","floor":32,"key":"SMITH"},{"data":"After Image","floor":41,"key":"SMITH"},{"data":"Accuracy","floor":46,"key":"SMITH"},{"data":"Panacea","floor":49,"key":"SMITH"}],"neow_cost":"CURSE","seed_source_timestamp":452564257812441,"circlet_count":0,"master_deck":["Defend_G","Defend_G","Defend_G","Defend_G","Defend_G","Strike_G","Strike_G","Survivor","Neutralize+1","Parasite","Blade Dance","Bane","Malaise+1","Infinite Blades+1","Metamorphosis+1","Distraction+1","Venomology+1","Bouncing Flask+1","Noxious Fumes","Necronomicurse","Sucker Punch+1","Acrobatics+1","Footwork+1","PiercingWail","After Image+1","Acrobatics+1","Dash+1","Blade Dance+1","Parasite","Distraction","Accuracy+1","Panacea+1"],"special_seed":0,"relics":["Ring of the Snake","Du-Vu Doll","Blue Candle","Busted Crown","Gremlin Horn","Necronomicon","Blood Vial","Cursed Key","Bird Faced Urn","Bag of Preparation","Pen Nib"],"potions_floor_usage":[28,28,31,33,37,38,40,45,50,50],"damage_taken":[{"damage":2.0,"enemies":"Cultist","floor":1.0,"turns":5.0},{"damage":0.0,"enemies":"2 Louse","floor":2.0,"turns":3.0},{"damage":0.0,"enemies":"Small Slimes","floor":3.0,"turns":3.0},{"damage":0.0,"enemies":"2 Fungi Beasts","floor":12.0,"turns":4.0},{"damage":2.0,"enemies":"3 Louse","floor":14.0,"turns":4.0},{"damage":2.0,"enemies":"Hexaghost","floor":16.0,"turns":9.0},{"damage":27.0,"enemies":"2 Thieves","floor":18.0,"turns":4.0},{"damage":4.0,"enemies":"3 Byrds","floor":19.0,"turns":8.0},{"damage":15.0,"enemies":"Cultist and Chosen","floor":24.0,"turns":5.0},{"damage":7,"enemies":"Chosen and Byrds","floor":28,"turns":5},{"damage":16,"enemies":"Centurion and Healer","floor":31,"turns":4},{"damage":43,"enemies":"Automaton","floor":33,"turns":10},{"damage":0,"enemies":"Orb Walker","floor":35,"turns":4},{"damage":0,"enemies":"Mind Bloom Boss Battle","floor":36,"turns":5},{"damage":15,"enemies":"3 Darklings","floor":37,"turns":5},{"damage":0,"enemies":"Transient","floor":38,"turns":5},{"damage":0,"enemies":"Reptomancer","floor":40,"turns":5},{"damage":0,"enemies":"Maw","floor":45,"turns":6},{"damage":4,"enemies":"Jaw Worm Horde","floor":48,"turns":4},{"damage":10,"enemies":"Donu and Deca","floor":50,"turns":7}],"seed_played":"-2736920036367338147","potions_obtained":[{"floor":12.0,"key":"SteroidPotion"},{"floor":14.0,"key":"FairyPotion"},{"floor":16.0,"key":"SkillPotion"},{"floor":18.0,"key":"SpeedPotion"},{"floor":19.0,"key":"SpeedPotion"},{"floor":37,"key":"EssenceOfSteel"}],"is_trial":false,"path_per_floor":["M","M","M","$","?","R","?","R","T","R","$","M","R","M","R","B",null,"M","M","$","?","?","R","M","?","T","?","M","R","$","M","R","B",null,"M","?","M","M","?","E","R","?","T","$","M","R","?","M","R","B",null],"character_chosen":"THE_SILENT","items_purchased":["Infinite Blades","Metamorphosis","Noxious Fumes","Footwork","Distraction","Accuracy"],"campfire_rested":1,"item_purchase_floors":[4,11,20,30,44,44],"current_hp_per_floor":[68,68,68,68,57,57,50,50,50,50,50,50,50,48,48,46,70,43,54,54,54,38,59,44,44,44,44,39,39,39,37,37,7,70,70,70,59,69,69,70,70,70,70,70,70,70,70,70,70,62],"gold":113,"neow_bonus":"ONE_RARE_RELIC","is_prod":false,"is_daily":false,"chose_seed":false,"campfire_upgraded":10,"win_rate":0,"timestamp":1549091172,"path_taken":["M","M","M","$","?","R","?","R","T","R","$","M","R","M","R","BOSS","M","M","$","?","?","R","M","?","T","?","M","R","$","M","R","BOSS","M","?","M","M","?","E","R","?","T","$","M","R","?","M","R","BOSS"],"build_version":"2019-01-23","purchased_purges":3,"victory":true,"max_hp_per_floor":[70,70,70,70,70,70,70,70,70,70,70,70,70,70,70,70,70,70,70,70,70,70,70,70,70,70,70,70,70,70,70,70,70,70,70,70,70,70,70,70,70,70,70,70,70,70,70,70,70,70],"card_choices":[{"not_picked":["Underhanded Strike","Prepared"],"picked":"Blade Dance","floor":1.0},{"not_picked":["Dodge and Roll","Quick Slash"],"picked":"Bane","floor":2.0},{"not_picked":["Predator","Terror"],"picked":"Malaise","floor":3.0},{"not_picked":["Setup","Flying Knee"],"picked":"Distraction","floor":12.0},{"not_picked":["Blade Dance","Underhanded Strike","Quick Slash"],"picked":"SKIP","floor":14.0},{"not_picked":["Phantasmal Killer","Storm of Steel"],"picked":"Venomology","floor":16.0},{"not_picked":["Heel Hook"],"picked":"SKIP","floor":18.0},{"not_picked":[],"picked":"Bouncing Flask+1","floor":19.0},{"not_picked":[],"picked":"Sucker Punch+1","floor":24.0},{"not_picked":[],"picked":"Acrobatics","floor":28},{"not_picked":[],"picked":"PiercingWail","floor":31},{"not_picked":[],"picked":"After Image","floor":33},{"not_picked":["Dagger Spray+1"],"picked":"SKIP","floor":35},{"not_picked":[],"picked":"Acrobatics+1","floor":36},{"not_picked":[],"picked":"Predator","floor":37},{"not_picked":[],"picked":"Dash+1","floor":38},{"not_picked":[],"picked":"Blade Dance+1","floor":40},{"not_picked":["Outmaneuver+1"],"picked":"SKIP","floor":45},{"not_picked":[],"picked":"Panacea","floor":47},{"not_picked":["Deflect"],"picked":"SKIP","floor":48}],"player_experience":80569,"relics_obtained":[{"floor":9.0,"key":"Blue Candle"},{"floor":22.0,"key":"Necronomicon"},{"floor":26.0,"key":"Blood Vial"},{"floor":36,"key":"Bird Faced Urn"},{"floor":40,"key":"Bag of Preparation"},{"floor":43,"key":"Pen Nib"}],"event_choices":[{"damage_healed":0.0,"max_hp_gain":0.0,"max_hp_loss":0.0,"gold_gain":75.0,"event_name":"World of Goop","player_choice":"Gather Gold","floor":5.0,"gold_loss":0.0,"damage_taken":11.0},{"cards_removed":["Strike_G"],"damage_healed":0.0,"max_hp_gain":0.0,"max_hp_loss":0.0,"gold_gain":0.0,"event_name":"Golden Wing","player_choice":"Card Removal","floor":7.0,"gold_loss":0.0,"damage_taken":7.0},{"damage_healed":0.0,"max_hp_gain":0.0,"max_hp_loss":0.0,"gold_gain":0.0,"event_name":"Addict","player_choice":"Stole Relic","floor":21.0,"gold_loss":0.0,"damage_taken":0.0,"relics_obtained":["Gremlin Horn"],"cards_obtained":["Shame"]},{"damage_healed":0.0,"max_hp_gain":0.0,"max_hp_loss":0.0,"gold_gain":0.0,"event_name":"Cursed Tome","player_choice":"Obtained Book","floor":22.0,"gold_loss":0.0,"damage_taken":16.0},{"damage_healed":0.0,"max_hp_gain":0.0,"max_hp_loss":0.0,"gold_gain":0.0,"event_name":"Ghosts","player_choice":"Ignored","floor":25.0,"gold_loss":0.0,"damage_taken":0.0},{"damage_healed":0.0,"max_hp_gain":0.0,"max_hp_loss":0.0,"gold_gain":0.0,"event_name":"Upgrade Shrine","player_choice":"Upgraded","floor":27.0,"gold_loss":0.0,"damage_taken":0.0,"cards_upgraded":["Venomology"]},{"damage_healed":0,"gold_gain":0,"player_choice":"Fight","damage_taken":0,"max_hp_gain":0,"max_hp_loss":0,"event_name":"MindBloom","floor":36,"gold_loss":0},{"cards_removed":["Predator"],"damage_healed":0,"gold_gain":0,"player_choice":"Removed Attack","damage_taken":0,"max_hp_gain":0,"max_hp_loss":0,"event_name":"Falling","floor":39,"gold_loss":0},{"damage_healed":0,"gold_gain":0,"player_choice":"Ignored","damage_taken":0,"max_hp_gain":0,"max_hp_loss":0,"event_name":"Tomb of Lord Red Mask","floor":42,"gold_loss":0},{"damage_healed":0,"gold_gain":0,"player_choice":"Memory 1","damage_taken":0,"max_hp_gain":0,"max_hp_loss":0,"event_name":"SensoryStone","floor":47,"gold_loss":0}],"is_beta":false,"boss_relics":[{"not_picked":["Snecko Eye","Runic Pyramid"],"picked":"Busted Crown"},{"not_picked":["WristBlade","Empty Cage"],"picked":"Cursed Key"}],"items_purged_floors":[4,20,44],"is_endless":false,"potions_floor_spawned":[12,14,16,18,19,24,37,38,48],"ascension_level":0}