{"path_per_floor":["M","M","?","M","$","E","R","E","T","R","M","R","?","?","R","B",null,"M","M","$","M","M","R","E","R","T","E","M","M","R","E","R"],"character_chosen":"THE_SILENT","items_purchased":["Omamori","Backflip","Darkstone Periapt","Regen Potion"],"gold_per_floor":[212,230,230,243,12,41,41,76,76,76,93,93,93,168,168,297,297,321,346,31,47,72,72,112,112,112,151,164,180,180,220,220],"floor_reached":33,"campfire_rested":6,"playtime":3403,"current_hp_per_floor":[67,65,65,65,65,39,60,28,28,28,25,25,25,14,35,14,70,65,63,63,51,40,61,18,39,39,18,23,23,44,6,27],"items_purged":["Strike_G"],"gold":220,"play_id":"21433df8-e0e1-4372-b505-a5428e4f282f","is_prod":false,"is_daily":false,"is_ascension_mode":false,"campfire_upgraded":0,"path_taken":["M","M","?","M","$","E","R","E","T","R","M","R","?","?","R","BOSS","M","M","$","M","M","R","E","R","T","E","M","M","R","E","R","BOSS"],"build_version":"2018-01-30-BETA2","purchased_purges":1,"victory":false,"master_deck":["Defend_G","Defend_G","Defend_G","Defend_G","Defend_G","Strike_G","Strike_G","Survivor","Neutralize+1","Bane","Blade Dance","Quick Slash","Bane","Terror","Unload","Bane","Flying Knee+1","Backflip","Distraction+1","Crippling Poison+1","Escape Plan","Poisoned Stab","Prepared","Poisoned Stab","Calculated Gamble","Deadly Poison"],"max_hp_per_floor":[70,70,70,70,70,70,70,70,70,70,70,70,70,70,70,70,70,70,70,70,70,70,70,70,70,70,70,70,70,70,70,70],"relics":["Ring of the Snake","Omamori","Dream Catcher","Peace Pipe","Vajra","Golden Idol","Cursed Key","Darkstone Periapt","Oddly Smooth Stone","Mercury Hourglass","Lantern","Ancient Tea Set"],"card_choices":[{"not_picked":["Deadly Poison","Dodge and Roll"],"picked":"Bane"},{"not_picked":["Dagger Spray","Acrobatics"],"picked":"Blade Dance"},{"not_picked":["Terror","Tactician"],"picked":"Quick Slash"},{"not_picked":["Flechettes","Dodge and Roll"],"picked":"Bane"},{"not_picked":["Dodge and Roll","Blade Dance"],"picked":"Terror"},{"not_picked":["A Thousand Cuts","Tools of the Trade"],"picked":"Unload"},{"not_picked":["Deflect","Terror"],"picked":"Bane"},{"not_picked":["PiercingWail","Outmaneuver"],"picked":"Flying Knee"},{"not_picked":["Flechettes","Bane"],"picked":"Distraction"},{"not_picked":["Sucker Punch","Distraction"],"picked":"Crippling Poison"},{"not_picked":["Terror","Endless Agony"],"picked":"Escape Plan"},{"not_picked":["Acrobatics","Escape Plan"],"picked":"Poisoned Stab"},{"not_picked":["Sucker Punch","Bane"],"picked":"Prepared"},{"not_picked":["Envenom","Footwork"],"picked":"Poisoned Stab"},{"not_picked":["Riddle With Holes","Wraith Form"],"picked":"Calculated Gamble"},{"not_picked":["Endless Agony","Predator"],"picked":"Deadly Poison"}],"player_experience":41333,"potions_floor_usage":[16,16,21,22,28,33],"damage_taken":[{"damage":3,"enemies":"2 Louse","floor":1,"turns":3},{"damage":2,"enemies":"Small Slimes","floor":2,"turns":4},{"damage":0,"enemies":"Blue Slaver","floor":4,"turns":5},{"damage":26,"enemies":"3 Sentries","floor":6,"turns":10},{"damage":32,"enemies":"Lagavulin","floor":8,"turns":8},{"damage":3,"enemies":"Large Slime","floor":11,"turns":7},{"damage":21,"enemies":"Hexaghost","floor":16,"turns":9},{"damage":5,"enemies":"Shell Parasite","floor":18,"turns":5},{"damage":2,"enemies":"Chosen","floor":19,"turns":3},{"damage":21,"enemies":"Snake Plant","floor":21,"turns":4},{"damage":11,"enemies":"Centurion and Healer","floor":22,"turns":6},{"damage":43,"enemies":"Slavers","floor":24,"turns":7},{"damage":21,"enemies":"Book of Stabbing","floor":27,"turns":6},{"damage":4,"enemies":"Chosen and Byrds","floor":28,"turns":3},{"damage":0,"enemies":"3 Cultists","floor":29,"turns":5},{"damage":38,"enemies":"Slavers","floor":31,"turns":5},{"damage":51,"enemies":"Automaton","floor":33,"turns":6}],"event_choices":[{"event_name":"Living Wall","player_choice":"Grow","floor":3,"damage_taken":0},{"event_name":"Golden Idol","player_choice":"Take Wound","floor":13,"damage_taken":0},{"event_name":"World of Goop","player_choice":"Gather Gold","floor":14,"damage_taken":0}],"boss_relics":[{"not_picked":["Eternal Feather","Ectoplasm"],"picked":"Cursed Key"}],"potions_floor_spawned":[8,11,21,27,31],"seed_played":"-7758839963046117670","killed_by":"Automaton","ascension_level":0,"is_trial":false}