{"gold_per_floor":[116,116,116,116,131,164,181,191,215,228,228,228,246,261,261,362,362,375,389,403,21,31,31,31,31,82,82,95,130,130,140,140,140],"floor_reached":33,"playtime":1325,"items_purged":[],"score":296,"play_id":"56cdac98-7ed6-42d3-9a38-d2822d11a532","local_time":"20181111233040","is_ascension_mode":false,"campfire_choices":[{"data":"Dash","floor":11,"key":"SMITH"},{"data":"Neutralize","floor":15,"key":"SMITH"},{"data":"A Thousand Cuts","floor":23,"key":"SMITH"},{"floor":25,"key":"REST"},{"data":"Infinite Blades","floor":27,"key":"SMITH"},{"data":"Caltrops","floor":30,"key":"SMITH"},{"data":"Caltrops","floor":32,"key":"SMITH"}],"neow_cost":"NONE","seed_source_timestamp":2746669291482779,"circlet_count":0,"master_deck":["Defend_G","Defend_G","Defend_G","Defend_G","Defend_G","Strike_G","Strike_G","Strike_G","Strike_G","Strike_G","Survivor","Neutralize+1","Flying Knee","Endless Agony","Dash+1","Escape Plan","Deflect","Heel Hook","Slice","Endless Agony","A Thousand Cuts+1","Flying Knee","Sucker Punch","Caltrops+1","Infinite Blades+1","Outmaneuver+1","Prepared+1","Caltrops+1","Backflip"],"relics":["Ring of the Snake","NeowsBlessing","Bag of Preparation","WarpedTongs","Blood Vial","Anchor","Runic Dome","Bird Faced Urn","Bag of Marbles","Kunai"],"potions_floor_usage":[8,16,28,29,29,33,33],"damage_taken":[{"damage":0,"enemies":"Cultist","floor":1,"turns":1},{"damage":1,"enemies":"Jaw Worm","floor":5,"turns":1},{"damage":1,"enemies":"Lagavulin","floor":6,"turns":1},{"damage":1,"enemies":"2 Louse","floor":7,"turns":3},{"damage":1,"enemies":"Exordium Thugs","floor":8,"turns":4},{"damage":14,"enemies":"Blue Slaver","floor":10,"turns":3},{"damage":0,"enemies":"Red Slaver","floor":13,"turns":2},{"damage":0,"enemies":"Gremlin Gang","floor":14,"turns":4},{"damage":26,"enemies":"Slime Boss","floor":16,"turns":13},{"damage":10,"enemies":"Chosen","floor":18,"turns":5},{"damage":0,"enemies":"Shell Parasite","floor":19,"turns":4},{"damage":20,"enemies":"Snake Plant","floor":20,"turns":5},{"damage":32,"enemies":"Shelled Parasite and Fungi","floor":22,"turns":4},{"damage":13,"enemies":"Centurion and Healer","floor":28,"turns":7},{"damage":31,"enemies":"Slavers","floor":29,"turns":3},{"damage":9,"enemies":"Snake Plant","floor":31,"turns":4},{"damage":61,"enemies":"Collector","floor":33,"turns":6}],"seed_played":"2000593718069409348","potions_obtained":[{"floor":5,"key":"Dexterity Potion"},{"floor":7,"key":"Explosive Potion"},{"floor":13,"key":"Regen Potion"},{"floor":14,"key":"EssenceOfSteel"},{"floor":16,"key":"Dexterity Potion"},{"floor":24,"key":"Regen Potion"},{"floor":29,"key":"Fire Potion"},{"floor":31,"key":"Strength Potion"}],"is_trial":false,"path_per_floor":["M","$","?","?","M","E","M","M","T","M","R","?","M","M","R","B",null,"M","M","M","$","M","R","?","R","T","R","M","E","R","M","R","B"],"character_chosen":"THE_SILENT","items_purchased":["Bird Faced Urn","Infinite Blades"],"campfire_rested":1,"item_purchase_floors":[21,21],"current_hp_per_floor":[70,70,58,58,57,56,57,58,58,46,46,46,48,50,50,26,70,60,62,44,44,20,20,20,41,41,41,51,35,35,36,36,0],"gold":140,"neow_bonus":"THREE_ENEMY_KILL","is_prod":false,"is_daily":false,"chose_seed":false,"campfire_upgraded":6,"win_rate":0,"timestamp":1542000640,"path_taken":["M","?","?","?","M","E","M","?","T","M","R","?","?","M","R","BOSS","M","M","M","$","?","R","?","R","T","R","M","E","R","?","R","BOSS"],"build_version":"2018-11-08","purchased_purges":0,"victory":false,"max_hp_per_floor":[70,70,70,70,70,70,70,70,70,70,70,70,70,70,70,70,70,70,70,70,70,70,70,70,70,70,70,70,70,70,70,70,70],"card_choices":[{"not_picked":["Deadly Poison","Underhanded Strike"],"picked":"Flying Knee","floor":1},{"not_picked":["PiercingWail","Choke"],"picked":"Endless Agony","floor":5},{"not_picked":["Riddle With Holes","Acrobatics"],"picked":"Dash","floor":6},{"not_picked":["Tactician","Outmaneuver"],"picked":"Escape Plan","floor":7},{"not_picked":["Quick Slash","Caltrops"],"picked":"Deflect","floor":8},{"not_picked":["PiercingWail","Concentrate"],"picked":"Heel Hook","floor":10},{"not_picked":["Bane","Dagger Spray"],"picked":"Slice","floor":13},{"not_picked":["Outmaneuver","Dagger Spray"],"picked":"Endless Agony","floor":14},{"not_picked":["Doppelganger","Wraith Form v2"],"picked":"A Thousand Cuts","floor":16},{"not_picked":["Backflip","Catalyst"],"picked":"Flying Knee","floor":18},{"not_picked":["Cloak And Dagger","Blade Dance"],"picked":"Sucker Punch","floor":19},{"not_picked":["Accuracy","Distraction"],"picked":"Caltrops","floor":20},{"not_picked":["Crippling Poison","Dodge and Roll"],"picked":"Outmaneuver+1","floor":22},{"not_picked":["Dodge and Roll","Sucker Punch"],"picked":"Prepared+1","floor":28},{"not_picked":["Burst","All Out Attack+1"],"picked":"Caltrops","floor":29},{"not_picked":["Expertise","Flechettes"],"picked":"Backflip","floor":31}],"player_experience":247837,"relics_obtained":[{"floor":6,"key":"Blood Vial"},{"floor":9,"key":"Anchor"},{"floor":26,"key":"Bag of Marbles"},{"floor":29,"key":"Kunai"}],"event_choices":[{"damage_healed":0,"gold_gain":0,"player_choice":"Success","damage_taken":12,"relics_obtained":["Bag of Preparation"],"max_hp_gain":0,"max_hp_loss":0,"event_name":"Scrap Ooze","floor":3,"gold_loss":0},{"damage_healed":0,"gold_gain":0,"player_choice":"Rummage","damage_taken":0,"relics_obtained":["WarpedTongs"],"max_hp_gain":0,"max_hp_loss":0,"event_name":"Accursed Blacksmith","floor":4,"gold_loss":0,"cards_obtained":["Pain"]},{"cards_removed":["Pain"],"damage_healed":0,"gold_gain":0,"player_choice":"Purged","damage_taken":0,"max_hp_gain":0,"max_hp_loss":0,"event_name":"Purifier","floor":12,"gold_loss":0},{"damage_healed":0,"gold_gain":0,"player_choice":"Got Potions","damage_taken":0,"max_hp_gain":0,"max_hp_loss":0,"event_name":"Lab","floor":24,"gold_loss":0}],"is_beta":true,"boss_relics":[{"not_picked":["Velvet Choker","HoveringKite"],"picked":"Runic Dome"}],"items_purged_floors":[],"is_endless":false,"potions_floor_spawned":[5,7,13,14,16,19,22,29,31],"killed_by":"Collector","ascension_level":0}