{"gold_per_floor":[109,41,41,16,16,16,47,58,58,70,70,84,100,131,131,131],"floor_reached":16,"playtime":681,"items_purged":[],"score":155,"play_id":"e67d2305-5ea2-48d5-93fd-1517b5f23501","local_time":"20190126204407","is_ascension_mode":true,"campfire_choices":[{"data":"Footwork","floor":6,"key":"SMITH"},{"data":"Cloak And Dagger","floor":11,"key":"SMITH"},{"data":"Prepared","floor":15,"key":"SMITH"}],"neow_cost":"NONE","seed_source_timestamp":41342879218757,"circlet_count":0,"master_deck":["Defend_G","Defend_G","Defend_G","Defend_G","Defend_G","Strike_G","Strike_G","Strike_G","Strike_G","Survivor","Neutralize","Escape Plan","Footwork+1","Poisoned Stab","Cloak And Dagger+1","Die Die Die+1","Slice+1","Dodge and Roll","Escape Plan","Prepared+1"],"relics":["Ring of the Snake","NeowsBlessing","Molten Egg 2","Matryoshka","Unceasing Top"],"potions_floor_usage":[],"damage_taken":[{"damage":0,"enemies":"Cultist","floor":1,"turns":1},{"damage":0,"enemies":"3 Sentries","floor":7,"turns":1},{"damage":0,"enemies":"Jaw Worm","floor":8,"turns":1},{"damage":0,"enemies":"2 Louse","floor":10,"turns":2},{"damage":0,"enemies":"Large Slime","floor":12,"turns":4},{"damage":0,"enemies":"Red Slaver","floor":13,"turns":3},{"damage":27,"enemies":"Gremlin Nob","floor":14,"turns":5},{"damage":44,"enemies":"Hexaghost","floor":16,"turns":16}],"seed_played":"3601210125853390011","potions_obtained":[{"floor":13,"key":"SpeedPotion"}],"is_trial":false,"path_per_floor":["M","$","?","$","?","R","E","M","T","M","R","M","M","E","R","B"],"character_chosen":"THE_SILENT","items_purchased":["Footwork","Poisoned Stab"],"campfire_rested":0,"item_purchase_floors":[2,4],"current_hp_per_floor":[70,70,70,70,70,70,70,70,70,70,70,70,70,43,43,0],"gold":131,"neow_bonus":"THREE_ENEMY_KILL","is_prod":false,"is_daily":false,"chose_seed":false,"campfire_upgraded":3,"win_rate":0,"timestamp":1548531847,"path_taken":["M","?","?","$","?","R","E","?","T","M","R","M","?","E","R","BOSS"],"build_version":"2019-01-23","purchased_purges":0,"victory":false,"max_hp_per_floor":[70,70,70,70,70,70,70,70,70,70,70,70,70,70,70,70],"card_choices":[{"not_picked":["Acrobatics","Bane"],"picked":"Escape Plan","floor":1},{"not_picked":["Bane","Blade Dance"],"picked":"Cloak And Dagger","floor":7},{"not_picked":["Backstab+1","Bane+1"],"picked":"Die Die Die+1","floor":8},{"not_picked":["Dagger Spray+1","Cloak And Dagger"],"picked":"Slice+1","floor":10},{"not_picked":["Choke+1","Dagger Spray+1"],"picked":"Dodge and Roll","floor":12},{"not_picked":["Expertise","Skewer+1"],"picked":"Escape Plan","floor":13},{"not_picked":["Quick Slash+1","Leg Sweep"],"picked":"Prepared","floor":14}],"player_experience":311889,"relics_obtained":[{"floor":7,"key":"Molten Egg 2"},{"floor":9,"key":"Matryoshka"},{"floor":14,"key":"Unceasing Top"}],"event_choices":[{"damage_healed":0,"gold_gain":0,"player_choice":"Leave","damage_taken":0,"max_hp_gain":0,"max_hp_loss":0,"event_name":"The Cleric","floor":3,"gold_loss":0},{"cards_removed":["Strike_G"],"damage_healed":0,"gold_gain":0,"player_choice":"Forget","damage_taken":0,"max_hp_gain":0,"max_hp_loss":0,"event_name":"Living Wall","floor":5,"gold_loss":0}],"is_beta":true,"boss_relics":[],"items_purged_floors":[],"is_endless":false,"potions_floor_spawned":[13],"killed_by":"Hexaghost","ascension_level":3}