{"path_per_floor":["M","M","?","$","M","R","M","M","T","R","M","E","M","M","R","B",null,"M","M","$","M","$","?","R","?","T","M","R","M","M","M","R","B",null,"M","M","?","?","M","R","$","M","T","$","M","R","M","?","R","B"],"character_chosen":"THE_SILENT","items_purchased":["Infinite Blades","Blood Vial","Backstab","Ornamental Fan"],"gold_per_floor":[116,128,78,10,28,28,48,65,65,65,85,113,133,153,153,255,255,272,289,64,84,48,48,48,48,48,58,58,72,88,107,107,212,212,228,243,243,243,261,261,20,37,37,37,51,51,71,71,71,71],"floor_reached":51,"campfire_rested":1,"playtime":7756,"current_hp_per_floor":[63,63,63,63,56,56,25,25,25,25,25,13,13,39,60,60,73,73,60,60,35,35,35,35,35,35,31,31,41,33,35,35,37,73,46,48,66,66,55,55,55,57,57,57,55,55,57,57,57,25],"items_purged":["Finisher"],"gold":71,"play_id":"68dd11db-9915-4a7c-9c3d-d0b9a3be077e","is_prod":false,"is_daily":false,"is_ascension_mode":false,"campfire_upgraded":8,"path_taken":["M","M","?","$","M","R","M","M","T","R","?","E","M","M","R","BOSS","M","?","$","M","$","?","R","?","T","M","R","M","M","M","R","BOSS","M","M","?","?","M","R","$","M","T","$","M","R","M","?","R","BOSS"],"build_version":"2018-01-30-BETA2","purchased_purges":1,"victory":true,"master_deck":["Defend_G","Defend_G","Defend_G","Defend_G","Defend_G","Strike_G","Survivor","Neutralize+1","Slice","Dagger Spray","Infinite Blades+1","Distraction+1","Backflip","Dagger Throw","Endless Agony","Poisoned Stab","Caltrops","Venomology+1","Dagger Spray+1","Night Terror+1","Caltrops+1","Endless Agony","Infinite Blades+1","Dodge and Roll","Backstab+1","Endless Agony","Deflect","Blur+1","Adrenaline+1","Heel Hook+1","Adrenaline+1","Deflect"],"max_hp_per_floor":[63,63,63,63,63,63,63,63,63,63,63,73,73,73,73,73,73,73,73,73,73,73,73,73,73,73,73,73,73,73,73,73,73,73,73,73,73,73,73,73,73,73,73,73,73,73,73,73,73,73],"relics":["Ring of the Snake","Dead Branch","Anchor","Pear","Astrolabe","Blood Vial","Kunai","Question Card","Spirit Poop","Ornamental Fan","Peace Pipe"],"card_choices":[{"not_picked":["Sucker Punch","Dagger Throw"],"picked":"Slice"},{"not_picked":["Expertise","Acrobatics"],"picked":"Dagger Spray"},{"not_picked":["Skewer","Dagger Spray"],"picked":"Distraction"},{"not_picked":["Sucker Punch","Finisher"],"picked":"Backflip"},{"not_picked":["Eviscerate","Caltrops"],"picked":"Dagger Throw"},{"not_picked":["Acrobatics","Deadly Poison"],"picked":"Endless Agony"},{"not_picked":["Dagger Throw","Deadly Poison"],"picked":"Poisoned Stab"},{"not_picked":["Predator","All Out Attack"],"picked":"Finisher"},{"not_picked":["Dagger Throw","Flechettes"],"picked":"Caltrops"},{"not_picked":["Night Terror","Phantasmal Killer"],"picked":"Venomology"},{"not_picked":["Deadly Poison","Dagger Throw"],"picked":"Endless Agony"},{"not_picked":["Terror","Sucker Punch"],"picked":"Infinite Blades"},{"not_picked":["Heel Hook","Prepared"],"picked":"Dodge and Roll"},{"not_picked":["Choke","Finisher"],"picked":"Endless Agony"},{"not_picked":["Prepared","Backflip"],"picked":"Deflect"},{"not_picked":["Heel Hook","Slice"],"picked":"Blur"},{"not_picked":["Wraith Form","Phantasmal Killer"],"picked":"Adrenaline"},{"not_picked":["Sucker Punch","Quick Slash","Choke"],"picked":"Heel Hook"},{"not_picked":["Acrobatics","Malaise","Outmaneuver"],"picked":"Adrenaline"},{"not_picked":["Bane","Dagger Spray","Quick Slash"],"picked":"Deflect"}],"player_experience":9661,"potions_floor_usage":[12,13,14,14,14,16,19,21,21,21,27,27,29,29,30,31,33,33,33,35,36,39,42,42,42,45,50,50,50],"damage_taken":[{"damage":0,"enemies":"Small Slimes","floor":1,"turns":4},{"damage":0,"enemies":"Cultist","floor":2,"turns":4},{"damage":7,"enemies":"Blue Slaver","floor":5,"turns":4},{"damage":31,"enemies":"Gremlin Gang","floor":7,"turns":5},{"damage":0,"enemies":"Red Slaver","floor":8,"turns":3},{"damage":0,"enemies":"3 Louse","floor":11,"turns":3},{"damage":22,"enemies":"Lagavulin","floor":12,"turns":6},{"damage":0,"enemies":"Gremlin Gang","floor":13,"turns":3},{"damage":4,"enemies":"Lots of Slimes","floor":14,"turns":11},{"damage":0,"enemies":"Hexaghost","floor":16,"turns":8},{"damage":0,"enemies":"3 Byrds","floor":18,"turns":4},{"damage":13,"enemies":"Chosen","floor":19,"turns":5},{"damage":27,"enemies":"Slaver and Parasite","floor":21,"turns":4},{"damage":6,"enemies":"3 Cultists","floor":27,"turns":5},{"damage":1,"enemies":"Sentry and Sphere","floor":29,"turns":6},{"damage":10,"enemies":"Cultist and Chosen","floor":30,"turns":6},{"damage":0,"enemies":"3 Cultists","floor":31,"turns":4},{"damage":0,"enemies":"Champ","floor":33,"turns":10},{"damage":27,"enemies":"3 Darklings","floor":35,"turns":5},{"damage":0,"enemies":"Flame Bruiser 1 Orb","floor":36,"turns":6},{"damage":13,"enemies":"Maw","floor":39,"turns":9},{"damage":0,"enemies":"3 Darklings","floor":42,"turns":3},{"damage":4,"enemies":"Sphere and 2 Shapes","floor":45,"turns":5},{"damage":0,"enemies":"Maw","floor":47,"turns":7},{"damage":34,"enemies":"Awakened One","floor":50,"turns":18}],"event_choices":[{"event_name":"The Cleric","player_choice":"Card Removal","floor":3,"damage_taken":0},{"event_name":"Beggar","player_choice":"Ignored","floor":23,"damage_taken":0},{"event_name":"Accursed Blacksmith","player_choice":"Forge","floor":25,"damage_taken":0},{"event_name":"Winding Halls","player_choice":"Writhe","floor":37,"damage_taken":0},{"event_name":"Bonfire Elementals","player_choice":"CURSE","floor":38,"damage_taken":0},{"event_name":"Mysterious Sphere","player_choice":"Ignore","floor":48,"damage_taken":0}],"boss_relics":[{"not_picked":["White Beast Statue","Philosopher\u0027s Stone"],"picked":"Astrolabe"},{"not_picked":["Orrery","Sozu"],"picked":"Question Card"}],"potions_floor_spawned":[8,11,13,14,16,19,21,27,36,42],"seed_played":"2749447083626517389","ascension_level":0,"is_trial":false}