{"gold_per_floor":[119,70,70,5,17,47,58,58,358,40,60,72,22,22,22,120,120,109,126,142,47,61,61,91,108,108,108,108,108,12,45,45,150,150,167,187,63,83,99,99,125,125,151,151,168,41,0,0,0,0,0,0,0,33,33],"floor_reached":55,"playtime":3115,"items_purged":["Strike_G","Strike_G","Parasite","Strike_G","Decay"],"score":722,"play_id":"65c938d5-3e6a-4dee-aff8-4ec33d3c757f","local_time":"20181111223845","is_ascension_mode":false,"campfire_choices":[{"data":"Terror","floor":8,"key":"SMITH"},{"data":"Deadly Poison","floor":15,"key":"SMITH"},{"floor":23,"key":"REST"},{"floor":28,"key":"REST"},{"floor":29,"key":"REST"},{"data":"Blade Dance","floor":32,"key":"SMITH"},{"data":"Infinite Blades","floor":40,"key":"SMITH"},{"data":"Envenom","floor":42,"key":"SMITH"},{"floor":49,"key":"RECALL"},{"data":"A Thousand Cuts","floor":52,"key":"SMITH"}],"neow_cost":"NONE","seed_source_timestamp":2741467692879901,"circlet_count":0,"master_deck":["Defend_G","Defend_G","Defend_G","Defend_G","Defend_G","Strike_G","Survivor","Neutralize","Backstab","Backflip","Quick Slash","Terror+1","Flying Knee+1","Backstab","Poisoned Stab","Deadly Poison+1","Envenom+1","Slice","Quick Slash+1","Leg Sweep+1","Cloak And Dagger","Adrenaline","Backflip+1","Blade Dance+1","Poisoned Stab+1","A Thousand Cuts+1","Heel Hook","Well Laid Plans+1","Well Laid Plans","Noxious Fumes+1","Infinite Blades+1","Well Laid Plans","A Thousand Cuts","Backflip","Bane","Injury","Deadly Poison+1"],"relics":["WristBlade","WingedGreaves","Smiling Mask","Old Coin","Toolbox","Cursed Key","Mummified Hand","Matryoshka","Eternal Feather","Whetstone","PreservedInsect","Red Mask","Bottled Flame","Pantograph","Strawberry"],"potions_floor_usage":[12,16,16,18,24,24,33,33,38,45,50,50],"damage_taken":[{"damage":0,"enemies":"2 Louse","floor":1,"turns":3},{"damage":0,"enemies":"Small Slimes","floor":5,"turns":2},{"damage":14,"enemies":"3 Sentries","floor":6,"turns":10},{"damage":0,"enemies":"Cultist","floor":7,"turns":3},{"damage":0,"enemies":"Blue Slaver","floor":11,"turns":2},{"damage":5,"enemies":"Exordium Wildlife","floor":12,"turns":3},{"damage":21,"enemies":"Hexaghost","floor":16,"turns":6},{"damage":7,"enemies":"2 Thieves","floor":18,"turns":4},{"damage":5,"enemies":"3 Byrds","floor":19,"turns":5},{"damage":22,"enemies":"Centurion and Healer","floor":20,"turns":4},{"damage":15,"enemies":"Sentry and Sphere","floor":22,"turns":4},{"damage":22,"enemies":"Slavers","floor":24,"turns":5},{"damage":0,"enemies":"Shelled Parasite and Fungi","floor":25,"turns":4},{"damage":10,"enemies":"Chosen and Byrds","floor":31,"turns":3},{"damage":51,"enemies":"Automaton","floor":33,"turns":13},{"damage":0,"enemies":"3 Shapes","floor":35,"turns":5},{"damage":0,"enemies":"Orb Walker","floor":36,"turns":3},{"damage":20,"enemies":"Spire Growth","floor":38,"turns":4},{"damage":2,"enemies":"Transient","floor":39,"turns":5},{"damage":38,"enemies":"Reptomancer","floor":41,"turns":5},{"damage":12,"enemies":"3 Darklings","floor":45,"turns":5},{"damage":67,"enemies":"Donu and Deca","floor":50,"turns":8},{"damage":66,"enemies":"Shield and Spear","floor":54,"turns":4},{"damage":38,"enemies":"The Heart","floor":55,"turns":2}],"seed_played":"-1296851710584359475","potions_obtained":[{"floor":5,"key":"Weak Potion"},{"floor":6,"key":"LiquidBronze"},{"floor":7,"key":"SkillPotion"},{"floor":16,"key":"Explosive Potion"},{"floor":20,"key":"Fire Potion"},{"floor":22,"key":"Block Potion"},{"floor":24,"key":"GamblersBrew"},{"floor":27,"key":"Dexterity Potion"},{"floor":27,"key":"EssenceOfSteel"},{"floor":27,"key":"GamblersBrew"},{"floor":35,"key":"Dexterity Potion"},{"floor":41,"key":"GhostInAJar"}],"is_trial":false,"path_per_floor":["M","$","?","?","M","E","M","R","T","$","M","M","?","$","R","B",null,"M","M","M","$","M","R","E","M","T","?","R","R","$","M","R","B",null,"M","M","$","M","M","R","E","R","T","?","M","$","?","T","R","B",null,"R","$","E","B"],"character_chosen":"THE_SILENT","items_purchased":["Backflip","Backstab","Toolbox","Cloak And Dagger","Blade Dance","Well Laid Plans","AttackPotion","Bane"],"campfire_rested":3,"item_purchase_floors":[2,10,10,21,30,37,46,46],"current_hp_per_floor":[70,70,75,75,75,61,61,61,61,61,61,56,56,56,56,35,75,68,63,41,41,26,48,26,26,26,26,48,70,70,60,60,9,72,72,72,72,52,50,68,30,48,48,48,36,36,36,36,57,5,72,72,72,13,0],"gold":33,"neow_bonus":"BOSS_RELIC","is_prod":false,"is_daily":false,"chose_seed":false,"campfire_upgraded":6,"win_rate":0,"timestamp":1541997525,"path_taken":["M","$","?","?","M","E","M","R","T","$","?","M","?","?","R","BOSS","M","M","M","$","M","R","E","M","T","?","R","R","$","M","R","BOSS","M","M","$","M","M","R","E","R","T","?","?","$","?","?","R","BOSS","R","$","E","BOSS"],"build_version":"2018-11-08","purchased_purges":5,"victory":false,"max_hp_per_floor":[70,70,75,75,75,75,75,75,75,75,75,75,75,75,75,75,75,75,75,75,75,75,75,75,75,75,75,75,75,72,72,72,72,72,72,72,72,72,72,72,72,72,72,72,72,72,72,72,72,72,72,72,72,79,79],"card_choices":[{"not_picked":["Dagger Throw","Acrobatics"],"picked":"Backstab","floor":1},{"not_picked":["All Out Attack","Bane"],"picked":"Quick Slash","floor":5},{"not_picked":["Noxious Fumes","Outmaneuver"],"picked":"Terror","floor":6},{"not_picked":["Well Laid Plans","Catalyst"],"picked":"Flying Knee","floor":7},{"not_picked":["Eviscerate","Wraith Form v2"],"picked":"Poisoned Stab","floor":11},{"not_picked":["PiercingWail","Well Laid Plans"],"picked":"Deadly Poison","floor":12},{"not_picked":["Glass Knife","A Thousand Cuts"],"picked":"Envenom","floor":16},{"not_picked":["Backflip","Sucker Punch"],"picked":"Slice","floor":18},{"not_picked":["Setup","Dagger Spray"],"picked":"Quick Slash+1","floor":19},{"not_picked":["Underhanded Strike","Footwork"],"picked":"Leg Sweep+1","floor":20},{"not_picked":["PiercingWail","Dagger Throw+1"],"picked":"Adrenaline","floor":22},{"not_picked":["Dagger Throw","All Out Attack"],"picked":"Backflip+1","floor":24},{"not_picked":["Dodge and Roll","All Out Attack+1","Outmaneuver"],"picked":"SKIP","floor":25},{"not_picked":["Accuracy","Deadly Poison"],"picked":"Poisoned Stab","floor":31},{"not_picked":["Doppelganger","Burst"],"picked":"A Thousand Cuts","floor":33},{"not_picked":["PiercingWail+1","Dash+1"],"picked":"Heel Hook","floor":35},{"not_picked":["Quick Slash","Prepared"],"picked":"Well Laid Plans+1","floor":36},{"not_picked":["Crippling Poison","Deflect+1"],"picked":"Noxious Fumes+1","floor":38},{"not_picked":["Slice","Underhanded Strike"],"picked":"Infinite Blades","floor":39},{"not_picked":["Blur","Quick Slash"],"picked":"Well Laid Plans","floor":41},{"not_picked":["Acrobatics","Terror+1"],"picked":"Backflip","floor":45},{"not_picked":["Doppelganger","Eviscerate"],"picked":"Deadly Poison+1","floor":54}],"player_experience":242966,"relics_obtained":[{"floor":6,"key":"Smiling Mask"},{"floor":9,"key":"Old Coin"},{"floor":24,"key":"Mummified Hand"},{"floor":26,"key":"Matryoshka"},{"floor":41,"key":"Whetstone"},{"floor":43,"key":"PreservedInsect"},{"floor":48,"key":"Bottled Flame"},{"floor":48,"key":"Pantograph"},{"floor":54,"key":"Strawberry"}],"event_choices":[{"damage_healed":0,"gold_gain":0,"player_choice":"Donut","damage_taken":0,"max_hp_gain":5,"max_hp_loss":0,"event_name":"Big Fish","floor":3,"gold_loss":0},{"damage_healed":0,"gold_gain":0,"player_choice":"Paid Gold","damage_taken":0,"relics_obtained":["WingedGreaves"],"max_hp_gain":0,"max_hp_loss":0,"event_name":"WeMeetAgain","floor":4,"gold_loss":65},{"cards_removed":["Strike_G"],"damage_healed":0,"gold_gain":0,"player_choice":"Card Removal","damage_taken":0,"max_hp_gain":0,"max_hp_loss":0,"event_name":"The Cleric","floor":13,"gold_loss":50},{"damage_healed":0,"gold_gain":0,"player_choice":"Got Potions","damage_taken":0,"max_hp_gain":0,"max_hp_loss":0,"event_name":"Lab","floor":27,"gold_loss":0},{"damage_healed":0,"gold_gain":0,"player_choice":"Copied","damage_taken":0,"max_hp_gain":0,"max_hp_loss":0,"event_name":"Duplicator","floor":44,"gold_loss":0,"cards_obtained":["A Thousand Cuts"]},{"damage_healed":0,"gold_gain":0,"player_choice":"Paid","damage_taken":0,"relics_obtained":["Red Mask"],"max_hp_gain":0,"max_hp_loss":0,"event_name":"Tomb of Lord Red Mask","floor":47,"gold_loss":41}],"is_beta":true,"boss_relics":[{"not_picked":["Coffee Dripper","Lizard Tail"],"picked":"Cursed Key"},{"not_picked":["Fusion Hammer","Philosopher\u0027s Stone"],"picked":"Eternal Feather"}],"items_purged_floors":[10,21,30,37,46],"is_endless":false,"potions_floor_spawned":[5,6,7,16,20,22,24,31,35,41],"killed_by":"The Heart","ascension_level":0}