{"gold_per_floor":[211,222,242,242,256,256,285,285,312,329,345,345,355,89,89,185,185,203,221,239,239,287,287,313,328,328,359,359,64,64,94,94,198,198,215,227,102,102,102,133,133,133,133,133,133,133,133,8,8,8],"floor_reached":50,"playtime":4075,"items_purged":["Defend_B","Defend_B","Bite"],"score":526,"play_id":"da65b49e-9be6-4c44-b83f-3f1771a6eebb","local_time":"20190824210228","is_ascension_mode":false,"campfire_choices":[{"data":"Zap","floor":6.0,"key":"SMITH"},{"data":"Dualcast","floor":8.0,"key":"SMITH"},{"data":"Fusion","floor":12.0,"key":"SMITH"},{"data":"Static Discharge","floor":15.0,"key":"SMITH"},{"data":"Rainbow","floor":23.0,"key":"SMITH"},{"data":"Loop","floor":30.0,"key":"SMITH"},{"data":"Seek","floor":32.0,"key":"SMITH"},{"data":"Creative AI","floor":41.0,"key":"SMITH"},{"data":"Heatsinks","floor":44,"key":"SMITH"},{"data":"Streamline","floor":45,"key":"SMITH"},{"data":"Conserve Battery","floor":47,"key":"SMITH"},{"data":"Leap","floor":49,"key":"SMITH"}],"neow_cost":"NONE","seed_source_timestamp":728976732406900,"circlet_count":0,"master_deck":["Defend_B","Defend_B","Zap+1","Dualcast+1","Steam","Conserve Battery+1","Leap+1","Leap","Genetic Algorithm","Fusion+1","Seek+1","Rebound","Static Discharge+1","Rainbow+1","Loop+1","Streamline+1","Bite","Bite","Bite","Buffer+1","Creative AI+1","Capacitor+1","Heatsinks+1","Buffer+1"],"special_seed":0,"relics":["Cracked Core","Whetstone","Anchor","Oddly Smooth Stone","Black Star","Bronze Scales","Centennial Puzzle","Juzu Bracelet","Pantograph","Bird Faced Urn","Blood Vial","OrangePellets","Ancient Tea Set","Incense Burner","Lizard Tail","WingedGreaves","Happy Flower","Blue Candle","Cables"],"potions_floor_usage":[50,50],"damage_taken":[{"damage":2.0,"enemies":"2 Louse","floor":1.0,"turns":2.0},{"damage":6.0,"enemies":"Jaw Worm","floor":2.0,"turns":3.0},{"damage":0.0,"enemies":"Cultist","floor":3.0,"turns":3.0},{"damage":0.0,"enemies":"Red Slaver","floor":5.0,"turns":4.0},{"damage":16.0,"enemies":"3 Sentries","floor":7.0,"turns":10.0},{"damage":0.0,"enemies":"Lots of Slimes","floor":10.0,"turns":6.0},{"damage":0.0,"enemies":"3 Louse","floor":11.0,"turns":2.0},{"damage":0.0,"enemies":"2 Fungi Beasts","floor":13.0,"turns":3.0},{"damage":19.0,"enemies":"Hexaghost","floor":16.0,"turns":11.0},{"damage":3.0,"enemies":"Spheric Guardian","floor":18.0,"turns":4.0},{"damage":3.0,"enemies":"3 Byrds","floor":19.0,"turns":5.0},{"damage":28.0,"enemies":"3 Cultists","floor":20.0,"turns":5.0},{"damage":5.0,"enemies":"Slavers","floor":24.0,"turns":6.0},{"damage":5.0,"enemies":"Shelled Parasite and Fungi","floor":25.0,"turns":7.0},{"damage":2.0,"enemies":"Book of Stabbing","floor":27.0,"turns":5.0},{"damage":43.0,"enemies":"Gremlin Leader","floor":31.0,"turns":6.0},{"damage":12.0,"enemies":"Champ","floor":33.0,"turns":13.0},{"damage":19.0,"enemies":"3 Darklings","floor":35.0,"turns":6.0},{"damage":1.0,"enemies":"3 Shapes","floor":36.0,"turns":7.0},{"damage":41.0,"enemies":"Giant Head","floor":40.0,"turns":11.0},{"damage":103,"enemies":"Awakened One","floor":50,"turns":10}],"seed_played":"-1411212671291822214","potions_obtained":[{"floor":2.0,"key":"Explosive Potion"},{"floor":3.0,"key":"Poison Potion"},{"floor":10.0,"key":"Ancient Potion"},{"floor":20.0,"key":"Swift Potion"},{"floor":25.0,"key":"FearPotion"},{"floor":27.0,"key":"Swift Potion"}],"is_trial":false,"path_per_floor":["M","M","M","?","M","R","E","R","T","M","M","R","M","$","R","B",null,"M","M","M","?","T","R","E","M","T","E","?","$","R","E","R","B",null,"M","M","$","?","?","E","R","$","T","R","R","?","R","$","R","B"],"character_chosen":"DEFECT","items_purchased":["Static Discharge","Oddly Smooth Stone","OrangePellets","FocusPotion","Swift Potion"],"campfire_rested":0,"item_purchase_floors":[14,14,29,48,48],"current_hp_per_floor":[73,67,67,67,67,67,51,51,51,51,51,51,51,51,51,32,75,72,69,41,41,41,41,46,51,51,52,52,52,52,19,19,52,52,46,52,52,52,52,29,29,29,29,29,29,29,29,29,29,0],"gold":8,"neow_bonus":"HUNDRED_GOLD","is_prod":false,"is_daily":false,"chose_seed":false,"campfire_upgraded":12,"win_rate":0,"timestamp":1566648148,"path_taken":["M","M","M","?","M","R","E","R","T","M","M","R","M","$","R","BOSS","M","M","M","?","?","R","E","M","T","E","?","?","R","E","R","BOSS","M","M","?","?","?","E","R","$","T","R","R","?","R","?","R","BOSS"],"build_version":"2019-07-17","purchased_purges":3,"victory":false,"max_hp_per_floor":[75,75,75,75,75,75,75,75,75,75,75,75,75,75,75,75,75,75,75,75,52,52,52,52,52,52,52,52,52,52,52,52,52,52,52,52,52,52,52,52,52,52,52,52,52,52,52,52,52,52],"card_choices":[{"not_picked":["Melter","Consume"],"picked":"Steam","floor":1.0},{"not_picked":["Turbo","Doom and Gloom"],"picked":"Conserve Battery","floor":2.0},{"not_picked":["Doom and Gloom","Rebound"],"picked":"Leap","floor":3.0},{"not_picked":["Go for the Eyes","Compile Driver"],"picked":"Leap","floor":5.0},{"not_picked":["Barrage","Gash"],"picked":"Genetic Algorithm","floor":7.0},{"not_picked":["Barrage","Recycle"],"picked":"Fusion","floor":10.0},{"not_picked":["Heatsinks","Steam"],"picked":"Seek","floor":11.0},{"not_picked":["Sweeping Beam","Turbo"],"picked":"Rebound","floor":13.0},{"not_picked":["Seek","Fission"],"picked":"Rainbow","floor":16.0},{"not_picked":["Ball Lightning","Skim"],"picked":"Loop","floor":18.0},{"not_picked":["Barrage","Go for the Eyes"],"picked":"Streamline","floor":19.0},{"not_picked":["Coolheaded","Streamline","Rebound"],"picked":"SKIP","floor":20.0},{"not_picked":["Skim","Genetic Algorithm+1","Barrage"],"picked":"SKIP","floor":24.0},{"not_picked":["Doom and Gloom+1","Stack","Hologram"],"picked":"SKIP","floor":25.0},{"not_picked":["Doom and Gloom+1","Stack","Hologram"],"picked":"SKIP","floor":25.0},{"not_picked":["Multi-Cast","Static Discharge"],"picked":"Buffer","floor":27.0},{"not_picked":["Undo+1","Aggregate","Sunder"],"picked":"SKIP","floor":31.0},{"not_picked":["Fission","Multi-Cast"],"picked":"Creative AI","floor":33.0},{"not_picked":["Beam Cell","Scrape+1","Coolheaded"],"picked":"SKIP","floor":35.0},{"not_picked":["Stack","Conserve Battery+1"],"picked":"Capacitor+1","floor":36.0},{"not_picked":["Sweeping Beam+1","Consume"],"picked":"Heatsinks","floor":40.0}],"player_experience":281093,"relics_obtained":[{"floor":7.0,"key":"Whetstone"},{"floor":9.0,"key":"Anchor"},{"floor":22.0,"key":"Bronze Scales"},{"floor":24.0,"key":"Centennial Puzzle"},{"floor":24.0,"key":"Juzu Bracelet"},{"floor":26.0,"key":"Pantograph"},{"floor":27.0,"key":"Bird Faced Urn"},{"floor":27.0,"key":"Blood Vial"},{"floor":31.0,"key":"Ancient Tea Set"},{"floor":31.0,"key":"Incense Burner"},{"floor":40.0,"key":"Happy Flower"},{"floor":40.0,"key":"Blue Candle"},{"floor":43,"key":"Cables"}],"event_choices":[{"damage_healed":0.0,"max_hp_gain":0.0,"max_hp_loss":0.0,"gold_gain":0.0,"event_name":"Liars Game","player_choice":"Ignored","floor":4.0,"gold_loss":0.0,"damage_taken":0.0},{"damage_healed":0.0,"max_hp_gain":0.0,"max_hp_loss":23.0,"gold_gain":0.0,"event_name":"Vampires","player_choice":"Became a vampire","floor":21.0,"gold_loss":0.0,"damage_taken":0.0,"cards_obtained":["Bite","Bite","Bite","Bite","Bite"]},{"damage_healed":0.0,"max_hp_gain":0.0,"max_hp_loss":0.0,"gold_gain":0.0,"event_name":"Accursed Blacksmith","player_choice":"Forge","floor":28.0,"gold_loss":0.0,"damage_taken":0.0,"cards_upgraded":["Buffer"]},{"cards_removed":["Bite"],"damage_healed":0.0,"max_hp_gain":0.0,"max_hp_loss":0.0,"gold_gain":0.0,"event_name":"Falling","player_choice":"Removed Attack","floor":38.0,"gold_loss":0.0,"damage_taken":0.0},{"damage_healed":0.0,"max_hp_gain":0.0,"max_hp_loss":0.0,"gold_gain":0.0,"event_name":"WeMeetAgain","player_choice":"Gave Potion","floor":39.0,"gold_loss":0.0,"damage_taken":0.0,"relics_obtained":["WingedGreaves"]},{"damage_healed":0,"gold_gain":0,"player_choice":"Copied","damage_taken":0,"max_hp_gain":0,"max_hp_loss":0,"event_name":"Duplicator","floor":46,"gold_loss":0,"cards_obtained":["Buffer"]}],"is_beta":false,"boss_relics":[{"not_picked":["Ectoplasm","Calling Bell"],"picked":"Black Star"},{"not_picked":["FrozenCore","Orrery"],"picked":"Lizard Tail"}],"items_purged_floors":[14,29,37],"is_endless":false,"potions_floor_spawned":[2,3,10,11,20,25,27],"killed_by":"Awakened One","ascension_level":0}