{"gold_per_floor":[210,210,234,257,34,34,65,65,88,88,88,88,88,164,164,283,283,306,306,306,306,231,263,7,7,61,94,107,107,107,107],"floor_reached":31,"playtime":1308,"items_purged":["Strike_R","Strike_R"],"score":345,"play_id":"e39c3fc0-cc74-4d12-93a9-bec9faba754e","local_time":"20190706163728","is_ascension_mode":true,"campfire_choices":[{"data":"Bash","floor":6,"key":"SMITH"},{"floor":8,"key":"REST"},{"floor":11,"key":"REST"},{"data":"Armaments","floor":15,"key":"SMITH"},{"floor":25,"key":"REST"},{"floor":30,"key":"RECALL"}],"neow_cost":"NONE","seed_source_timestamp":26656056722711,"circlet_count":0,"master_deck":["Strike_R","Defend_R","Defend_R","Defend_R","Defend_R","Bash+1","Ghostly Armor","Clothesline","Flame Barrier","Pommel Strike","Armaments+1","Offering","True Grit","Battle Trance","Shrug It Off","Anger","Flex","Wild Strike+1","J.A.X.","Whirlwind","Heavy Blade","Rupture"],"relics":["Burning Blood","Bloody Idol","Juzu Bracelet","Lantern","WingedGreaves","Question Card","Orrery","NlothsMask","Omamori","Red Skull","Bottled Lightning"],"potions_floor_usage":[7,14,14,16,23,28],"damage_taken":[{"damage":9,"enemies":"2 Louse","floor":1,"turns":2},{"damage":4,"enemies":"Small Slimes","floor":3,"turns":4},{"damage":0,"enemies":"Cultist","floor":4,"turns":3},{"damage":41,"enemies":"3 Sentries","floor":7,"turns":17},{"damage":6,"enemies":"3 Sentries","floor":14,"turns":14},{"damage":5,"enemies":"The Guardian","floor":16,"turns":14},{"damage":42,"enemies":"Spheric Guardian","floor":18,"turns":8},{"damage":47,"enemies":"Book of Stabbing","floor":23,"turns":8},{"damage":26,"enemies":"Slavers","floor":27,"turns":6},{"damage":9,"enemies":"3 Byrds","floor":28,"turns":4},{"damage":82,"enemies":"Gremlin Leader","floor":31,"turns":7}],"seed_played":"1836903859893279868","potions_obtained":[{"floor":4,"key":"SkillPotion"},{"floor":13,"key":"FairyPotion"},{"floor":13,"key":"EssenceOfSteel"},{"floor":13,"key":"Energy Potion"},{"floor":14,"key":"Dexterity Potion"},{"floor":18,"key":"Regen Potion"},{"floor":28,"key":"Fruit Juice"}],"is_trial":false,"path_per_floor":["M","?","M","M","$","R","E","R","T","?","R","?","?","?","R","B",null,"M","?","?","?","?","E","$","R","T","E","M","?","R","E"],"character_chosen":"IRONCLAD","items_purchased":["Juzu Bracelet","Red Skull"],"campfire_rested":3,"item_purchase_floors":[5,24],"current_hp_per_floor":[69,49,51,57,57,57,22,46,46,39,63,56,56,56,56,57,74,38,38,38,38,38,17,17,41,46,31,38,66,66,0],"gold":107,"neow_bonus":"HUNDRED_GOLD","is_prod":false,"is_daily":false,"chose_seed":false,"campfire_upgraded":2,"win_rate":0,"timestamp":1562445448,"path_taken":["M","?","M","M","$","R","E","R","T","?","R","?","?","?","R","BOSS","M","?","?","?","?","E","?","R","T","E","M","?","R","E"],"build_version":"2019-07-05","purchased_purges":2,"victory":false,"max_hp_per_floor":[80,80,80,80,80,80,80,80,80,80,80,80,80,80,80,80,80,80,80,80,80,80,80,80,80,80,80,85,85,85,85],"card_choices":[{"not_picked":["Thunderclap","Whirlwind"],"picked":"Ghostly Armor","floor":1},{"not_picked":["Heavy Blade","Ghostly Armor"],"picked":"Clothesline","floor":3},{"not_picked":["Sword Boomerang","Dual Wield"],"picked":"Flame Barrier","floor":4},{"not_picked":["Second Wind","Combust"],"picked":"Pommel Strike","floor":7},{"not_picked":["Anger","Shockwave"],"picked":"Armaments","floor":14},{"not_picked":["Limit Break","Immolate","Juggernaut"],"picked":"Offering","floor":16},{"not_picked":["Seeing Red","Evolve","Ghostly Armor"],"picked":"True Grit","floor":17},{"not_picked":["Bloodletting","Ghostly Armor","Burning Pact"],"picked":"Battle Trance","floor":17},{"not_picked":["Anger","Headbutt","Infernal Blade"],"picked":"Shrug It Off","floor":17},{"not_picked":["Searing Blow","Carnage","Shrug It Off"],"picked":"Anger","floor":17},{"not_picked":["Sentinel","Perfected Strike","Heavy Blade"],"picked":"Flex","floor":17},{"not_picked":["Clothesline","Dropkick+1","Pommel Strike"],"picked":"Wild Strike+1","floor":18},{"not_picked":["Combust","Armaments","Dropkick+1"],"picked":"Whirlwind","floor":23},{"not_picked":["Offering","Perfected Strike","Shrug It Off+1"],"picked":"Heavy Blade","floor":27},{"not_picked":["Body Slam","Havoc+1","Wild Strike+1"],"picked":"Rupture","floor":28}],"player_experience":262707,"relics_obtained":[{"floor":7,"key":"Lantern"},{"floor":14,"key":"Question Card"},{"floor":23,"key":"Omamori"},{"floor":27,"key":"Bottled Lightning"}],"event_choices":[{"damage_healed":0,"gold_gain":0,"player_choice":"Take Damage","damage_taken":20,"relics_obtained":["Golden Idol"],"max_hp_gain":0,"max_hp_loss":0,"event_name":"Golden Idol","floor":2,"gold_loss":0},{"damage_healed":0,"gold_gain":0,"player_choice":"Success","damage_taken":7,"relics_obtained":["WingedGreaves"],"max_hp_gain":0,"max_hp_loss":0,"event_name":"Scrap Ooze","floor":10,"gold_loss":0},{"cards_removed":["Strike_R"],"damage_healed":0,"gold_gain":0,"player_choice":"Card Removal","damage_taken":7,"max_hp_gain":0,"max_hp_loss":0,"event_name":"Golden Wing","floor":12,"gold_loss":0},{"damage_healed":0,"gold_gain":0,"player_choice":"Got Potions","damage_taken":0,"max_hp_gain":0,"max_hp_loss":0,"event_name":"Lab","floor":13,"gold_loss":0},{"damage_healed":0,"gold_gain":0,"player_choice":"Searched \u00271\u0027 times","damage_taken":0,"max_hp_gain":0,"max_hp_loss":0,"event_name":"Dead Adventurer","floor":14,"gold_loss":0},{"damage_healed":0,"gold_gain":0,"player_choice":"Trade","damage_taken":0,"relics_obtained":["NlothsMask"],"max_hp_gain":0,"max_hp_loss":0,"event_name":"FaceTrader","floor":19,"gold_loss":0},{"damage_healed":0,"gold_gain":0,"player_choice":"Gave Idol","damage_taken":0,"relics_obtained":["Bloody Idol"],"max_hp_gain":0,"max_hp_loss":0,"event_name":"Forgotten Altar","floor":20,"relics_lost":["Golden Idol"],"gold_loss":0},{"damage_healed":0,"gold_gain":0,"player_choice":"Obtain J.A.X.","damage_taken":0,"max_hp_gain":0,"max_hp_loss":0,"event_name":"Drug Dealer","floor":21,"gold_loss":0,"cards_obtained":["J.A.X."]},{"cards_removed":["Strike_R"],"damage_healed":0,"gold_gain":0,"player_choice":"Gave Gold","damage_taken":0,"max_hp_gain":0,"max_hp_loss":0,"event_name":"Beggar","floor":22,"gold_loss":75},{"damage_healed":28,"gold_gain":0,"player_choice":"Heal","damage_taken":0,"max_hp_gain":0,"max_hp_loss":0,"event_name":"The Library","floor":29,"gold_loss":0}],"is_beta":false,"boss_relics":[{"not_picked":["Empty Cage","Calling Bell"],"picked":"Orrery"}],"items_purged_floors":[5,24],"is_endless":false,"potions_floor_spawned":[4,14,18,28],"killed_by":"Gremlin Leader","ascension_level":6}