{"gold_per_floor":[117,130,150,170,187,218,218,234,258,258,288,288,11,28,28,133,133,145,165,32,51,62,62],"floor_reached":23,"playtime":1036,"items_purged":["Strike_R"],"score":232,"play_id":"0c635b77-7296-468b-b879-e4395c70d29a","local_time":"20190212180250","is_ascension_mode":false,"campfire_choices":[{"data":"Inflame","floor":7,"key":"SMITH"},{"data":"Flex","floor":10,"key":"SMITH"},{"data":"Ghostly Armor","floor":15,"key":"SMITH"}],"neow_cost":"NONE","seed_source_timestamp":434393153428223,"circlet_count":0,"master_deck":["Strike_R","Strike_R","Strike_R","Defend_R","Defend_R","Defend_R","Defend_R","Bash+1","Ghostly Armor+1","Inflame+1","Pummel","Reaper","Flex+1","Armaments+1","Heavy Blade","Berserk","Flame Barrier+1","Impatience+1","Spot Weakness+1","Ghostly Armor+1"],"relics":["Burning Blood","The Courier","Omamori","Toxic Egg 2","Medical Kit","Happy Flower","Fusion Hammer"],"potions_floor_usage":[6,8,22],"damage_taken":[{"damage":0,"enemies":"Small Slimes","floor":1,"turns":3},{"damage":5,"enemies":"Cultist","floor":2,"turns":4},{"damage":3,"enemies":"2 Louse","floor":3,"turns":4},{"damage":8,"enemies":"2 Fungi Beasts","floor":4,"turns":5},{"damage":19,"enemies":"Blue Slaver","floor":5,"turns":5},{"damage":37,"enemies":"3 Sentries","floor":6,"turns":12},{"damage":6,"enemies":"Lots of Slimes","floor":8,"turns":5},{"damage":0,"enemies":"Gremlin Nob","floor":11,"turns":2},{"damage":12,"enemies":"Gremlin Gang","floor":14,"turns":5},{"damage":32,"enemies":"The Guardian","floor":16,"turns":9},{"damage":15,"enemies":"3 Byrds","floor":18,"turns":5},{"damage":7,"enemies":"Shell Parasite","floor":19,"turns":2},{"damage":63,"enemies":"Cultist and Chosen","floor":21,"turns":9},{"damage":15,"enemies":"Snake Plant","floor":22,"turns":5},{"damage":35,"enemies":"Book of Stabbing","floor":23,"turns":5}],"seed_played":"-6761540942138907983","potions_obtained":[{"floor":1,"key":"Poison Potion"},{"floor":5,"key":"Block Potion"},{"floor":6,"key":"AttackPotion"},{"floor":14,"key":"Explosive Potion"},{"floor":16,"key":"Weak Potion"},{"floor":18,"key":"SpeedPotion"}],"is_trial":false,"path_per_floor":["M","M","M","M","M","E","R","M","T","R","E","?","$","M","R","B",null,"M","M","$","M","M","E"],"character_chosen":"IRONCLAD","items_purchased":["Medical Kit","Happy Flower","Impatience+1"],"campfire_rested":0,"item_purchase_floors":[13,13,20],"current_hp_per_floor":[80,80,80,78,65,34,34,40,40,40,46,46,46,46,46,32,80,71,80,80,32,30,0],"gold":62,"neow_bonus":"UPGRADE_CARD","is_prod":false,"is_daily":false,"chose_seed":false,"campfire_upgraded":3,"win_rate":0,"timestamp":1549962170,"path_taken":["M","M","M","M","M","E","R","M","T","R","E","?","$","M","R","BOSS","M","M","$","M","?","E"],"build_version":"2019-01-23","purchased_purges":1,"victory":false,"max_hp_per_floor":[80,80,80,80,80,80,80,80,80,80,80,80,80,80,80,80,80,80,80,80,80,80,80],"card_choices":[{"not_picked":["Metallicize","True Grit"],"picked":"Ghostly Armor","floor":1},{"not_picked":["Entrench","Anger"],"picked":"Inflame","floor":2},{"not_picked":["Power Through","Wild Strike","Pommel Strike"],"picked":"SKIP","floor":3},{"not_picked":["Fire Breathing","Headbutt","Thunderclap"],"picked":"SKIP","floor":4},{"not_picked":["Dual Wield","True Grit"],"picked":"Pummel","floor":5},{"not_picked":["Impervious","True Grit"],"picked":"Reaper","floor":6},{"not_picked":["Clothesline","Pommel Strike"],"picked":"Flex","floor":8},{"not_picked":["Juggernaut","True Grit"],"picked":"Armaments","floor":11},{"not_picked":["Feel No Pain","Cleave"],"picked":"Heavy Blade","floor":14},{"not_picked":["Barricade","Juggernaut"],"picked":"Berserk","floor":16},{"not_picked":["Anger","Power Through+1","Sentinel+1"],"picked":"SKIP","floor":18},{"not_picked":["Warcry+1","Spot Weakness+1"],"picked":"Flame Barrier+1","floor":19},{"not_picked":["Sword Boomerang","Twin Strike"],"picked":"Spot Weakness+1","floor":21},{"not_picked":["Dropkick","Feel No Pain"],"picked":"Ghostly Armor+1","floor":22}],"player_experience":214788,"relics_obtained":[{"floor":6,"key":"The Courier"},{"floor":9,"key":"Omamori"},{"floor":11,"key":"Toxic Egg 2"}],"event_choices":[{"cards_removed":["Strike_R"],"damage_healed":0,"gold_gain":0,"player_choice":"Offered Basic","damage_taken":0,"max_hp_gain":0,"max_hp_loss":0,"event_name":"Bonfire Elementals","floor":12,"gold_loss":0}],"is_beta":false,"boss_relics":[{"not_picked":["Tiny House","Black Blood"],"picked":"Fusion Hammer"}],"items_purged_floors":[20],"is_endless":false,"potions_floor_spawned":[1,5,6,14,16,18,21],"killed_by":"Book of Stabbing","ascension_level":0}