{"path_per_floor":["M","?","?","M","M","R","E","R","T","M","M","?","M","E","R","B",null,"M","$","M","$","M","E","R","$","T","?","M","R","M","M","R","B",null,"M","?","?","?","$","R","M","M","T","$","M","M","$","M","R"],"character_chosen":"DEFECT","items_purchased":["EssenceOfSteel","Gambling Chip","Blue Candle"],"gold_per_floor":[119,119,119,135,150,150,181,181,258,271,290,340,354,381,381,486,486,496,154,165,90,103,130,130,30,100,100,112,112,129,149,149,244,244,258,307,307,307,61,61,79,92,143,18,32,45,45,64,64,64],"floor_reached":50,"campfire_rested":2,"playtime":2676,"current_hp_per_floor":[79,79,79,79,75,75,56,56,56,65,74,74,80,80,80,72,80,80,80,80,80,80,68,68,68,68,68,65,65,71,48,72,20,90,89,104,104,91,91,91,96,57,57,57,44,44,44,24,70,0],"items_purged":["Strike_B","Strike_B","Regret"],"gold":64,"score":526,"play_id":"1b61e09f-fc93-4198-ae4e-b4142dba1583","local_time":"20180510111336","is_prod":false,"is_daily":false,"chose_seed":false,"is_ascension_mode":false,"campfire_upgraded":6,"timestamp":1525968816,"path_taken":["M","?","?","M","?","R","E","R","T","M","M","?","?","E","R","BOSS","M","$","M","$","?","E","R","?","T","?","M","R","M","?","R","BOSS","M","?","?","?","$","R","M","M","T","$","M","?","$","?","R","BOSS"],"build_version":"2018-05-08","seed_source_timestamp":138070136880334,"purchased_purges":3,"victory":false,"master_deck":["Defend_B","Defend_B","Defend_B","Zap+1","Dualcast","Axe Kick+1","Coolheaded","Ball Lightning","Self Repair+1","White Noise+1","Ball Lightning","Redo+1","Coolheaded","Hologram+1","Sweeping Beam+1","Consume+1","Capacitor+1","Ball Lightning","Ball Lightning+1","Axe Kick","Seek+1","Parasite","Doubt","Madness","Madness","Ball Lightning+1","Tempest+1","White Noise+1"],"max_hp_per_floor":[80,80,80,80,80,80,80,80,80,80,80,80,80,80,80,80,80,80,80,80,80,80,80,80,80,80,80,80,80,80,80,80,80,90,90,104,104,104,104,104,104,104,104,104,104,104,104,104,104,104],"relics":["Cracked Core","Orichalcum","Tiny Chest","Lantern","Astrolabe","Gambling Chip","Prayer Wheel","Gremlin Horn","Calling Bell","Bag of Preparation","Pear","Ice Cream","Mango","Blue Candle","Regal Pillow"],"card_choices":[{"not_picked":["Coolheaded","Steam"],"picked":"Axe Kick","floor":1},{"not_picked":["Barrage","Steam"],"picked":"Coolheaded","floor":4},{"not_picked":["Leap","Rebound"],"picked":"Ball Lightning","floor":5},{"not_picked":["Static Discharge","Storm"],"picked":"Self Repair","floor":7},{"not_picked":["Beam Cell","Streamline"],"picked":"White Noise","floor":10},{"not_picked":["Double Energy","Tempest"],"picked":"Ball Lightning","floor":11},{"not_picked":["Sweeping Beam","Machine Learning"],"picked":"Redo","floor":13},{"not_picked":["Conserve Battery","Multi-Cast"],"picked":"Coolheaded","floor":14},{"not_picked":["Amplify","Rainbow"],"picked":"Hyperbeam","floor":16},{"not_picked":["Undo","Streamline"],"picked":"Capacitor","floor":18},{"not_picked":["Coolheaded","Chill"],"picked":"Ball Lightning","floor":20},{"not_picked":["Blizzard","Sweeping Beam"],"picked":"Ball Lightning","floor":22},{"not_picked":["Steam Power","Redo"],"picked":"Axe Kick","floor":31},{"not_picked":["Fusion","Meteor Strike"],"picked":"Seek","floor":33},{"not_picked":["Cold Snap","Streamline"],"picked":"Ball Lightning","floor":41},{"not_picked":["Force Field","Auto Shields"],"picked":"Tempest","floor":42},{"not_picked":["Barrage","Go for the Eyes"],"picked":"White Noise","floor":45}],"player_experience":141184,"potions_floor_usage":[1,7,11,16,20,23,23,33,36,36,46,46,48],"damage_taken":[{"damage":1,"enemies":"Cultist","floor":1,"turns":3},{"damage":0,"enemies":"Small Slimes","floor":4,"turns":2},{"damage":4,"enemies":"Jaw Worm","floor":5,"turns":3},{"damage":19,"enemies":"3 Sentries","floor":7,"turns":4},{"damage":1,"enemies":"Exordium Thugs","floor":10,"turns":4},{"damage":1,"enemies":"2 Fungi Beasts","floor":11,"turns":2},{"damage":0,"enemies":"Large Slime","floor":13,"turns":3},{"damage":6,"enemies":"Gremlin Nob","floor":14,"turns":4},{"damage":18,"enemies":"The Guardian","floor":16,"turns":6},{"damage":3,"enemies":"Spheric Guardian","floor":18,"turns":3},{"damage":5,"enemies":"2 Thieves","floor":20,"turns":3},{"damage":5,"enemies":"Snecko","floor":22,"turns":4},{"damage":22,"enemies":"Slavers","floor":23,"turns":4},{"damage":13,"enemies":"Snake Plant","floor":28,"turns":2},{"damage":4,"enemies":"3 Cultists","floor":30,"turns":4},{"damage":33,"enemies":"Centurion and Healer","floor":31,"turns":5},{"damage":62,"enemies":"Automaton","floor":33,"turns":10},{"damage":18,"enemies":"Flame Bruiser 1 Orb","floor":35,"turns":5},{"damage":9,"enemies":"Mysterious Sphere","floor":36,"turns":3},{"damage":5,"enemies":"3 Shapes","floor":41,"turns":5},{"damage":49,"enemies":"Spire Growth","floor":42,"turns":4},{"damage":23,"enemies":"Maw","floor":45,"turns":7},{"damage":10,"enemies":"Flame Bruiser 2 Orb","floor":46,"turns":3},{"damage":30,"enemies":"4 Shapes","floor":48,"turns":4},{"damage":103,"enemies":"Donu and Deca","floor":50,"turns":7}],"event_choices":[{"event_name":"Accursed Blacksmith","player_choice":"Forge","floor":2,"damage_taken":0},{"event_name":"The Lab","player_choice":"Got Potions","floor":3,"damage_taken":0},{"event_name":"Golden Wing","player_choice":"Gained Gold","floor":12,"damage_taken":0},{"event_name":"Ghosts","player_choice":"Ignored","floor":27,"damage_taken":0},{"event_name":"Mysterious Sphere","player_choice":"Fight","floor":36,"damage_taken":0},{"event_name":"Winding Halls","player_choice":"Embrace Madness","floor":38,"damage_taken":0}],"boss_relics":[{"not_picked":["Runic Pyramid","Runic Dome"],"picked":"Astrolabe"},{"not_picked":["Black Star","Velvet Choker"],"picked":"Calling Bell"}],"potions_floor_spawned":[5,10,13,14,22,28,33,35,41,45,46],"seed_played":"-7757063304835884607","killed_by":"Donu and Deca","ascension_level":0,"is_trial":false}