{"gold_per_floor":[113,288,302,319,319,319,347,347,401,401,25,38,38,38,38,137,137,148,247,247,265,148,148,182,199,199,199,224,324,335,353,353,456,456,475,487,234,245,268,268,282,282,282,282,297,316,0,13,13,13],"floor_reached":50,"playtime":1579,"items_purged":[],"score":532,"play_id":"0610528d-de00-47e8-b110-808f82e9e64d","local_time":"20181109162639","is_ascension_mode":false,"campfire_choices":[{"data":"Backstab","floor":6,"key":"SMITH"},{"data":"Deadly Poison","floor":8,"key":"SMITH"},{"data":"Poisoned Stab","floor":10,"key":"SMITH"},{"floor":15,"key":"REST"},{"data":"Catalyst","floor":23,"key":"SMITH"},{"data":"Adrenaline","floor":27,"key":"SMITH"},{"floor":32,"key":"REST"},{"data":"Night Terror","floor":40,"key":"SMITH"},{"data":"Expertise","floor":42,"key":"SMITH"},{"data":"Crippling Poison","floor":44,"key":"SMITH"},{"floor":49,"key":"REST"}],"neow_cost":"NONE","seed_source_timestamp":2548169938101239,"circlet_count":0,"master_deck":["Defend_G+1","Defend_G+1","Defend_G+1","Defend_G+1","Defend_G+1","Strike_G+1","Strike_G+1","Strike_G+1","Strike_G+1","Strike_G+1","Survivor+1","Neutralize","Quick Slash","Poisoned Stab+1","Backstab+1","Deadly Poison+1","Crippling Poison+1","Dramatic Entrance","Leg Sweep","Poisoned Stab","Adrenaline+1","Endless Agony+1","Catalyst+1","Well Laid Plans","Backstab","Bane","Deadly Poison+1","Venomology","Night Terror+1","Blur","Crippling Poison+1","PiercingWail","Endless Agony+1","Expertise+1","Backstab+1","Prepared+1","Parasite"],"relics":["Ring of the Snake","NeowsBlessing","Pen Nib","War Paint","Lantern","Lizard Tail","Ancient Tea Set","Torii","Boot","WristBlade","Oddly Smooth Stone","Bag of Marbles","Pear","Red Mask"],"potions_floor_usage":[7,21,24,24,28,33,33,33,35,36,41,46,48,48,48,48,50,50],"damage_taken":[{"damage":0,"enemies":"Small Slimes","floor":1,"turns":1},{"damage":0,"enemies":"2 Louse","floor":3,"turns":1},{"damage":0,"enemies":"Cultist","floor":4,"turns":1},{"damage":21,"enemies":"Gremlin Nob","floor":7,"turns":5},{"damage":0,"enemies":"Red Slaver","floor":12,"turns":2},{"damage":16,"enemies":"Slime Boss","floor":16,"turns":9},{"damage":12,"enemies":"2 Thieves","floor":18,"turns":4},{"damage":2,"enemies":"Spheric Guardian","floor":21,"turns":3},{"damage":14,"enemies":"Book of Stabbing","floor":24,"turns":4},{"damage":0,"enemies":"Snake Plant","floor":25,"turns":3},{"damage":11,"enemies":"Slavers","floor":28,"turns":5},{"damage":0,"enemies":"Snecko","floor":30,"turns":2},{"damage":0,"enemies":"Sentry and Sphere","floor":31,"turns":3},{"damage":12,"enemies":"Champ","floor":33,"turns":7},{"damage":15,"enemies":"3 Darklings","floor":35,"turns":5},{"damage":0,"enemies":"Orb Walker","floor":36,"turns":2},{"damage":0,"enemies":"Jaw Worm Horde","floor":38,"turns":2},{"damage":0,"enemies":"3 Darklings","floor":41,"turns":2},{"damage":10,"enemies":"Spire Growth","floor":45,"turns":4},{"damage":22,"enemies":"Transient","floor":46,"turns":5},{"damage":11,"enemies":"Writhing Mass","floor":48,"turns":4},{"damage":18,"enemies":"Time Eater","floor":50,"turns":4}],"seed_played":"-8682684994695100246","potions_obtained":[{"floor":1,"key":"Block Potion"},{"floor":3,"key":"SteroidPotion"},{"floor":7,"key":"AttackPotion"},{"floor":18,"key":"LiquidBronze"},{"floor":21,"key":"Energy Potion"},{"floor":24,"key":"EssenceOfSteel"},{"floor":30,"key":"Strength Potion"},{"floor":35,"key":"Explosive Potion"},{"floor":36,"key":"FearPotion"},{"floor":41,"key":"Strength Potion"},{"floor":45,"key":"GamblersBrew"}],"is_trial":false,"path_per_floor":["M","?","M","M","?","R","E","R","T","R","$","M","$","?","R","B",null,"M","?","?","M","$","R","E","M","T","R","E","?","M","M","R","B",null,"M","M","$","M","T","R","M","R","T","R","M","M","?","M","R","B"],"character_chosen":"THE_SILENT","items_purchased":["Crippling Poison","Dramatic Entrance","Lantern","Leg Sweep","Catalyst","Well Laid Plans","Oddly Smooth Stone","PiercingWail","Swift Potion"],"campfire_rested":3,"item_purchase_floors":[11,11,11,11,22,22,37,37,37],"current_hp_per_floor":[70,70,70,70,70,70,49,49,49,49,49,49,49,49,70,54,70,58,58,58,56,56,56,42,42,42,42,31,31,31,31,52,40,70,55,55,55,55,55,55,55,55,65,65,55,33,33,22,46,28],"gold":13,"neow_bonus":"THREE_ENEMY_KILL","is_prod":false,"is_daily":false,"chose_seed":false,"campfire_upgraded":8,"win_rate":0,"timestamp":1541802399,"path_taken":["M","?","M","M","?","R","E","R","T","R","$","?","?","?","R","BOSS","M","?","?","M","$","R","E","M","T","R","E","?","M","M","R","BOSS","M","M","$","M","?","R","M","R","T","R","?","M","?","M","R","BOSS"],"build_version":"2018-11-08","purchased_purges":0,"victory":false,"max_hp_per_floor":[70,70,70,70,70,70,70,70,70,70,70,70,70,70,70,70,70,70,70,70,70,70,70,70,70,70,70,70,70,70,70,70,70,70,70,70,70,70,70,70,70,70,80,80,80,80,80,80,80,80],"card_choices":[{"not_picked":["Well Laid Plans","Sucker Punch"],"picked":"Quick Slash","floor":1},{"not_picked":["Deflect","Dodge and Roll"],"picked":"Poisoned Stab","floor":3},{"not_picked":["Underhanded Strike","Dagger Throw"],"picked":"Backstab","floor":4},{"not_picked":["Noxious Fumes","Tactician"],"picked":"Deadly Poison","floor":7},{"not_picked":["A Thousand Cuts","Flying Knee"],"picked":"Poisoned Stab","floor":12},{"not_picked":["Die Die Die","Unload"],"picked":"Adrenaline","floor":16},{"not_picked":["Infinite Blades","Dodge and Roll","Accuracy+1"],"picked":"SKIP","floor":18},{"not_picked":["Dagger Spray+1","Slice"],"picked":"Endless Agony+1","floor":21},{"not_picked":["Cloak And Dagger+1","Dodge and Roll"],"picked":"Backstab","floor":24},{"not_picked":["Backflip","Reflex"],"picked":"Bane","floor":25},{"not_picked":["Backflip","Dodge and Roll","Dagger Spray+1"],"picked":"SKIP","floor":28},{"not_picked":["Caltrops","Tactician"],"picked":"Deadly Poison+1","floor":30},{"not_picked":["Heel Hook","Setup"],"picked":"Venomology","floor":31},{"not_picked":["Bullet Time","Wraith Form v2"],"picked":"Night Terror","floor":33},{"not_picked":["Choke+1","Leg Sweep"],"picked":"Blur","floor":35},{"not_picked":["Quick Slash+1","Deflect+1"],"picked":"Crippling Poison","floor":36},{"not_picked":["Choke","Endless Agony+1","Prepared"],"picked":"SKIP","floor":38},{"not_picked":["Choke","Prepared"],"picked":"Endless Agony+1","floor":38},{"not_picked":["Backflip+1","Tactician+1"],"picked":"Expertise","floor":41},{"not_picked":["Poisoned Stab+1","Blade Dance"],"picked":"Backstab+1","floor":45},{"not_picked":["Dagger Spray","Crippling Poison+1"],"picked":"Prepared+1","floor":46},{"not_picked":["Flechettes+1","Expertise","Quick Slash+1"],"picked":"SKIP","floor":48}],"player_experience":220612,"relics_obtained":[{"floor":7,"key":"Pen Nib"},{"floor":9,"key":"War Paint"},{"floor":24,"key":"Ancient Tea Set"},{"floor":26,"key":"Torii"},{"floor":28,"key":"Boot"},{"floor":39,"key":"Bag of Marbles"},{"floor":43,"key":"Pear"}],"event_choices":[{"damage_healed":0,"gold_gain":175,"player_choice":"AGREE","damage_taken":0,"max_hp_gain":0,"max_hp_loss":0,"event_name":"Liars Game","floor":2,"gold_loss":0,"cards_obtained":["Doubt"]},{"cards_removed":["Doubt"],"damage_healed":0,"gold_gain":0,"player_choice":"Purged","damage_taken":0,"max_hp_gain":0,"max_hp_loss":0,"event_name":"Purifier","floor":5,"gold_loss":0},{"damage_healed":0,"gold_gain":0,"player_choice":"Grow","damage_taken":0,"max_hp_gain":0,"max_hp_loss":0,"event_name":"Living Wall","floor":14,"gold_loss":0,"cards_upgraded":["Crippling Poison"]},{"damage_healed":0,"gold_gain":99,"player_choice":"Stole From Cult","damage_taken":0,"max_hp_gain":0,"max_hp_loss":0,"event_name":"Nest","floor":19,"gold_loss":0},{"damage_healed":0,"gold_gain":0,"player_choice":"Simplicity","damage_taken":0,"max_hp_gain":0,"max_hp_loss":0,"event_name":"Back to Basics","floor":20,"gold_loss":0,"cards_upgraded":["Defend_G","Defend_G","Defend_G","Defend_G","Strike_G","Strike_G","Strike_G","Strike_G","Strike_G"]},{"damage_healed":0,"gold_gain":100,"player_choice":"Pray","damage_taken":0,"max_hp_gain":0,"max_hp_loss":0,"event_name":"Golden Shrine","floor":29,"gold_loss":0},{"damage_healed":0,"gold_gain":0,"player_choice":"Paid","damage_taken":0,"relics_obtained":["Red Mask"],"max_hp_gain":0,"max_hp_loss":0,"event_name":"Tomb of Lord Red Mask","floor":47,"gold_loss":316}],"is_beta":true,"boss_relics":[{"not_picked":["Philosopher\u0027s Stone","HoveringKite"],"picked":"Lizard Tail"},{"not_picked":["Astrolabe","Pandora\u0027s Box"],"picked":"WristBlade"}],"items_purged_floors":[],"is_endless":false,"potions_floor_spawned":[1,3,7,18,21,24,30,35,36,41,45],"killed_by":"Time Eater","ascension_level":0}