{"gold_per_floor":[114,114,114,131,150,150,150,163,244,5,46,67,67,100,100,231,231,250,250,267,279,279,311,311,345,370,389,37,64,78,3,3,107,107,121,121,121,131,144,144,144,161,188,208,233,8,21,51,51,51],"floor_reached":51,"playtime":2077,"items_purged":["Defend_G","Strike_G+1"],"score":1165,"play_id":"00484a8f-6fde-4d67-91b3-5b435345a429","local_time":"20190221130621","is_ascension_mode":true,"campfire_choices":[{"data":"A Thousand Cuts","floor":13,"key":"SMITH"},{"data":"Deadly Poison","floor":15,"key":"SMITH"},{"data":"Adrenaline","floor":24,"key":"SMITH"},{"data":"Catalyst","floor":32,"key":"SMITH"},{"floor":40,"key":"RECALL"},{"floor":49,"key":"REST"}],"neow_cost":"NONE","seed_source_timestamp":638223432941671,"circlet_count":0,"master_deck":["Defend_G+1","Defend_G+1","Defend_G+1","Defend_G+1","Strike_G+1","Survivor+1","Neutralize+1","Deadly Poison+1","A Thousand Cuts+1","Blade Dance+1","Cloak And Dagger+1","Riddle With Holes+1","Catalyst+1","Backflip+1","Dagger Spray+1","Adrenaline+1","Deflect+1","Crippling Poison+1","Ghostly+1","Ghostly+1","Ghostly+1","Ghostly+1","Ghostly+1","Bane+1","Terror+1","Backflip+1","Adrenaline+1","Backflip+1","Adrenaline+1","Cloak And Dagger+1","Blade Dance+1","Predator+1","Deadly Poison+1","Wraith Form v2","Cloak And Dagger+1"],"relics":["Ring of the Snake","NeowsBlessing","Bloody Idol","Blue Candle","Lee\u0027s Waffle","Lantern","Boot","Black Star","Happy Flower","Blood Vial","Orichalcum","Art of War","Strawberry","DollysMirror","Bag of Marbles","Bag of Preparation","Whetstone","Fusion Hammer","Mark of the Bloom","Juzu Bracelet","Mercury Hourglass","Vajra","Dream Catcher","Smiling Mask"],"potions_floor_usage":[11,11,16,20,25,25,33,35,45,45],"damage_taken":[{"damage":0,"enemies":"Jaw Worm","floor":1,"turns":1},{"damage":0,"enemies":"Small Slimes","floor":4,"turns":1},{"damage":0,"enemies":"Cultist","floor":5,"turns":1},{"damage":0,"enemies":"2 Fungi Beasts","floor":8,"turns":4},{"damage":7,"enemies":"Gremlin Nob","floor":11,"turns":4},{"damage":15,"enemies":"Large Slime","floor":12,"turns":6},{"damage":21,"enemies":"3 Sentries","floor":14,"turns":5},{"damage":25,"enemies":"Hexaghost","floor":16,"turns":8},{"damage":0,"enemies":"Chosen","floor":18,"turns":3},{"damage":15,"enemies":"2 Thieves","floor":20,"turns":4},{"damage":26,"enemies":"Snake Plant","floor":21,"turns":4},{"damage":18,"enemies":"Book of Stabbing","floor":23,"turns":7},{"damage":15,"enemies":"Slavers","floor":25,"turns":4},{"damage":5,"enemies":"Cultist and Chosen","floor":27,"turns":7},{"damage":0,"enemies":"Gremlin Leader","floor":29,"turns":7},{"damage":0,"enemies":"Centurion and Healer","floor":30,"turns":5},{"damage":40,"enemies":"Champ","floor":33,"turns":9},{"damage":0,"enemies":"Orb Walker","floor":35,"turns":2},{"damage":0,"enemies":"3 Shapes","floor":38,"turns":3},{"damage":0,"enemies":"Jaw Worm Horde","floor":39,"turns":2},{"damage":0,"enemies":"Writhing Mass","floor":42,"turns":3},{"damage":0,"enemies":"Sphere and 2 Shapes","floor":44,"turns":4},{"damage":0,"enemies":"Giant Head","floor":45,"turns":7},{"damage":0,"enemies":"Spire Growth","floor":47,"turns":3},{"damage":0,"enemies":"Reptomancer","floor":48,"turns":3},{"damage":0,"enemies":"Donu and Deca","floor":50,"turns":8}],"seed_played":"-7496331032088504001","potions_obtained":[{"floor":4,"key":"GhostInAJar"},{"floor":8,"key":"Strength Potion"},{"floor":12,"key":"Ancient Potion"},{"floor":14,"key":"Swift Potion"},{"floor":16,"key":"Poison Potion"},{"floor":18,"key":"FairyPotion"},{"floor":23,"key":"Explosive Potion"},{"floor":29,"key":"Block Potion"},{"floor":30,"key":"Explosive Potion"},{"floor":35,"key":"Fruit Juice"},{"floor":38,"key":"Ancient Potion"},{"floor":42,"key":"Block Potion"},{"floor":47,"key":"Swift Potion"}],"is_trial":false,"path_per_floor":["M","?","?","M","M","?","?","M","T","$","E","M","R","E","R","B",null,"M","?","M","M","?","E","R","E","T","M","$","E","M","$","R","B",null,"M","?","?","M","M","R","?","M","T","M","E","$","M","E","R","B",null],"character_chosen":"THE_SILENT","items_purchased":["Lee\u0027s Waffle","Catalyst","DollysMirror","Bag of Marbles","Ancient Potion","AttackPotion"],"campfire_rested":1,"item_purchase_floors":[10,10,28,28,46,46],"current_hp_per_floor":[70,70,70,70,70,53,39,39,39,77,70,55,55,34,34,9,60,60,60,55,34,34,21,21,13,25,27,27,34,41,41,41,8,36,48,48,47,47,47,47,47,47,47,47,47,47,47,47,47,47],"gold":51,"neow_bonus":"THREE_ENEMY_KILL","is_prod":false,"is_daily":false,"chose_seed":false,"campfire_upgraded":4,"win_rate":0,"timestamp":1550775981,"path_taken":["M","?","?","M","?","?","?","M","T","$","E","M","R","E","R","BOSS","M","?","M","M","?","E","R","E","T","M","$","E","M","$","R","BOSS","M","?","?","M","M","R","?","M","T","M","E","$","M","E","R","BOSS"],"build_version":"2019-02-06","purchased_purges":2,"victory":true,"max_hp_per_floor":[70,70,70,70,70,70,70,70,70,77,77,77,77,77,77,77,77,77,77,77,77,38,38,38,38,45,45,45,45,45,45,45,45,45,50,50,47,47,47,47,47,47,47,47,47,47,47,47,47,47],"card_choices":[{"not_picked":["Sucker Punch","PiercingWail"],"picked":"Deadly Poison","floor":1},{"not_picked":["Masterful Stab","Escape Plan"],"picked":"Blade Dance","floor":4},{"not_picked":["Bouncing Flask","Concentrate"],"picked":"Cloak And Dagger","floor":5},{"not_picked":["Tactician","Reflex"],"picked":"Riddle With Holes","floor":8},{"not_picked":["Acrobatics","Slice"],"picked":"Backflip","floor":11},{"not_picked":["Glass Knife","Prepared"],"picked":"Dagger Spray","floor":12},{"not_picked":["Quick Slash","Eviscerate","Tactician"],"picked":"SKIP","floor":14},{"not_picked":["Wraith Form v2","Doppelganger"],"picked":"Adrenaline","floor":16},{"not_picked":["Dagger Throw","Acrobatics"],"picked":"Deflect+1","floor":18},{"not_picked":["Quick Slash","Poisoned Stab"],"picked":"Crippling Poison","floor":20},{"not_picked":["Expertise+1","Dagger Throw","Flying Knee"],"picked":"SKIP","floor":21},{"not_picked":["Concentrate","Dagger Spray"],"picked":"Bane","floor":23},{"not_picked":["Underhanded Strike+1","Dagger Spray"],"picked":"Terror+1","floor":25},{"not_picked":["Finisher+1","Acrobatics"],"picked":"Backflip","floor":27},{"not_picked":["Quick Slash+1","Slice"],"picked":"Backflip","floor":29},{"not_picked":["Blade Dance","Poisoned Stab+1","Bane+1"],"picked":"SKIP","floor":30},{"not_picked":["Die Die Die","Tools of the Trade"],"picked":"Adrenaline","floor":33},{"not_picked":["Slice","Blade Dance"],"picked":"Cloak And Dagger","floor":35},{"not_picked":["Choke","Terror"],"picked":"Blade Dance+1","floor":38},{"not_picked":["Deflect","Sucker Punch"],"picked":"Predator+1","floor":39},{"not_picked":["Slice","Acrobatics"],"picked":"Deadly Poison+1","floor":42},{"not_picked":["Deadly Poison","Underhanded Strike+1","Flying Knee+1"],"picked":"SKIP","floor":44},{"not_picked":["Noxious Fumes","Sucker Punch+1","PiercingWail"],"picked":"SKIP","floor":45},{"not_picked":["Leg Sweep","Slice+1"],"picked":"Wraith Form v2","floor":47},{"not_picked":["Bane","Acrobatics+1","Outmaneuver"],"picked":"SKIP","floor":48},{"not_picked":["Dagger Throw+1","Quick Slash+1"],"picked":"Cloak And Dagger+1","floor":49}],"player_experience":453532,"relics_obtained":[{"floor":9,"key":"Blue Candle"},{"floor":11,"key":"Lantern"},{"floor":14,"key":"Boot"},{"floor":23,"key":"Happy Flower"},{"floor":23,"key":"Blood Vial"},{"floor":25,"key":"Orichalcum"},{"floor":25,"key":"Art of War"},{"floor":26,"key":"Strawberry"},{"floor":29,"key":"Bag of Preparation"},{"floor":29,"key":"Whetstone"},{"floor":43,"key":"Juzu Bracelet"},{"floor":45,"key":"Mercury Hourglass"},{"floor":45,"key":"Vajra"},{"floor":48,"key":"Dream Catcher"},{"floor":48,"key":"Smiling Mask"}],"event_choices":[{"cards_removed":["Strike_G"],"damage_healed":0,"gold_gain":0,"player_choice":"Forget","damage_taken":0,"max_hp_gain":0,"max_hp_loss":0,"event_name":"Living Wall","floor":2,"gold_loss":0},{"damage_healed":0,"gold_gain":0,"cards_transformed":["Strike_G"],"player_choice":"Transformed","damage_taken":0,"max_hp_gain":0,"max_hp_loss":0,"event_name":"Transmorgrifier","floor":3,"gold_loss":0,"cards_obtained":["A Thousand Cuts"]},{"damage_healed":0,"gold_gain":0,"player_choice":"Take Damage","damage_taken":17,"relics_obtained":["Golden Idol"],"max_hp_gain":0,"max_hp_loss":0,"event_name":"Golden Idol","floor":6,"gold_loss":0},{"damage_healed":0,"gold_gain":0,"player_choice":"Entered Light","damage_taken":14,"max_hp_gain":0,"max_hp_loss":0,"event_name":"Shining Light","floor":7,"gold_loss":0,"cards_upgraded":["Strike_G","Cloak And Dagger"]},{"damage_healed":0,"gold_gain":0,"player_choice":"Gave Idol","damage_taken":0,"relics_obtained":["Bloody Idol"],"max_hp_gain":0,"max_hp_loss":0,"event_name":"Forgotten Altar","floor":19,"relics_lost":["Golden Idol"],"gold_loss":0},{"damage_healed":0,"gold_gain":0,"player_choice":"Became a Ghost","damage_taken":0,"max_hp_gain":0,"max_hp_loss":39,"event_name":"Ghosts","floor":22,"gold_loss":0,"cards_obtained":["Ghostly","Ghostly","Ghostly","Ghostly","Ghostly"]},{"damage_healed":0,"gold_gain":0,"player_choice":"Upgrade","damage_taken":0,"relics_obtained":["Mark of the Bloom"],"max_hp_gain":0,"max_hp_loss":0,"event_name":"MindBloom","floor":36,"gold_loss":0,"cards_upgraded":["Defend_G","Defend_G","Defend_G","Defend_G","Strike_G","Survivor","Neutralize","Blade Dance","Riddle With Holes","Backflip","Dagger Spray","Crippling Poison","Ghostly","Ghostly","Ghostly","Ghostly","Ghostly","Backflip","Backflip","Adrenaline","Cloak And Dagger"]},{"damage_healed":0,"gold_gain":0,"player_choice":"Max HP","damage_taken":0,"max_hp_gain":0,"max_hp_loss":3,"event_name":"Winding Halls","floor":37,"gold_loss":0},{"cards_removed":["Strike_G"],"damage_healed":0,"gold_gain":0,"player_choice":"Removed Attack","damage_taken":0,"max_hp_gain":0,"max_hp_loss":0,"event_name":"Falling","floor":41,"gold_loss":0}],"is_beta":true,"boss_relics":[{"not_picked":["Velvet Choker","Eternal Feather"],"picked":"Black Star"},{"not_picked":["Calling Bell","Empty Cage"],"picked":"Fusion Hammer"}],"items_purged_floors":[31,46],"is_endless":false,"potions_floor_spawned":[4,8,12,14,16,18,23,29,30,35,38,42,47],"ascension_level":5}