{"gold_per_floor":[17,30,42,61,61,91,91,116,167,167,137,137,150,161,161,161],"floor_reached":16,"playtime":1094,"items_purged":[],"score":118,"play_id":"81fa840f-eec8-42fe-bd35-72ced52102b7","local_time":"20190623193239","is_ascension_mode":true,"campfire_choices":[{"data":"animator:Melzalgald","floor":7,"key":"SMITH"},{"data":"animator:Boros","floor":10,"key":"SMITH"},{"floor":12,"key":"REST"},{"data":"animator:SilverFang","floor":15,"key":"SMITH"}],"neow_cost":"NO_GOLD","seed_source_timestamp":1097008282926684,"circlet_count":0,"master_deck":["animator:Strike_OnePunchMan","animator:Defend_OnePunchMan","animator:Strike","animator:Strike","animator:Strike","animator:Defend","animator:Defend","animator:Defend","animator:Genos","animator:Sonic","animator:Boros+1","animator:MumenRider","animator:Azekura","animator:Vesta","animator:Tatsumaki","animator:Melzalgald+1","animator:DolaSchwi","animator:SilverFang+1"],"relics":["animator:LivingPicture","animator:PurgingStone_Cards","animator:TheMissingPiece","Chemical X","Boot","Dream Catcher","Emotion Chip","Lantern"],"potions_floor_usage":[8],"damage_taken":[{"damage":0,"enemies":"Cultist","floor":1,"turns":4},{"damage":0,"enemies":"Small Slimes","floor":2,"turns":4},{"damage":1,"enemies":"Jaw Worm","floor":3,"turns":5},{"damage":15,"enemies":"2 Fungi Beasts","floor":4,"turns":5},{"damage":38,"enemies":"Gremlin Nob","floor":6,"turns":5},{"damage":14,"enemies":"3 Sentries","floor":8,"turns":10},{"damage":0,"enemies":"Large Slime","floor":13,"turns":5},{"damage":3,"enemies":"Blue Slaver","floor":14,"turns":4},{"damage":24,"enemies":"Slime Boss","floor":16,"turns":4}],"seed_played":"-922058738752787080","potions_obtained":[{"floor":3,"key":"LiquidBronze"},{"floor":4,"key":"animator:FalseLifePotion"},{"floor":14,"key":"Ancient Potion"}],"is_trial":false,"path_per_floor":["M","M","M","M","$","E","R","E","T","R","?","R","M","M","R","B"],"character_chosen":"THE_ANIMATOR","items_purchased":[],"campfire_rested":1,"item_purchase_floors":[],"current_hp_per_floor":[72,72,71,56,56,18,18,4,4,4,4,25,25,22,22,0],"gold":161,"neow_bonus":"THREE_RARE_CARDS","is_prod":false,"is_daily":false,"chose_seed":false,"campfire_upgraded":3,"win_rate":0,"timestamp":1561332759,"path_taken":["M","M","M","M","$","E","R","E","T","R","?","R","M","M","R","BOSS"],"build_version":"2019-01-23","purchased_purges":0,"victory":false,"max_hp_per_floor":[72,72,72,72,72,72,72,72,72,72,72,72,72,72,72,72],"card_choices":[{"not_picked":["animator:Greed","animator:ItamiYouji"],"picked":"animator:Boros","floor":0},{"not_picked":["animator:LizardPriest","animator:Yuuichirou"],"picked":"animator:MumenRider","floor":1},{"not_picked":["animator:AcuraAkari","animator:Tet"],"picked":"animator:Azekura","floor":2},{"not_picked":["animator:Kaijin","animator:AcuraTooru"],"picked":"animator:Vesta","floor":3},{"not_picked":["animator:MumenRider","animator:Boros"],"picked":"animator:Tatsumaki","floor":4},{"not_picked":["animator:Raven","animator:CrowleyEusford"],"picked":"animator:Melzalgald","floor":6},{"not_picked":["animator:RoryMercury","animator:Tyuule"],"picked":"animator:DolaSchwi","floor":8},{"not_picked":["animator:Genos","animator:Shigure","animator:Witch"],"picked":"SKIP","floor":13},{"not_picked":["animator:Sonic","animator:Tatsumaki"],"picked":"animator:SilverFang","floor":14}],"player_experience":549286,"relics_obtained":[{"floor":3,"key":"Chemical X"},{"floor":6,"key":"Boot"},{"floor":8,"key":"Dream Catcher"},{"floor":8,"key":"Emotion Chip"},{"floor":9,"key":"Lantern"}],"event_choices":[{"damage_healed":0,"gold_gain":0,"player_choice":"Left Gold","damage_taken":0,"max_hp_gain":0,"max_hp_loss":0,"event_name":"World of Goop","floor":11,"gold_loss":30}],"is_beta":false,"boss_relics":[],"items_purged_floors":[],"is_endless":false,"potions_floor_spawned":[3,4,14],"killed_by":"Slime Boss","ascension_level":1}