{"path_per_floor":["M","M","?","?","?","R","?","M","T","$","E","?","R","M","R","B",null,"M","M","M"],"character_chosen":"DEFECT","items_purchased":["FTL","Melter","Redo"],"gold_per_floor":[114,127,202,202,172,172,422,442,442,72,98,98,98,109,109,209,209,227,243,263,263],"floor_reached":21,"campfire_rested":2,"playtime":1876,"current_hp_per_floor":[75,71,60,53,53,53,53,53,53,53,11,11,33,22,44,7,75,60,60,41,0],"items_purged":["Regret"],"gold":263,"score":179,"play_id":"ba33d470-fd3e-43a6-a5c5-3ea399130b09","local_time":"20180430145010","is_prod":false,"is_daily":false,"chose_seed":false,"is_ascension_mode":false,"campfire_upgraded":1,"timestamp":1525092610,"path_taken":["M","M","?","?","?","R","?","?","T","$","E","?","R","M","R","BOSS","M","M","?","M"],"build_version":"2018-04-27v3","seed_source_timestamp":966351826626,"purchased_purges":1,"victory":false,"master_deck":["Strike_B","Strike_B","Strike_B","Strike_B","Defend_B","Defend_B","Defend_B","Zap","Dualcast","Impulse","Chill+1","Barrage","FTL","Melter","Redo+1","Leap","Storm","Capacitor","Rainbow","Ball Lightning","Coolheaded","Blizzard","Darkness","Glacier","Axe Kick"],"max_hp_per_floor":[75,75,75,75,75,75,75,75,75,75,75,75,75,75,75,75,75,75,75,75,75],"relics":["Cracked Core","Dream Catcher","Pantograph","Ancient Tea Set","Orrery"],"card_choices":[{"not_picked":["Rip and Tear","Streamline"],"picked":"Impulse","floor":1},{"not_picked":["Coolheaded","Beam Cell"],"picked":"Chill","floor":2},{"not_picked":["Coolheaded","Stack"],"picked":"Barrage","floor":8},{"not_picked":["Stack","Streamline"],"picked":"Leap","floor":11},{"not_picked":["Axe Kick","Skim"],"picked":"Storm","floor":14},{"not_picked":["Thunder Strike","Sweeping Beam"],"picked":"Capacitor","floor":15},{"not_picked":["Prime","Machine Learning"],"picked":"Rainbow","floor":16},{"not_picked":["Go for the Eyes","Coolheaded"],"picked":"Ball Lightning","floor":17},{"not_picked":["Axe Kick","Capacitor"],"picked":"Coolheaded","floor":17},{"not_picked":["Reprogram","Leap"],"picked":"Blizzard","floor":17},{"not_picked":["Steam Power","FTL"],"picked":"Darkness","floor":18},{"not_picked":["Beam Cell","Barrage"],"picked":"Glacier","floor":19},{"not_picked":["Barrage","Genetic Algorithm"],"picked":"Axe Kick","floor":20}],"player_experience":7631,"potions_floor_usage":[11,18,20,20],"damage_taken":[{"damage":0,"enemies":"Small Slimes","floor":1,"turns":2},{"damage":4,"enemies":"2 Louse","floor":2,"turns":3},{"damage":0,"enemies":"Cultist","floor":8,"turns":4},{"damage":42,"enemies":"Lagavulin","floor":11,"turns":7},{"damage":11,"enemies":"Exordium Wildlife","floor":14,"turns":3},{"damage":62,"enemies":"Hexaghost","floor":16,"turns":13},{"damage":15,"enemies":"Chosen","floor":18,"turns":5},{"damage":0,"enemies":"Spheric Guardian","floor":19,"turns":2},{"damage":31,"enemies":"Snake Plant","floor":20,"turns":4},{"damage":44,"enemies":"3 Cultists","floor":21,"turns":6}],"event_choices":[{"event_name":"World of Goop","player_choice":"Gather Gold","floor":3,"damage_taken":0},{"event_name":"Golden Wing","player_choice":"Card Removal","floor":4,"damage_taken":0},{"event_name":"The Woman in Blue","player_choice":"Bought 2 Potions","floor":5,"damage_taken":0},{"event_name":"Golden Shrine","player_choice":"Desecrate","floor":7,"damage_taken":0},{"event_name":"Accursed Blacksmith","player_choice":"Forge","floor":12,"damage_taken":0}],"boss_relics":[{"not_picked":["Calling Bell","Cursed Key"],"picked":"Orrery"}],"potions_floor_spawned":[2,8,11,14,19],"seed_played":"2381979765828787828","killed_by":"3 Cultists","ascension_level":0,"is_trial":false}