{"gold_per_floor":[115,115,95,106,31,31,57,73,73,73,90,66,13,30,30,30],"floor_reached":16,"playtime":831,"items_purged":["Defend_G"],"score":130,"play_id":"2b910445-962d-4f20-82bc-d4ff334226b0","local_time":"20190605192802","is_ascension_mode":true,"campfire_choices":[{"data":"Neutralize","floor":6,"key":"SMITH"},{"data":"Backflip","floor":15,"key":"SMITH"}],"neow_cost":"NONE","seed_source_timestamp":2960013502063,"circlet_count":0,"master_deck":["Defend_G","Defend_G","Defend_G","Defend_G","Strike_G","Strike_G","Strike_G","Strike_G","Strike_G","Survivor","Neutralize+1","Heel Hook","Blur","Unload","PiercingWail","Backflip+1","Dodge and Roll","Quick Slash"],"relics":["Ring of the Snake","Vajra","Mango","Blue Candle","Meat on the Bone","FossilizedHelix","The Courier"],"potions_floor_usage":[7,11,16,16],"damage_taken":[{"damage":0,"enemies":"Jaw Worm","floor":1,"turns":4},{"damage":0,"enemies":"Small Slimes","floor":4,"turns":3},{"damage":27,"enemies":"3 Sentries","floor":7,"turns":10},{"damage":0,"enemies":"Cultist","floor":8,"turns":2},{"damage":0,"enemies":"Looter","floor":11,"turns":3},{"damage":0,"enemies":"Exordium Thugs","floor":14,"turns":6},{"damage":59,"enemies":"Hexaghost","floor":16,"turns":16}],"seed_played":"-4264469094066486419","potions_obtained":[{"floor":3,"key":"SkillPotion"},{"floor":4,"key":"Energy Potion"},{"floor":11,"key":"Fruit Juice"},{"floor":14,"key":"FearPotion"}],"is_trial":false,"path_per_floor":["M","?","?","M","$","R","E","M","T","?","M","$","?","M","R","B"],"character_chosen":"THE_SILENT","items_purchased":["Dodge and Roll"],"campfire_rested":0,"item_purchase_floors":[12],"current_hp_per_floor":[70,66,66,66,66,66,39,39,39,39,56,56,56,56,56,0],"gold":30,"neow_bonus":"RANDOM_COMMON_RELIC","is_prod":false,"is_daily":false,"chose_seed":false,"campfire_upgraded":2,"win_rate":0,"timestamp":1559777282,"path_taken":["M","?","?","?","$","R","E","M","T","?","M","?","?","?","R","BOSS"],"build_version":"2019-01-23","purchased_purges":1,"victory":false,"max_hp_per_floor":[70,84,84,84,84,84,84,84,84,84,89,89,89,89,89,89],"card_choices":[{"not_picked":["Slice","Choke"],"picked":"Heel Hook","floor":1},{"not_picked":["Predator","Prepared"],"picked":"Blur","floor":4},{"not_picked":["Choke","Quick Slash"],"picked":"Unload","floor":7},{"not_picked":["Deflect","Poisoned Stab"],"picked":"PiercingWail","floor":8},{"not_picked":["Masterful Stab","Bane"],"picked":"Backflip","floor":11},{"not_picked":["Backflip","Poisoned Stab"],"picked":"Quick Slash","floor":14}],"player_experience":108463,"relics_obtained":[{"floor":7,"key":"Blue Candle"},{"floor":9,"key":"Meat on the Bone"},{"floor":10,"key":"FossilizedHelix"}],"event_choices":[{"damage_healed":0,"gold_gain":0,"player_choice":"Success","damage_taken":18,"relics_obtained":["Mango"],"max_hp_gain":0,"max_hp_loss":0,"event_name":"Scrap Ooze","floor":2,"gold_loss":0},{"damage_healed":0,"gold_gain":0,"player_choice":"Bought 1 Potion","damage_taken":0,"max_hp_gain":0,"max_hp_loss":0,"event_name":"The Woman in Blue","floor":3,"gold_loss":0},{"damage_healed":0,"gold_gain":0,"player_choice":"Relic","damage_taken":0,"max_hp_gain":0,"max_hp_loss":0,"event_name":"Wheel of Change","floor":10,"gold_loss":0},{"damage_healed":0,"gold_gain":0,"player_choice":"Paid Gold","damage_taken":0,"relics_obtained":["The Courier"],"max_hp_gain":0,"max_hp_loss":0,"event_name":"WeMeetAgain","floor":13,"gold_loss":53}],"is_beta":false,"boss_relics":[],"items_purged_floors":[5],"is_endless":false,"potions_floor_spawned":[4,11,14],"killed_by":"Hexaghost","ascension_level":1}