{"gold_per_floor":[219,22,22,22,45,80,5,38,61,79,79,79,110,29,29,29],"floor_reached":16,"playtime":441,"items_purged":["Injury"],"score":139,"play_id":"f7ddbb78-038d-4c69-92fb-582c98f7c6e1","local_time":"20190131124229","is_ascension_mode":true,"campfire_choices":[{"floor":11,"key":"REST"},{"data":"Zap","floor":15,"key":"SMITH"}],"neow_cost":"NONE","seed_source_timestamp":627433620669036,"circlet_count":0,"master_deck":["Strike_B","Strike_B+1","Strike_B+1","Defend_B","Defend_B","Defend_B","Defend_B","Zap+1","Dualcast","Gash","Gash","Impatience","Coolheaded","Skim","Ball Lightning","FTL","Scrape","FTL"],"relics":["Cracked Core","Golden Idol","Whetstone","Orichalcum","Bag of Marbles","Dream Catcher"],"potions_floor_usage":[6,16],"damage_taken":[{"damage":4,"enemies":"Jaw Worm","floor":1,"turns":4},{"damage":0,"enemies":"2 Louse","floor":5,"turns":2},{"damage":24,"enemies":"Lagavulin","floor":6,"turns":5},{"damage":31,"enemies":"3 Sentries","floor":8,"turns":6},{"damage":0,"enemies":"Cultist","floor":10,"turns":2},{"damage":4,"enemies":"Gremlin Nob","floor":13,"turns":3},{"damage":36,"enemies":"The Guardian","floor":16,"turns":7}],"seed_played":"-8907816732115492823","potions_obtained":[{"floor":5,"key":"AttackPotion"},{"floor":13,"key":"FearPotion"}],"is_trial":false,"path_per_floor":["M","$","?","?","M","E","$","E","T","M","R","?","E","$","R","B"],"character_chosen":"DEFECT","items_purchased":["Gash","Impatience","Coolheaded","FTL"],"campfire_rested":1,"item_purchase_floors":[2,2,2,14],"current_hp_per_floor":[71,71,71,71,71,47,47,16,16,16,38,38,34,34,34,0],"gold":29,"neow_bonus":"HUNDRED_GOLD","is_prod":false,"is_daily":false,"chose_seed":false,"campfire_upgraded":1,"win_rate":0,"timestamp":1548960149,"path_taken":["M","$","?","?","M","E","$","E","T","M","R","?","E","?","R","BOSS"],"build_version":"2019-01-23","purchased_purges":1,"victory":false,"max_hp_per_floor":[75,75,75,75,75,75,75,75,75,75,75,75,75,75,75,75],"card_choices":[{"not_picked":["Compile Driver","Consume"],"picked":"Gash","floor":1},{"not_picked":["Ball Lightning","Storm"],"picked":"Skim","floor":5},{"not_picked":["Heatsinks","Streamline"],"picked":"Ball Lightning","floor":6},{"not_picked":["Meteor Strike","Beam Cell","Force Field"],"picked":"SKIP","floor":8},{"not_picked":["Doom and Gloom","Self Repair"],"picked":"FTL","floor":10},{"not_picked":["Doom and Gloom","Consume"],"picked":"Scrape","floor":13}],"player_experience":418671,"relics_obtained":[{"floor":6,"key":"Whetstone"},{"floor":8,"key":"Orichalcum"},{"floor":9,"key":"Bag of Marbles"},{"floor":13,"key":"Dream Catcher"}],"event_choices":[{"damage_healed":0,"gold_gain":0,"player_choice":"Take Wound","damage_taken":0,"relics_obtained":["Golden Idol"],"max_hp_gain":0,"max_hp_loss":0,"event_name":"Golden Idol","floor":3,"gold_loss":0,"cards_obtained":["Injury"]},{"damage_healed":0,"gold_gain":0,"player_choice":"Ignored","damage_taken":0,"max_hp_gain":0,"max_hp_loss":0,"event_name":"Liars Game","floor":4,"gold_loss":0},{"cards_removed":["Strike_B"],"damage_healed":0,"gold_gain":0,"player_choice":"Forget","damage_taken":0,"max_hp_gain":0,"max_hp_loss":0,"event_name":"Living Wall","floor":12,"gold_loss":0}],"is_beta":true,"boss_relics":[],"items_purged_floors":[7],"is_endless":false,"potions_floor_spawned":[5,13],"killed_by":"The Guardian","ascension_level":4}