{"gold_per_floor":[114,133,133,153,153,153,180,180,206,226,258,258,36,49,49,151,151,169,169,181,193,193,193,206,206],"floor_reached":25,"playtime":1228,"items_purged":["Strike_R"],"score":291,"play_id":"cf83fe17-8c31-41c4-8a50-5f34cc5e02cc","local_time":"20190623111749","is_ascension_mode":true,"campfire_choices":[{"data":"Bash","floor":6,"key":"SMITH"},{"data":"Inflame","floor":15,"key":"SMITH"},{"floor":23,"key":"REST"}],"neow_cost":"CURSE","seed_source_timestamp":5355692462485,"circlet_count":0,"master_deck":["Strike_R","Strike_R","Strike_R","Defend_R","Defend_R+1","Defend_R+1","Defend_R","Bash+1","Armaments","Uppercut","Ghostly Armor","Inflame+1","Twin Strike","Shrug It Off","Jack Of All Trades","Fiend Fire","Thunderclap","J.A.X.","Shrug It Off+1","Feel No Pain","Carnage","Wild Strike+1"],"relics":["Burning Blood","Happy Flower","War Paint","Bottled Lightning","Dream Catcher","Runic Cube"],"potions_floor_usage":[16,18,24,25],"damage_taken":[{"damage":12,"enemies":"Jaw Worm","floor":1,"turns":2},{"damage":0,"enemies":"Small Slimes","floor":2,"turns":4},{"damage":0,"enemies":"2 Louse","floor":4,"turns":3},{"damage":38,"enemies":"Lagavulin","floor":7,"turns":8},{"damage":11,"enemies":"Lots of Slimes","floor":10,"turns":7},{"damage":24,"enemies":"3 Sentries","floor":11,"turns":10},{"damage":0,"enemies":"2 Fungi Beasts","floor":14,"turns":6},{"damage":33,"enemies":"Slime Boss","floor":16,"turns":13},{"damage":28,"enemies":"3 Byrds","floor":18,"turns":7},{"damage":21,"enemies":"Shell Parasite","floor":20,"turns":5},{"damage":11,"enemies":"Snake Plant","floor":21,"turns":3},{"damage":17,"enemies":"Shelled Parasite and Fungi","floor":24,"turns":6},{"damage":48,"enemies":"Gremlin Leader","floor":25,"turns":4}],"seed_played":"-7274447727495339178","potions_obtained":[{"floor":2,"key":"Ancient Potion"},{"floor":10,"key":"Dexterity Potion"},{"floor":11,"key":"Weak Potion"},{"floor":16,"key":"Weak Potion"},{"floor":18,"key":"Dexterity Potion"},{"floor":24,"key":"Strength Potion"}],"is_trial":false,"path_per_floor":["M","M","?","M","?","R","E","?","T","M","E","?","$","M","R","B",null,"M","?","M","M","?","R","M","E"],"character_chosen":"IRONCLAD","items_purchased":["Dream Catcher"],"campfire_rested":1,"item_purchase_floors":[13],"current_hp_per_floor":[90,96,96,96,89,89,57,96,96,91,73,73,73,79,79,52,85,63,63,48,43,24,54,43,0],"gold":206,"neow_bonus":"TWENTY_PERCENT_HP_BONUS","is_prod":false,"is_daily":false,"chose_seed":false,"campfire_upgraded":2,"win_rate":0,"timestamp":1561303069,"path_taken":["M","M","?","M","?","R","E","?","T","?","E","?","?","M","R","BOSS","M","?","M","M","?","R","M","E"],"build_version":"2019-01-23","purchased_purges":1,"victory":false,"max_hp_per_floor":[96,96,96,96,96,96,96,96,96,96,96,96,96,96,96,96,96,96,96,96,96,101,101,101,101],"card_choices":[{"not_picked":["Pommel Strike","Flex"],"picked":"Armaments","floor":1},{"not_picked":["Spot Weakness","Havoc"],"picked":"Uppercut","floor":2},{"not_picked":["Thunderclap","Perfected Strike"],"picked":"Inflame","floor":4},{"not_picked":["Limit Break","Rupture"],"picked":"Carnage","floor":7},{"not_picked":["Wild Strike","Havoc"],"picked":"Twin Strike","floor":10},{"not_picked":["Flex","Body Slam"],"picked":"Shrug It Off","floor":11},{"not_picked":["Perfected Strike","Pummel","Second Wind"],"picked":"SKIP","floor":14},{"not_picked":["Dark Embrace","Berserk"],"picked":"Fiend Fire","floor":16},{"not_picked":["Armaments+1","Heavy Blade+1"],"picked":"Thunderclap","floor":18},{"not_picked":["Seeing Red","Twin Strike"],"picked":"Shrug It Off+1","floor":20},{"not_picked":["Heavy Blade","Disarm"],"picked":"Feel No Pain","floor":21},{"not_picked":["Body Slam","Thunderclap+1"],"picked":"Carnage","floor":23},{"not_picked":["Iron Wave","Seeing Red"],"picked":"Wild Strike+1","floor":24}],"player_experience":179006,"relics_obtained":[{"floor":7,"key":"Happy Flower"},{"floor":9,"key":"War Paint"},{"floor":11,"key":"Bottled Lightning"}],"event_choices":[{"damage_healed":0,"gold_gain":0,"cards_transformed":["Strike_R"],"player_choice":"Change","damage_taken":0,"max_hp_gain":0,"max_hp_loss":0,"event_name":"Living Wall","floor":3,"gold_loss":0,"cards_obtained":["Ghostly Armor"]},{"cards_removed":["Shame"],"damage_healed":0,"gold_gain":0,"player_choice":"Card Removal","damage_taken":7,"max_hp_gain":0,"max_hp_loss":0,"event_name":"Golden Wing","floor":5,"gold_loss":0},{"cards_removed":["Carnage"],"damage_healed":39,"gold_gain":0,"player_choice":"Offered Uncommon","damage_taken":0,"max_hp_gain":0,"max_hp_loss":0,"event_name":"Bonfire Elementals","floor":8,"gold_loss":0},{"damage_healed":0,"gold_gain":0,"player_choice":"1 cards matched","damage_taken":0,"max_hp_gain":0,"max_hp_loss":0,"event_name":"Match and Keep!","floor":12,"gold_loss":0,"cards_obtained":["Jack Of All Trades"]},{"damage_healed":0,"gold_gain":0,"player_choice":"Obtain J.A.X.","damage_taken":0,"max_hp_gain":0,"max_hp_loss":0,"event_name":"Drug Dealer","floor":19,"gold_loss":0,"cards_obtained":["J.A.X."]},{"damage_healed":0,"gold_gain":0,"player_choice":"Shed Blood","damage_taken":24,"max_hp_gain":5,"max_hp_loss":0,"event_name":"Forgotten Altar","floor":22,"gold_loss":0}],"is_beta":false,"boss_relics":[{"not_picked":["Lizard Tail","Empty Cage"],"picked":"Runic Cube"}],"items_purged_floors":[13],"is_endless":false,"potions_floor_spawned":[2,10,11,14,16,18,24],"killed_by":"Gremlin Leader","ascension_level":5}