{"gold_per_floor":[109,34,48,58,74,109,119,119,142,153,167,183,197,197,197,298,298,314,314,229,229,23,48,60,70,70,70,104,104,28,45,45,45],"floor_reached":33,"playtime":1636,"items_purged":["Strike_R"],"score":291,"play_id":"d750dbfa-3fc0-4bde-b2f4-59b1f301380b","local_time":"20190215200841","is_ascension_mode":false,"campfire_choices":[{"data":"Havoc","floor":8,"key":"SMITH"},{"data":"Uppercut","floor":15,"key":"SMITH"},{"floor":27,"key":"REST"},{"floor":29,"key":"REST"},{"data":"Warcry","floor":32,"key":"SMITH"}],"neow_cost":"NONE","seed_source_timestamp":122249879043869,"circlet_count":0,"master_deck":["Strike_R+1","Strike_R+1","Strike_R+1","Strike_R+1","Defend_R+1","Defend_R+1","Defend_R+1","Defend_R+1","Bash","Barricade","Metallicize","Havoc+1","Rage","Wild Strike","Sentinel","Inflame","Flex","Uppercut+1","Metallicize","Second Wind","Immolate","Evolve","Power Through","Fiend Fire","Infernal Blade","Blood for Blood","Shrug It Off+1","Warcry+1","Armaments+1","Metallicize+1"],"relics":["Burning Blood","Blue Candle","Oddly Smooth Stone","Orrery","Vajra","Membership Card","Happy Flower","Ginger","Anchor","Ancient Tea Set"],"potions_floor_usage":[13,16,16,33,33],"damage_taken":[{"damage":7,"enemies":"Small Slimes","floor":1,"turns":5},{"damage":2,"enemies":"2 Louse","floor":3,"turns":4},{"damage":1,"enemies":"Jaw Worm","floor":4,"turns":5},{"damage":0,"enemies":"Exordium Wildlife","floor":5,"turns":5},{"damage":33,"enemies":"Gremlin Nob","floor":6,"turns":6},{"damage":12,"enemies":"2 Fungi Beasts","floor":7,"turns":4},{"damage":4,"enemies":"Red Slaver","floor":10,"turns":5},{"damage":5,"enemies":"Exordium Wildlife","floor":11,"turns":6},{"damage":8,"enemies":"Large Slime","floor":12,"turns":5},{"damage":8,"enemies":"Gremlin Gang","floor":13,"turns":5},{"damage":15,"enemies":"Hexaghost","floor":16,"turns":17},{"damage":19,"enemies":"2 Thieves","floor":18,"turns":5},{"damage":47,"enemies":"Book of Stabbing","floor":23,"turns":9},{"damage":10,"enemies":"Chosen","floor":24,"turns":6},{"damage":10,"enemies":"3 Cultists","floor":25,"turns":4},{"damage":20,"enemies":"Gremlin Leader","floor":28,"turns":8},{"damage":24,"enemies":"Shelled Parasite and Fungi","floor":31,"turns":7},{"damage":68,"enemies":"Automaton","floor":33,"turns":12}],"seed_played":"6410855031778018043","potions_obtained":[{"floor":3,"key":"LiquidBronze"},{"floor":5,"key":"EssenceOfSteel"},{"floor":7,"key":"LiquidBronze"},{"floor":10,"key":"AttackPotion"},{"floor":13,"key":"Block Potion"},{"floor":23,"key":"EssenceOfSteel"},{"floor":28,"key":"Swift Potion"}],"is_trial":false,"path_per_floor":["M","$","M","M","M","E","M","R","T","M","M","M","M","?","R","B",null,"M","?","?","?","$","E","M","M","T","R","E","R","$","M","R","B"],"character_chosen":"IRONCLAD","items_purchased":["Membership Card","Ancient Tea Set"],"campfire_rested":2,"item_purchase_floors":[22,30],"current_hp_per_floor":[79,79,80,80,80,53,47,47,47,49,50,48,46,51,51,42,85,72,72,72,72,72,31,27,23,23,48,34,59,59,41,41,0],"gold":45,"neow_bonus":"ONE_RANDOM_RARE_CARD","is_prod":false,"is_daily":false,"chose_seed":false,"campfire_upgraded":3,"win_rate":0,"timestamp":1550228921,"path_taken":["M","$","M","M","M","E","M","R","T","M","M","M","M","?","R","BOSS","M","?","?","?","$","E","M","M","T","R","E","R","$","M","R","BOSS"],"build_version":"2019-01-23","purchased_purges":1,"victory":false,"max_hp_per_floor":[80,80,80,80,80,80,80,80,80,80,80,80,80,85,85,85,85,85,85,85,85,85,85,85,85,85,85,85,85,85,85,85,85],"card_choices":[{"not_picked":["Thunderclap","Feel No Pain"],"picked":"Metallicize","floor":1},{"not_picked":["Iron Wave","True Grit"],"picked":"Havoc","floor":3},{"not_picked":["Burning Pact","Heavy Blade"],"picked":"Rage","floor":4},{"not_picked":["Ghostly Armor","Fire Breathing"],"picked":"Wild Strike","floor":5},{"not_picked":["Anger","Fiend Fire"],"picked":"Sentinel","floor":6},{"not_picked":["Warcry","Rage"],"picked":"Inflame","floor":7},{"not_picked":["Reckless Charge","Thunderclap"],"picked":"Flex","floor":10},{"not_picked":["Dual Wield","Blood for Blood"],"picked":"Uppercut","floor":11},{"not_picked":["Anger","Clothesline"],"picked":"Metallicize","floor":12},{"not_picked":["Reckless Charge","Uppercut"],"picked":"Second Wind","floor":13},{"not_picked":["Brutality","Reaper"],"picked":"Immolate","floor":16},{"not_picked":["Sword Boomerang","Thunderclap"],"picked":"Evolve","floor":17},{"not_picked":["Headbutt","Spot Weakness"],"picked":"Power Through","floor":17},{"not_picked":["Infernal Blade","True Grit"],"picked":"Fiend Fire","floor":17},{"not_picked":["Pommel Strike","Second Wind"],"picked":"Infernal Blade","floor":17},{"not_picked":["Clothesline","Havoc"],"picked":"Blood for Blood","floor":17},{"not_picked":["Flex","Cleave"],"picked":"Shrug It Off+1","floor":18},{"not_picked":["Wild Strike","Warcry","Searing Blow"],"picked":"SKIP","floor":23},{"not_picked":["Twin Strike","Iron Wave","Seeing Red"],"picked":"SKIP","floor":24},{"not_picked":["Ghostly Armor","Seeing Red","Pummel"],"picked":"SKIP","floor":25},{"not_picked":["Dropkick","Anger+1"],"picked":"Armaments+1","floor":28},{"not_picked":["Pommel Strike","Shrug It Off+1"],"picked":"Metallicize+1","floor":31}],"player_experience":254195,"relics_obtained":[{"floor":6,"key":"Blue Candle"},{"floor":9,"key":"Oddly Smooth Stone"},{"floor":23,"key":"Happy Flower"},{"floor":26,"key":"Ginger"},{"floor":28,"key":"Anchor"}],"event_choices":[{"damage_healed":0,"gold_gain":0,"player_choice":"Donut","damage_taken":0,"max_hp_gain":5,"max_hp_loss":0,"event_name":"Big Fish","floor":14,"gold_loss":0},{"damage_healed":0,"gold_gain":0,"player_choice":"Read","damage_taken":0,"max_hp_gain":0,"max_hp_loss":0,"event_name":"The Library","floor":19,"gold_loss":0,"cards_obtained":["Warcry"]},{"damage_healed":0,"gold_gain":0,"player_choice":"Obtained Relic","damage_taken":0,"relics_obtained":["Vajra"],"max_hp_gain":0,"max_hp_loss":0,"event_name":"Addict","floor":20,"gold_loss":85},{"damage_healed":0,"gold_gain":0,"player_choice":"Simplicity","damage_taken":0,"max_hp_gain":0,"max_hp_loss":0,"event_name":"Back to Basics","floor":21,"gold_loss":0,"cards_upgraded":["Strike_R","Strike_R","Strike_R","Strike_R","Defend_R","Defend_R","Defend_R","Defend_R"]}],"is_beta":false,"boss_relics":[{"not_picked":["Eternal Feather","Black Star"],"picked":"Orrery"}],"items_purged_floors":[2],"is_endless":false,"potions_floor_spawned":[3,5,7,10,13,23,28,31],"killed_by":"Automaton","ascension_level":0}