{"gold_per_floor":[112,112,3,22,22,22,22,53,53,53,53,15,15,15,15,135,135,151,421,16,35,60,60,76,76,76,76,76,97,48,64,64,194,194,210,226,251,276,11,11,29,45,72,91,114,114,38,74,74,74,74,74,6,44,44],"floor_reached":55,"playtime":2298,"items_purged":["Pain"],"score":727,"play_id":"14db09d8-0ba8-4710-b8bd-068bbdc370f6","local_time":"20181201070706","is_ascension_mode":false,"campfire_choices":[{"data":"Zap","floor":6.0,"key":"SMITH"},{"floor":11.0,"key":"REST"},{"floor":15.0,"key":"REST"},{"floor":23.0,"key":"REST"},{"floor":27.0,"key":"REST"},{"data":"Defragment","floor":32.0,"key":"SMITH"},{"floor":40.0,"key":"REST"},{"floor":46,"key":"RECALL"},{"data":"Seek","floor":49,"key":"SMITH"},{"data":"Echo Form","floor":52,"key":"SMITH"}],"neow_cost":"TEN_PERCENT_HP_LOSS","seed_source_timestamp":0,"circlet_count":0,"master_deck":["Strike_B+1","Defend_B","Defend_B","Defend_B+1","Zap+1","Dualcast","Echo Form","White Noise+1","Tempest","Rebound","Echo Form+1","Storm","Seek+1","Conserve Battery+1","Leap+1","Auto Shields","Conserve Battery","Defragment+1","Glacier","Cold Snap","Blizzard","Hyperbeam","Steam","Heatsinks","Amplify","Double Energy+1","Ball Lightning+1","Turbo+1","Cold Snap+1","Heatsinks","FTL","Defragment+1","Go for the Eyes+1","White Noise","Storm+1"],"special_seed":0,"relics":["Cracked Core","WarpedTongs","Golden Idol","DataDisk","Matryoshka","Bronze Scales","Astrolabe","Omamori","Chemical X","Centennial Puzzle","Pear","Runic Dome","Regal Pillow","Blood Vial","Kunai","Singing Bowl","Peace Pipe"],"potions_floor_usage":[45,50,50,50],"damage_taken":[{"damage":11.0,"enemies":"Jaw Worm","floor":1.0,"turns":4.0},{"damage":0.0,"enemies":"Cultist","floor":4.0,"turns":2.0},{"damage":20.0,"enemies":"3 Sentries","floor":8.0,"turns":7.0},{"damage":24.0,"enemies":"Hexaghost","floor":16.0,"turns":6.0},{"damage":20.0,"enemies":"2 Thieves","floor":18.0,"turns":4.0},{"damage":0.0,"enemies":"Spheric Guardian","floor":21.0,"turns":3.0},{"damage":15.0,"enemies":"Shelled Parasite and Fungi","floor":22.0,"turns":5.0},{"damage":25.0,"enemies":"3 Cultists","floor":24.0,"turns":4.0},{"damage":11.0,"enemies":"Snake Plant","floor":29.0,"turns":4.0},{"damage":0.0,"enemies":"Snecko","floor":31.0,"turns":5.0},{"damage":21.0,"enemies":"Collector","floor":33.0,"turns":7.0},{"damage":5.0,"enemies":"Orb Walker","floor":35.0,"turns":4.0},{"damage":10.0,"enemies":"3 Darklings","floor":36.0,"turns":4.0},{"damage":10.0,"enemies":"Spire Growth","floor":37.0,"turns":4.0},{"damage":14.0,"enemies":"Maw","floor":38.0,"turns":6.0},{"damage":12.0,"enemies":"Transient","floor":41.0,"turns":5.0},{"damage":6.0,"enemies":"Jaw Worm Horde","floor":42.0,"turns":3.0},{"damage":9,"enemies":"Spire Growth","floor":44,"turns":4},{"damage":0,"enemies":"Maw","floor":45,"turns":5},{"damage":2,"enemies":"Nemesis","floor":48,"turns":9},{"damage":29,"enemies":"Time Eater","floor":50,"turns":12},{"damage":58,"enemies":"Shield and Spear","floor":54,"turns":5},{"damage":50,"enemies":"The Heart","floor":55,"turns":2}],"seed_played":"-6262121132349925868","potions_obtained":[{"floor":4.0,"key":"Dexterity Potion"},{"floor":8.0,"key":"Dexterity Potion"},{"floor":16.0,"key":"LiquidBronze"},{"floor":21.0,"key":"EntropicBrew"},{"floor":22.0,"key":"EssenceOfSteel"},{"floor":33.0,"key":"Swift Potion"},{"floor":35.0,"key":"Dexterity Potion"},{"floor":38.0,"key":"Block Potion"},{"floor":42.0,"key":"FearPotion"},{"floor":45,"key":"Fruit Juice"},{"floor":48,"key":"Swift Potion"}],"is_trial":false,"path_per_floor":["M","?","$","M","?","R","?","E","T","$","R","$","?","?","R","B",null,"M","?","$","M","M","R","M","?","T","R","?","M","$","M","R","B",null,"M","M","M","M","$","R","M","M","T","M","M","R","?","E","R","B",null,"R","$","E","B"],"character_chosen":"DEFECT","items_purchased":["Tempest","Storm","Conserve Battery","Omamori","Chemical X","Steam","Regal Pillow","Heatsinks","FTL","White Noise"],"campfire_rested":5,"item_purchase_floors":[3,12,20,20,20,30,39,39,39,53],"current_hp_per_floor":[57,57,57,57,57,57,40,20,20,20,40,40,37,23,43,19,68,48,24,24,24,9,29,4,4,14,37,63,52,52,52,52,31,78,73,63,53,39,39,77,65,59,59,52,59,59,59,61,61,34,85,85,85,27,0],"gold":44,"neow_bonus":"THREE_RARE_CARDS","is_prod":false,"is_daily":false,"chose_seed":false,"campfire_upgraded":4,"win_rate":0,"timestamp":1543669626,"path_taken":["M","?","?","?","?","R","?","E","T","$","R","$","?","?","R","BOSS","M","?","?","?","M","R","M","?","T","R","?","M","$","M","R","BOSS","M","M","M","M","$","R","M","M","T","M","M","R","?","E","R","BOSS","R","$","E","BOSS"],"build_version":"2018-11-15","purchased_purges":1,"victory":false,"max_hp_per_floor":[68,68,68,68,68,68,68,68,68,68,68,68,68,68,68,68,68,68,68,68,68,68,68,68,68,78,78,78,78,78,78,78,78,78,78,78,78,78,78,78,78,78,78,78,83,83,83,85,85,85,85,85,85,85,85],"card_choices":[{"not_picked":["Rainbow","Thunder Strike"],"picked":"Echo Form","floor":0.0},{"not_picked":["Hologram","Leap"],"picked":"White Noise","floor":1.0},{"not_picked":["Coolheaded","Gash"],"picked":"Rebound","floor":4.0},{"not_picked":["Seek","Leap"],"picked":"Echo Form","floor":8.0},{"not_picked":["Fission","Thunder Strike"],"picked":"Seek","floor":16.0},{"not_picked":["Stack","Lockon"],"picked":"Auto Shields","floor":18.0},{"not_picked":["Genetic Algorithm","Tempest+1"],"picked":"Defragment","floor":21.0},{"not_picked":["Go for the Eyes","Redo"],"picked":"Glacier","floor":22.0},{"not_picked":["Loop","Rebound+1"],"picked":"Cold Snap","floor":24.0},{"not_picked":["Cold Snap","Barrage","Streamline"],"picked":"SKIP","floor":29.0},{"not_picked":["Sweeping Beam","Melter"],"picked":"Heatsinks","floor":31.0},{"not_picked":["Hyperbeam","Meteor Strike"],"picked":"Amplify","floor":33.0},{"not_picked":["Rebound+1","Undo"],"picked":"Double Energy+1","floor":35.0},{"not_picked":["Barrage","Rip and Tear"],"picked":"Ball Lightning+1","floor":36.0},{"not_picked":["Sweeping Beam+1","Stack"],"picked":"Turbo+1","floor":37.0},{"not_picked":["Go for the Eyes+1","Sweeping Beam+1"],"picked":"Cold Snap+1","floor":38.0},{"not_picked":["Cold Snap","Undo","Turbo"],"picked":"SKIP","floor":41.0},{"not_picked":["Go for the Eyes+1","Redo","Static Discharge+1"],"picked":"SKIP","floor":42.0},{"not_picked":["Stack+1","Amplify"],"picked":"Defragment+1","floor":44},{"not_picked":["Hello World","Chaos+1"],"picked":"Go for the Eyes+1","floor":45},{"not_picked":["Go for the Eyes","Meteor Strike","Darkness+1"],"picked":"Singing Bowl","floor":48},{"not_picked":["Sweeping Beam","BootSequence"],"picked":"Storm+1","floor":54}],"player_experience":311017,"relics_obtained":[{"floor":8.0,"key":"DataDisk"},{"floor":9.0,"key":"Matryoshka"},{"floor":26.0,"key":"Centennial Puzzle"},{"floor":26.0,"key":"Pear"},{"floor":43,"key":"Blood Vial"},{"floor":48,"key":"Singing Bowl"},{"floor":54,"key":"Peace Pipe"}],"event_choices":[{"damage_healed":0.0,"max_hp_gain":0.0,"max_hp_loss":0.0,"gold_gain":0.0,"event_name":"Accursed Blacksmith","player_choice":"Rummage","floor":2.0,"gold_loss":0.0,"damage_taken":0.0,"relics_obtained":["WarpedTongs"],"cards_obtained":["Pain"]},{"damage_healed":0.0,"max_hp_gain":0.0,"max_hp_loss":0.0,"gold_gain":0.0,"event_name":"Living Wall","player_choice":"Grow","floor":5.0,"gold_loss":0.0,"damage_taken":0.0,"cards_upgraded":["White Noise"]},{"damage_healed":0.0,"max_hp_gain":0.0,"max_hp_loss":0.0,"gold_gain":0.0,"event_name":"Golden Idol","player_choice":"Take Damage","floor":7.0,"gold_loss":0.0,"damage_taken":17.0,"relics_obtained":["Golden Idol"]},{"damage_healed":0.0,"max_hp_gain":0.0,"max_hp_loss":0.0,"gold_gain":0.0,"event_name":"Scrap Ooze","player_choice":"Success","floor":13.0,"gold_loss":0.0,"damage_taken":3.0,"relics_obtained":["Bronze Scales"]},{"damage_healed":0.0,"max_hp_gain":0.0,"max_hp_loss":0.0,"gold_gain":0.0,"event_name":"Shining Light","player_choice":"Entered Light","floor":14.0,"gold_loss":0.0,"damage_taken":14.0,"cards_upgraded":["Strike_B","Defend_B"]},{"damage_healed":0.0,"max_hp_gain":0.0,"max_hp_loss":0.0,"gold_gain":270.0,"event_name":"Knowing Skull","player_choice":"GOLD GOLD GOLD ","floor":19.0,"potions_obtained":[],"gold_loss":0.0,"damage_taken":24.0,"cards_obtained":[]},{"damage_healed":0.0,"max_hp_gain":0.0,"max_hp_loss":0.0,"gold_gain":0.0,"cards_transformed":["Beam Cell","Defend_B"],"event_name":"Drug Dealer","player_choice":"Became Test Subject","floor":25.0,"gold_loss":0.0,"damage_taken":0.0,"cards_obtained":["Blizzard","Hyperbeam"]},{"damage_healed":26.0,"max_hp_gain":0.0,"max_hp_loss":0.0,"gold_gain":0.0,"event_name":"The Library","player_choice":"Heal","floor":28.0,"gold_loss":0.0,"damage_taken":0.0},{"damage_healed":0,"gold_gain":0,"player_choice":"Paid Gold","damage_taken":0,"relics_obtained":["Kunai"],"max_hp_gain":0,"max_hp_loss":0,"event_name":"WeMeetAgain","floor":47,"gold_loss":76}],"is_beta":true,"boss_relics":[{"not_picked":["White Beast Statue","Coffee Dripper"],"picked":"Astrolabe"},{"not_picked":["FrozenCore","Fusion Hammer"],"picked":"Runic Dome"}],"items_purged_floors":[3],"is_endless":false,"potions_floor_spawned":[4,8,16,21,22,33,35,38,42,45,48],"killed_by":"The Heart","ascension_level":0}