{"gold_per_floor":[118,136,136,152,227,227,9,26,26,26,46,71,84,102,102,102],"floor_reached":16,"playtime":681,"items_purged":["Strike_R"],"score":114,"play_id":"441f3a86-4cd1-48cc-897b-53aae68f9498","local_time":"20190602124947","is_ascension_mode":true,"campfire_choices":[{"data":"Pommel Strike","floor":6,"key":"SMITH"},{"data":"Shrug It Off","floor":15,"key":"SMITH"}],"neow_cost":"NONE","seed_source_timestamp":7219106954537,"circlet_count":0,"master_deck":["Strike_R","Strike_R","Strike_R","Defend_R","Defend_R","Defend_R","Defend_R","Bash","Pommel Strike+1","Power Through","Shrug It Off+1","Ghostly Armor","Ghostly Armor","Flame Barrier","Clothesline","Battle Trance"],"relics":["Coffee Dripper","Ancient Tea Set","Unceasing Top","Calipers"],"potions_floor_usage":[12,16],"damage_taken":[{"damage":9,"enemies":"Small Slimes","floor":1,"turns":4},{"damage":0,"enemies":"Cultist","floor":2,"turns":3},{"damage":0,"enemies":"Jaw Worm","floor":4,"turns":3},{"damage":18,"enemies":"Gremlin Gang","floor":8,"turns":6},{"damage":0,"enemies":"Looter","floor":11,"turns":3},{"damage":7,"enemies":"Lagavulin","floor":12,"turns":8},{"damage":1,"enemies":"2 Fungi Beasts","floor":13,"turns":4},{"damage":33,"enemies":"Gremlin Gang","floor":14,"turns":7},{"damage":21,"enemies":"Slime Boss","floor":16,"turns":9}],"seed_played":"-8431526993247986609","potions_obtained":[{"floor":1,"key":"Fire Potion"},{"floor":8,"key":"GamblersBrew"},{"floor":13,"key":"Regen Potion"}],"is_trial":false,"path_per_floor":["M","M","?","M","?","R","$","M","T","$","M","E","M","M","R","B"],"character_chosen":"IRONCLAD","items_purchased":["Ancient Tea Set"],"campfire_rested":0,"item_purchase_floors":[7],"current_hp_per_floor":[71,71,71,71,60,60,60,42,42,42,42,35,34,1,1,0],"gold":102,"neow_bonus":"BOSS_RELIC","is_prod":false,"is_daily":false,"chose_seed":false,"campfire_upgraded":2,"win_rate":0,"timestamp":1559494187,"path_taken":["M","M","?","?","?","R","$","M","T","?","?","E","M","M","R","BOSS"],"build_version":"2019-01-23","purchased_purges":1,"victory":false,"max_hp_per_floor":[80,80,80,80,80,80,80,80,80,80,80,80,80,80,80,80],"card_choices":[{"not_picked":["Rampage","Heavy Blade"],"picked":"Pommel Strike","floor":1},{"not_picked":["Dropkick","Warcry"],"picked":"Power Through","floor":2},{"not_picked":["Iron Wave","Pommel Strike"],"picked":"Shrug It Off","floor":4},{"not_picked":["Whirlwind","Disarm"],"picked":"Ghostly Armor","floor":8},{"not_picked":["Pommel Strike","Combust"],"picked":"Ghostly Armor","floor":11},{"not_picked":["Body Slam","Whirlwind"],"picked":"Flame Barrier","floor":12},{"not_picked":["Carnage","Body Slam"],"picked":"Clothesline","floor":13},{"not_picked":["Hemokinesis","Blood for Blood"],"picked":"Battle Trance","floor":14}],"player_experience":79727,"relics_obtained":[{"floor":9,"key":"Unceasing Top"},{"floor":12,"key":"Calipers"}],"event_choices":[{"cards_removed":["Strike_R"],"damage_healed":0,"gold_gain":0,"player_choice":"Offered Basic","damage_taken":0,"max_hp_gain":0,"max_hp_loss":0,"event_name":"Bonfire Elementals","floor":3,"gold_loss":0},{"damage_healed":0,"gold_gain":75,"player_choice":"Gather Gold","damage_taken":11,"max_hp_gain":0,"max_hp_loss":0,"event_name":"World of Goop","floor":5,"gold_loss":0}],"is_beta":false,"boss_relics":[],"items_purged_floors":[7],"is_endless":false,"potions_floor_spawned":[1,8,13],"killed_by":"Slime Boss","ascension_level":2}