{"gold_per_floor":[213,224,239,253,253,253,253,253,253,19,35,35,50,68,68,164,164,183,46,72,72,83,113,113,131,156,156,156,181,181,181,181,286,286,305,28,45,45,63,95,95,140,140,54,74,74,74,89,89,89,89,89,89,118,118],"floor_reached":55,"playtime":2563,"items_purged":["Strike_B","Strike_B","Defend_B"],"score":675,"play_id":"2eb5ed50-e59a-4ffc-a706-978b4f7e8891","local_time":"20190906014330","is_ascension_mode":false,"campfire_choices":[{"data":"Zap","floor":6.0,"key":"SMITH"},{"data":"Dualcast","floor":8.0,"key":"SMITH"},{"data":"Rainbow","floor":12.0,"key":"SMITH"},{"data":"Coolheaded","floor":15.0,"key":"SMITH"},{"data":"Defragment","floor":27.0,"key":"SMITH"},{"floor":32.0,"key":"REST"},{"data":"Fission","floor":41.0,"key":"SMITH"},{"data":"Panacea","floor":47.0,"key":"SMITH"},{"floor":49.0,"key":"RECALL"},{"data":"Conserve Battery","floor":52.0,"key":"SMITH"}],"neow_cost":"NONE","seed_source_timestamp":1784440905188600,"circlet_count":0,"master_deck":["Strike_B+1","Defend_B+1","Defend_B+1","Zap+1","Dualcast+1","Coolheaded+1","Chaos+1","Conserve Battery+1","Rainbow+1","Ball Lightning","Sweeping Beam","Barrage+1","Capacitor","Conserve Battery+1","Defragment+1","Fission+1","Biased Cognition","White Noise+1","Panacea+1","Madness","Madness","Reinforced Body+1"],"special_seed":0,"relics":["Cracked Core","Incense Burner","Meat on the Bone","Eternal Feather","Red Mask","Juzu Bracelet","War Paint","Mercury Hourglass","Busted Crown","Bag of Preparation","PreservedInsect","Thread and Needle","Art of War"],"potions_floor_usage":[55],"damage_taken":[{"damage":1.0,"enemies":"Cultist","floor":1.0,"turns":3.0},{"damage":0.0,"enemies":"Small Slimes","floor":2.0,"turns":3.0},{"damage":0.0,"enemies":"Jaw Worm","floor":3.0,"turns":4.0},{"damage":1.0,"enemies":"Blue Slaver","floor":4.0,"turns":5.0},{"damage":4.0,"enemies":"Exordium Wildlife","floor":11.0,"turns":3.0},{"damage":0.0,"enemies":"Exordium Thugs","floor":13.0,"turns":3.0},{"damage":0.0,"enemies":"2 Fungi Beasts","floor":14.0,"turns":3.0},{"damage":7.0,"enemies":"The Guardian","floor":16.0,"turns":11.0},{"damage":0.0,"enemies":"Chosen","floor":18.0,"turns":3.0},{"damage":9.0,"enemies":"Masked Bandits","floor":20.0,"turns":4.0},{"damage":5.0,"enemies":"3 Byrds","floor":22.0,"turns":4.0},{"damage":27.0,"enemies":"Slavers","floor":23.0,"turns":5.0},{"damage":12.0,"enemies":"Snake Plant","floor":25.0,"turns":4.0},{"damage":41.0,"enemies":"Gremlin Leader","floor":29.0,"turns":7.0},{"damage":9.0,"enemies":"Champ","floor":33.0,"turns":9.0},{"damage":2.0,"enemies":"3 Shapes","floor":35.0,"turns":4.0},{"damage":15.0,"enemies":"Orb Walker","floor":37.0,"turns":3.0},{"damage":0.0,"enemies":"Maw","floor":39.0,"turns":5.0},{"damage":13.0,"enemies":"Nemesis","floor":40.0,"turns":9.0},{"damage":11.0,"enemies":"2 Orb Walkers","floor":42.0,"turns":5.0},{"damage":0.0,"enemies":"Transient","floor":45.0,"turns":5.0},{"damage":22.0,"enemies":"Writhing Mass","floor":48.0,"turns":5.0},{"damage":40.0,"enemies":"Awakened One","floor":50.0,"turns":11.0},{"damage":44.0,"enemies":"Shield and Spear","floor":54.0,"turns":5.0},{"damage":72,"enemies":"The Heart","floor":55,"turns":3}],"seed_played":"-3791867905993527920","potions_obtained":[{"floor":1.0,"key":"Block Potion"},{"floor":3.0,"key":"FocusPotion"},{"floor":4.0,"key":"SmokeBomb"},{"floor":23.0,"key":"EssenceOfSteel"},{"floor":25.0,"key":"Swift Potion"},{"floor":29.0,"key":"Energy Potion"},{"floor":35.0,"key":"Swift Potion"},{"floor":39.0,"key":"Regen Potion"},{"floor":42.0,"key":"Fire Potion"},{"floor":48.0,"key":"SteroidPotion"}],"is_trial":false,"path_per_floor":["M","M","M","M","?","R","?","R","T","$","M","R","M","M","R","B",null,"M","$","?","?","M","E","?","M","T","R","?","E","?","?","R","B",null,"M","$","M","$","M","E","R","?","T","$","M","?","R","M","R","B",null,"R","$","E","B"],"character_chosen":"DEFECT","items_purchased":["Rainbow","Capacitor","Bag of Preparation","Panacea"],"campfire_rested":1,"item_purchase_floors":[10,19,36,44],"current_hp_per_floor":[74,74,74,73,61,61,46,46,46,46,42,42,42,42,42,47,75,75,75,66,85,80,53,53,53,53,62,62,33,33,33,67,58,85,83,83,68,68,68,70,79,68,68,68,68,57,69,47,59,31,85,85,85,53,0],"gold":118,"neow_bonus":"HUNDRED_GOLD","is_prod":false,"is_daily":false,"chose_seed":false,"campfire_upgraded":8,"win_rate":0,"timestamp":1567701810,"path_taken":["M","M","M","?","?","R","?","R","T","?","M","R","M","M","R","BOSS","M","$","?","?","M","E","?","M","T","R","?","E","?","?","R","BOSS","M","$","M","$","M","E","R","?","T","$","M","?","R","M","R","BOSS","R","$","E","BOSS"],"build_version":"2019-07-17","purchased_purges":3,"victory":false,"max_hp_per_floor":[75,75,75,75,75,75,75,75,75,75,75,75,75,75,75,75,75,75,75,75,85,85,85,85,85,85,85,85,85,85,85,85,85,85,85,85,85,85,85,85,85,85,85,85,85,85,85,85,85,85,85,85,85,85,85],"card_choices":[{"not_picked":["Redo","Rebound"],"picked":"Coolheaded","floor":1.0},{"not_picked":["Coolheaded","Conserve Battery"],"picked":"Chaos","floor":2.0},{"not_picked":["Streamline","Sweeping Beam"],"picked":"Conserve Battery","floor":3.0},{"not_picked":["Coolheaded","Turbo","Heatsinks"],"picked":"SKIP","floor":4.0},{"not_picked":["Consume","Thunder Strike"],"picked":"Ball Lightning","floor":11.0},{"not_picked":["Redo","Barrage","Coolheaded"],"picked":"SKIP","floor":13.0},{"not_picked":["Rip and Tear","Hologram"],"picked":"Sweeping Beam","floor":14.0},{"not_picked":["Reboot","Creative AI"],"picked":"Seek","floor":16.0},{"not_picked":["Fusion+1","Streamline+1"],"picked":"Barrage+1","floor":18.0},{"not_picked":["Barrage","Sweeping Beam"],"picked":"Conserve Battery+1","floor":22.0},{"not_picked":["Stack","Consume","Multi-Cast"],"picked":"SKIP","floor":23.0},{"not_picked":["Tempest","Steam","Aggregate+1"],"picked":"SKIP","floor":25.0},{"not_picked":["Doom and Gloom","Auto Shields"],"picked":"Fission","floor":29.0},{"not_picked":["Thunder Strike","Hyperbeam"],"picked":"Biased Cognition","floor":33.0},{"not_picked":["Ball Lightning+1"],"picked":"SKIP","floor":35.0},{"not_picked":[],"picked":"White Noise+1","floor":37.0},{"not_picked":["Compile Driver"],"picked":"SKIP","floor":39.0},{"not_picked":["Steam Power"],"picked":"SKIP","floor":40.0},{"not_picked":["Gash"],"picked":"SKIP","floor":45.0},{"not_picked":["Barrage"],"picked":"SKIP","floor":48.0},{"not_picked":[],"picked":"Reinforced Body+1","floor":54.0}],"player_experience":324831,"relics_obtained":[{"floor":9.0,"key":"Meat on the Bone"},{"floor":20.0,"key":"Red Mask"},{"floor":23.0,"key":"Juzu Bracelet"},{"floor":26.0,"key":"War Paint"},{"floor":29.0,"key":"Mercury Hourglass"},{"floor":40.0,"key":"PreservedInsect"},{"floor":42.0,"key":"Thread and Needle"},{"floor":54.0,"key":"Art of War"}],"event_choices":[{"damage_healed":0.0,"max_hp_gain":0.0,"max_hp_loss":0.0,"gold_gain":0.0,"event_name":"Scrap Ooze","player_choice":"Success","floor":5.0,"gold_loss":0.0,"damage_taken":12.0,"relics_obtained":["Incense Burner"]},{"damage_healed":0.0,"max_hp_gain":0.0,"max_hp_loss":0.0,"gold_gain":0.0,"event_name":"Shining Light","player_choice":"Entered Light","floor":7.0,"gold_loss":0.0,"damage_taken":15.0,"cards_upgraded":["Strike_B","Chaos"]},{"damage_healed":0.0,"max_hp_gain":0.0,"max_hp_loss":0.0,"gold_gain":0.0,"event_name":"Masked Bandits","player_choice":"Fought Bandits","floor":20.0,"gold_loss":0.0,"damage_taken":0.0},{"cards_removed":["Seek"],"damage_healed":9.0,"max_hp_gain":10.0,"max_hp_loss":0.0,"gold_gain":0.0,"event_name":"Bonfire Elementals","player_choice":"Offered Rare","floor":21.0,"gold_loss":0.0,"damage_taken":0.0},{"damage_healed":0.0,"max_hp_gain":0.0,"max_hp_loss":0.0,"gold_gain":0.0,"event_name":"The Library","player_choice":"Read","floor":24.0,"gold_loss":0.0,"damage_taken":0.0,"cards_obtained":["Defragment"]},{"cards_removed":["Defend_B"],"damage_healed":0.0,"max_hp_gain":0.0,"max_hp_loss":0.0,"gold_gain":0.0,"event_name":"Purifier","player_choice":"Purged","floor":28.0,"gold_loss":0.0,"damage_taken":0.0},{"cards_removed":["Strike_B"],"damage_healed":0.0,"max_hp_gain":0.0,"max_hp_loss":0.0,"gold_gain":0.0,"event_name":"Back to Basics","player_choice":"Elegance","floor":30.0,"gold_loss":0.0,"damage_taken":0.0},{"damage_healed":0.0,"max_hp_gain":0.0,"max_hp_loss":0.0,"gold_gain":0.0,"event_name":"The Mausoleum","player_choice":"Ignored","floor":31.0,"gold_loss":0.0,"damage_taken":0.0},{"damage_healed":0.0,"max_hp_gain":0.0,"max_hp_loss":0.0,"gold_gain":0.0,"event_name":"Mysterious Sphere","player_choice":"Fight","floor":42.0,"gold_loss":0.0,"damage_taken":0.0},{"damage_healed":0.0,"max_hp_gain":0.0,"max_hp_loss":0.0,"gold_gain":0.0,"event_name":"Winding Halls","player_choice":"Embrace Madness","floor":46.0,"gold_loss":0.0,"damage_taken":11.0,"cards_obtained":["Madness","Madness"]}],"is_beta":false,"boss_relics":[{"not_picked":["Orrery","Philosopher\u0027s Stone"],"picked":"Eternal Feather"},{"not_picked":["Coffee Dripper","Astrolabe"],"picked":"Busted Crown"}],"items_purged_floors":[10,19,36],"is_endless":false,"potions_floor_spawned":[1,3,4,11,16,18,23,25,29,35,39,42,48,54],"killed_by":"The Heart","ascension_level":0}