{"gold_per_floor":[115,115,134,144,144,144,179,191,230,242,280,303,334,401,413,425],"floor_reached":16,"playtime":762,"items_purged":[],"score":116,"play_id":"16012e60-898e-416d-adda-fb175b250b2f","local_time":"20190910000918","is_ascension_mode":true,"campfire_choices":[{"data":"Protect","floor":6,"key":"SMITH"},{"data":"EmptyFist","floor":8,"key":"SMITH"},{"data":"CutThroughFate","floor":10,"key":"SMITH"},{"data":"Strike_P","floor":15,"key":"PURGE"}],"neow_cost":"NONE","seed_source_timestamp":472455786726300,"circlet_count":0,"master_deck":["Strike_P","Strike_P","Defend_P","Defend_P","Defend_P","Defend_P","Eruption+1","Vigilance","JustLucky","Protect+1","EmptyFist+1","CutThroughFate+1","BattleHymn"],"relics":["PureWater","NeowsBlessing","MawBank","Juzu Bracelet","Singing Bowl","Peace Pipe"],"potions_floor_usage":[7,14],"damage_taken":[{"damage":0,"enemies":"Cultist","floor":1,"turns":1},{"damage":0,"enemies":"Small Slimes","floor":3,"turns":1},{"damage":0,"enemies":"2 Louse","floor":4,"turns":1},{"damage":4,"enemies":"3 Sentries","floor":7,"turns":5},{"damage":13,"enemies":"Lagavulin","floor":11,"turns":5},{"damage":9,"enemies":"Lots of Slimes","floor":12,"turns":2},{"damage":0,"enemies":"Looter","floor":13,"turns":3},{"damage":14,"enemies":"Lagavulin Event","floor":14,"turns":3},{"damage":29,"enemies":"Hexaghost","floor":16,"turns":11}],"seed_played":"-8759455008590754078","potions_obtained":[{"floor":3,"key":"AttackPotion"},{"floor":4,"key":"Dexterity Potion"},{"floor":7,"key":"Ancient Potion"},{"floor":13,"key":"SkillPotion"}],"is_trial":false,"path_per_floor":["M","?","M","M","?","R","E","R","T","R","E","M","M","?","R","B"],"character_chosen":"WATCHER","items_purchased":[],"campfire_rested":0,"item_purchase_floors":[],"current_hp_per_floor":[65,65,65,65,58,58,54,54,54,54,43,34,36,24,24,0],"gold":425,"neow_bonus":"THREE_ENEMY_KILL","is_prod":false,"is_daily":false,"chose_seed":false,"campfire_upgraded":3,"win_rate":0,"timestamp":1568088558,"path_taken":["M","?","M","?","?","R","E","R","T","R","E","M","M","?","R","BOSS"],"build_version":"2019-09-09v2","purchased_purges":0,"victory":false,"max_hp_per_floor":[65,65,65,65,65,65,65,65,65,65,67,67,69,71,71,71],"card_choices":[{"not_picked":["CleanseEvil","Consecrate"],"picked":"JustLucky","floor":1},{"not_picked":["FlyingSleeves","PathToVictory"],"picked":"Protect","floor":3},{"not_picked":["ThirdEye","ClearTheMind"],"picked":"EmptyFist","floor":4},{"not_picked":["Collect","Weave"],"picked":"CutThroughFate","floor":7},{"not_picked":["CrushJoints","SpiritShield","FollowUp"],"picked":"Singing Bowl","floor":11},{"not_picked":["PathToVictory","InnerPeace"],"picked":"BattleHymn","floor":12},{"not_picked":["Crescendo","ThirdEye","FlyingSleeves"],"picked":"Singing Bowl","floor":13},{"not_picked":["Consecrate","Protect","EmptyBody"],"picked":"Singing Bowl","floor":14}],"player_experience":1921167,"relics_obtained":[{"floor":7,"key":"MawBank"},{"floor":9,"key":"Juzu Bracelet"},{"floor":11,"key":"Singing Bowl"},{"floor":14,"key":"Peace Pipe"}],"event_choices":[{"damage_healed":0,"gold_gain":0,"player_choice":"Upgraded","damage_taken":0,"max_hp_gain":0,"max_hp_loss":0,"event_name":"Upgrade Shrine","floor":2,"gold_loss":0,"cards_upgraded":["Eruption"]},{"cards_removed":["Strike_P"],"damage_healed":0,"gold_gain":0,"player_choice":"Card Removal","damage_taken":7,"max_hp_gain":0,"max_hp_loss":0,"event_name":"Golden Wing","floor":5,"gold_loss":0},{"damage_healed":0,"gold_gain":0,"player_choice":"Searched \u00271\u0027 times","damage_taken":0,"max_hp_gain":0,"max_hp_loss":0,"event_name":"Dead Adventurer","floor":14,"gold_loss":0}],"is_beta":true,"boss_relics":[],"items_purged_floors":[],"is_endless":false,"potions_floor_spawned":[3,4,7,13],"killed_by":"Hexaghost","ascension_level":1}