{"gold_per_floor":[11,11,28,303,62,62,82,82,130,145,160,160,192,211,211,211],"floor_reached":16,"playtime":412,"items_purged":[],"score":102,"play_id":"0ef90cf6-1cb0-4139-a249-c604d2e27a2a","local_time":"20181129105702","is_ascension_mode":false,"campfire_choices":[{"data":"Zap","floor":6,"key":"SMITH"},{"data":"Sunder","floor":8,"key":"SMITH"},{"data":"Tempest","floor":12,"key":"SMITH"},{"floor":15,"key":"REST"}],"neow_cost":"NO_GOLD","seed_source_timestamp":1165143357140153,"circlet_count":0,"master_deck":["Strike_B","Strike_B","Strike_B","Strike_B","Defend_B","Defend_B","Defend_B","Defend_B","Zap+1","Dualcast","Ball Lightning","Sweeping Beam","Regret","Sunder+1","Tempest+1","Chaos","Ball Lightning"],"relics":["Cracked Core","Turnip","Gremlin Horn","Bag of Marbles","Torii"],"potions_floor_usage":[13,14,16],"damage_taken":[{"damage":0,"enemies":"Cultist","floor":1,"turns":4},{"damage":6,"enemies":"2 Louse","floor":3,"turns":2},{"damage":2,"enemies":"Small Slimes","floor":7,"turns":2},{"damage":15,"enemies":"Exordium Wildlife","floor":10,"turns":2},{"damage":12,"enemies":"Large Slime","floor":11,"turns":3},{"damage":19,"enemies":"Gremlin Nob","floor":13,"turns":3},{"damage":0,"enemies":"Looter","floor":14,"turns":1},{"damage":43,"enemies":"The Guardian","floor":16,"turns":8}],"seed_played":"-3027363667230793782","potions_obtained":[{"floor":11,"key":"FocusPotion"},{"floor":13,"key":"Energy Potion"},{"floor":14,"key":"SkillPotion"}],"is_trial":false,"path_per_floor":["M","?","M","?","$","R","M","R","T","M","M","R","E","M","R","B"],"character_chosen":"DEFECT","items_purchased":["Gremlin Horn"],"campfire_rested":1,"item_purchase_floors":[5],"current_hp_per_floor":[75,75,69,69,69,69,67,67,67,52,40,40,21,21,43,0],"gold":211,"neow_bonus":"ONE_RARE_RELIC","is_prod":false,"is_daily":false,"chose_seed":false,"campfire_upgraded":3,"win_rate":0,"timestamp":1543510622,"path_taken":["M","?","M","?","$","R","M","R","T","M","M","R","E","M","R","BOSS"],"build_version":"2018-11-15","purchased_purges":0,"victory":false,"max_hp_per_floor":[75,75,75,75,75,75,75,75,75,75,75,75,75,75,75,75],"card_choices":[{"not_picked":["Hologram","Darkness"],"picked":"Ball Lightning","floor":1},{"not_picked":["Redo","Cold Snap"],"picked":"Sweeping Beam","floor":3},{"not_picked":["Rainbow","Hologram"],"picked":"Sunder","floor":7},{"not_picked":["Compile Driver","Cold Snap","Redo"],"picked":"SKIP","floor":10},{"not_picked":["Redo","Hologram"],"picked":"Tempest","floor":11},{"not_picked":["Cold Snap","Stack"],"picked":"Chaos","floor":13},{"not_picked":["Cold Snap","Darkness"],"picked":"Ball Lightning","floor":14}],"player_experience":283768,"relics_obtained":[{"floor":9,"key":"Bag of Marbles"},{"floor":13,"key":"Torii"}],"event_choices":[{"damage_healed":0,"gold_gain":0,"player_choice":"Leave","damage_taken":0,"max_hp_gain":0,"max_hp_loss":0,"event_name":"The Cleric","floor":2,"gold_loss":0},{"damage_healed":0,"gold_gain":275,"player_choice":"Desecrate","damage_taken":0,"max_hp_gain":0,"max_hp_loss":0,"event_name":"Golden Shrine","floor":4,"gold_loss":0,"cards_obtained":["Regret"]}],"is_beta":true,"boss_relics":[],"items_purged_floors":[],"is_endless":false,"potions_floor_spawned":[11,13,14],"killed_by":"The Guardian","ascension_level":0}