{"gold_per_floor":[110,123,142,159,175,201,201,201,201,212,18,31,55,66,66,163,163,174,191,46,46,65,65,65],"floor_reached":24,"playtime":1203,"items_purged":[],"score":224,"play_id":"cca76742-1d19-4f31-8ae3-685d45dd0ae9","local_time":"20190827203257","is_ascension_mode":true,"campfire_choices":[{"data":"Perfected Strike","floor":7,"key":"SMITH"},{"data":"Double Tap","floor":15,"key":"SMITH"},{"data":"Flame Barrier","floor":23,"key":"SMITH"}],"neow_cost":"NONE","seed_source_timestamp":0,"circlet_count":0,"master_deck":["Strike_R","Strike_R","Strike_R","Strike_R","Defend_R","Defend_R","Defend_R+1","Defend_R+1","Bash","Perfected Strike+1","Pommel Strike","Double Tap+1","Thunderclap","Corruption","Flame Barrier+1","Demon Form","Wild Strike","Seeing Red","True Grit+1"],"special_seed":0,"relics":["Burning Blood","Vajra","War Paint","Centennial Puzzle","Lee\u0027s Waffle","Pen Nib","Empty Cage","Oddly Smooth Stone"],"potions_floor_usage":[14,16,19,21,24],"damage_taken":[{"damage":0.0,"enemies":"2 Louse","floor":1.0,"turns":5.0},{"damage":7.0,"enemies":"Jaw Worm","floor":2.0,"turns":4.0},{"damage":6,"enemies":"Cultist","floor":3,"turns":4},{"damage":10,"enemies":"Exordium Wildlife","floor":4,"turns":5},{"damage":9,"enemies":"3 Louse","floor":5,"turns":4},{"damage":16,"enemies":"Gremlin Nob","floor":6,"turns":3},{"damage":5,"enemies":"Blue Slaver","floor":10,"turns":2},{"damage":0,"enemies":"2 Fungi Beasts","floor":12,"turns":2},{"damage":1,"enemies":"Exordium Thugs","floor":14,"turns":3},{"damage":57,"enemies":"Hexaghost","floor":16,"turns":9},{"damage":13,"enemies":"Chosen","floor":18,"turns":5},{"damage":18,"enemies":"Shell Parasite","floor":19,"turns":7},{"damage":0,"enemies":"Shelled Parasite and Fungi","floor":21,"turns":1},{"damage":12,"enemies":"Snecko","floor":22,"turns":5},{"damage":39,"enemies":"Slavers","floor":24,"turns":3}],"seed_played":"-8714374613503082865","potions_obtained":[{"floor":4,"key":"SmokeBomb"},{"floor":10,"key":"Fire Potion"},{"floor":12,"key":"Explosive Potion"},{"floor":14,"key":"EssenceOfSteel"},{"floor":16,"key":"Poison Potion"},{"floor":18,"key":"SteroidPotion"},{"floor":22,"key":"Swift Potion"}],"is_trial":false,"path_per_floor":["M","M","M","M","M","E","R","?","T","M","$","M","T","M","R","B",null,"M","M","$","M","M","R","E"],"character_chosen":"IRONCLAD","items_purchased":["Lee\u0027s Waffle","Oddly Smooth Stone"],"campfire_rested":0,"item_purchase_floors":[11,20],"current_hp_per_floor":[80,79,79,75,72,62,62,44,44,45,87,87,87,87,87,36,87,80,68,68,74,68,68,29],"gold":65,"neow_bonus":"REMOVE_CARD","is_prod":false,"is_daily":false,"chose_seed":false,"campfire_upgraded":3,"win_rate":0,"timestamp":1566952377,"path_taken":["M","M","M","M","M","E","R","?","T","M","$","M","?","M","R","BOSS","M","M","$","M","M","R","E"],"build_version":"2019-07-17","purchased_purges":0,"victory":false,"max_hp_per_floor":[80,80,80,80,80,80,80,80,80,80,87,87,87,87,87,87,87,87,87,87,87,87,87,87],"card_choices":[{"not_picked":["Clash","Armaments"],"picked":"Perfected Strike","floor":1.0},{"not_picked":["Metallicize","Shrug It Off"],"picked":"Pommel Strike","floor":2},{"not_picked":["Corruption","Flex","Havoc"],"picked":"SKIP","floor":3},{"not_picked":["Infernal Blade","Intimidate"],"picked":"Double Tap","floor":4},{"not_picked":["Ghostly Armor","Anger"],"picked":"Thunderclap","floor":5},{"not_picked":["Seeing Red","Fire Breathing"],"picked":"Corruption","floor":6},{"not_picked":["Thunderclap","Burning Pact"],"picked":"Carnage","floor":10},{"not_picked":["Hemokinesis","Shrug It Off"],"picked":"Flame Barrier","floor":12},{"not_picked":["Fire Breathing","Clash"],"picked":"Flame Barrier","floor":14},{"not_picked":["Reaper","Offering"],"picked":"Demon Form","floor":16},{"not_picked":["Clash+1","Sword Boomerang"],"picked":"Wild Strike","floor":18},{"not_picked":["Sword Boomerang","Exhume"],"picked":"Seeing Red","floor":19},{"not_picked":["Havoc","Flex+1"],"picked":"True Grit+1","floor":22}],"player_experience":116446,"relics_obtained":[{"floor":6,"key":"Vajra"},{"floor":9,"key":"Centennial Puzzle"},{"floor":13,"key":"Pen Nib"}],"event_choices":[{"damage_healed":0,"gold_gain":0,"player_choice":"Success","damage_taken":18,"relics_obtained":["War Paint"],"max_hp_gain":0,"max_hp_loss":0,"event_name":"Scrap Ooze","floor":8,"gold_loss":0}],"is_beta":false,"boss_relics":[{"not_picked":["Black Star","Calling Bell"],"picked":"Empty Cage"}],"items_purged_floors":[],"is_endless":false,"potions_floor_spawned":[4,10,12,14,16,18,22],"killed_by":"Slavers","ascension_level":2}