{"gold_per_floor":[115,190,42,42,55,86,101,117,140,173,123,123,149,149,149,251,251,264,42,58,58,69,69,81,107,107,107,122,0,12,24,24,122,122,135,150,150,33,43,62,72,22,22,56,56,76,99,115,115,115,115,115,17,43,43],"floor_reached":56,"playtime":4140,"items_purged":["Strike_G","Strike_G","Defend_G","Strike_G","Defend_G","Strike_G"],"score":1271,"play_id":"73d0925f-bdb3-44e9-8942-3d256df0f2ec","local_time":"20190202230223","is_ascension_mode":false,"campfire_choices":[{"data":"Neutralize","floor":12.0,"key":"SMITH"},{"data":"Glass Knife","floor":15.0,"key":"SMITH"},{"floor":23.0,"key":"RECALL"},{"floor":27.0,"key":"REST"},{"floor":32.0,"key":"REST"},{"floor":49.0,"key":"REST"},{"floor":52.0,"key":"REST"}],"neow_cost":"NONE","seed_source_timestamp":476402214719657,"circlet_count":0,"master_deck":["Defend_G","Defend_G","Survivor","Neutralize+1","Noxious Fumes","Venomology","Poisoned Stab","Cloak And Dagger","Infinite Blades","Glass Knife+1","Burst","Corpse Explosion","Poisoned Stab","Sadistic Nature","Backstab","Dagger Throw","Blade Dance+1","Footwork+1","Deadly Poison+1","Deflect+1","Catalyst+1","Acrobatics+1","Blur+1","Bouncing Flask+1","Cloak And Dagger+1","PiercingWail+1","Tactician+1","Envenom+1","Infinite Blades+1","Backflip+1","Prepared+1","PiercingWail+1","PiercingWail+1","Blade Dance+1","Backflip+1","Noxious Fumes+1","Mayhem","Backflip+1","Adrenaline+1","Cloak And Dagger+1","PiercingWail+1"],"special_seed":0,"relics":["Ring of the Snake","NeowsBlessing","Bag of Preparation","Strawberry","Smiling Mask","Prayer Wheel","Paper Crane","Fusion Hammer","Toxic Egg 2","Darkstone Periapt","Nunchaku","WristBlade","Letter Opener","Blood Vial","Bronze Scales"],"potions_floor_usage":[55,55,55],"damage_taken":[{"damage":0.0,"enemies":"2 Louse","floor":1.0,"turns":2.0},{"damage":0.0,"enemies":"Jaw Worm","floor":5.0,"turns":1.0},{"damage":0.0,"enemies":"3 Sentries","floor":6.0,"turns":1.0},{"damage":0.0,"enemies":"Cultist","floor":7.0,"turns":4.0},{"damage":0.0,"enemies":"Exordium Wildlife","floor":8.0,"turns":5.0},{"damage":21.0,"enemies":"Gremlin Nob","floor":10.0,"turns":5.0},{"damage":9.0,"enemies":"Lagavulin","floor":13.0,"turns":6.0},{"damage":6.0,"enemies":"Hexaghost","floor":16.0,"turns":8.0},{"damage":2.0,"enemies":"Spheric Guardian","floor":18.0,"turns":4.0},{"damage":0.0,"enemies":"2 Thieves","floor":20.0,"turns":2.0},{"damage":20.0,"enemies":"Snecko","floor":22.0,"turns":4.0},{"damage":19.0,"enemies":"Chosen and Byrds","floor":24.0,"turns":7.0},{"damage":0.0,"enemies":"Book of Stabbing","floor":25.0,"turns":6.0},{"damage":0.0,"enemies":"3 Cultists","floor":28.0,"turns":5.0},{"damage":7.0,"enemies":"Centurion and Healer","floor":30.0,"turns":2.0},{"damage":1.0,"enemies":"Cultist and Chosen","floor":31.0,"turns":3.0},{"damage":14.0,"enemies":"Automaton","floor":33.0,"turns":7.0},{"damage":0.0,"enemies":"3 Shapes","floor":35.0,"turns":1.0},{"damage":1.0,"enemies":"Orb Walker","floor":36.0,"turns":3.0},{"damage":11.0,"enemies":"Spire Growth","floor":39.0,"turns":4.0},{"damage":0.0,"enemies":"4 Shapes","floor":40.0,"turns":4.0},{"damage":2.0,"enemies":"Sphere and 2 Shapes","floor":41.0,"turns":4.0},{"damage":8.0,"enemies":"Giant Head","floor":44.0,"turns":7.0},{"damage":0.0,"enemies":"Jaw Worm Horde","floor":46.0,"turns":3.0},{"damage":0.0,"enemies":"Writhing Mass","floor":48.0,"turns":4.0},{"damage":30.0,"enemies":"Donu and Deca","floor":50.0,"turns":8.0},{"damage":13.0,"enemies":"Shield and Spear","floor":54.0,"turns":5.0},{"damage":53,"enemies":"The Heart","floor":55,"turns":8}],"seed_played":"4678202970553452744","potions_obtained":[{"floor":1.0,"key":"PowerPotion"},{"floor":8.0,"key":"PowerPotion"},{"floor":10.0,"key":"Ancient Potion"},{"floor":13.0,"key":"SneckoOil"},{"floor":18.0,"key":"SkillPotion"},{"floor":24.0,"key":"SkillPotion"},{"floor":30.0,"key":"Swift Potion"},{"floor":33.0,"key":"Block Potion"},{"floor":36.0,"key":"Block Potion"},{"floor":48.0,"key":"Block Potion"}],"is_trial":false,"path_per_floor":["M","?","$","?","M","E","M","M","T","E","?","R","E","T","R","B",null,"M","$","M","?","M","R","M","E","T","R","M","$","M","M","R","B",null,"M","M","?","$","M","M","M","$","T","E","?","M","T","M","R","B",null,"R","$","E","B",null],"character_chosen":"THE_SILENT","items_purchased":["Noxious Fumes","Sadistic Nature","Blur+1","Prepared+1","PiercingWail+1","Cloak And Dagger+1"],"campfire_rested":4,"item_purchase_floors":[3,19,29,38,38,53],"current_hp_per_floor":[70,59,59,59,59,59,59,70,77,56,56,56,47,47,47,41,77,75,75,75,75,55,55,36,36,36,59,59,59,52,51,74,60,77,77,76,76,76,65,65,63,63,63,55,55,55,55,57,77,47,77,77,77,64,13],"gold":43,"neow_bonus":"THREE_ENEMY_KILL","is_prod":false,"is_daily":false,"chose_seed":false,"campfire_upgraded":2,"win_rate":0,"timestamp":1549116143,"path_taken":["M","?","$","?","M","E","M","?","T","E","?","R","E","?","R","BOSS","M","$","M","?","M","R","?","E","T","R","M","?","M","M","R","BOSS","M","M","?","?","?","M","M","$","T","E","?","M","?","M","R","BOSS","R","$","E","BOSS"],"build_version":"2019-01-23","purchased_purges":6,"victory":true,"max_hp_per_floor":[70,70,70,70,70,70,70,70,77,77,77,77,77,77,77,77,77,77,77,77,77,77,77,77,77,77,77,77,77,77,77,77,77,77,77,77,77,77,77,77,77,77,77,77,77,77,77,77,77,77,77,77,77,77,77],"card_choices":[{"not_picked":["Concentrate","Choke","Outmaneuver"],"picked":"SKIP","floor":1.0},{"not_picked":["Concentrate","Quick Slash"],"picked":"Poisoned Stab","floor":5.0},{"not_picked":["Escape Plan","Leg Sweep"],"picked":"Cloak And Dagger","floor":6.0},{"not_picked":["Tactician","Reflex","Outmaneuver"],"picked":"SKIP","floor":7.0},{"not_picked":["Dagger Spray","Distraction"],"picked":"Infinite Blades","floor":8.0},{"not_picked":["Escape Plan","Outmaneuver"],"picked":"Glass Knife","floor":10.0},{"not_picked":["Deadly Poison","Flying Knee"],"picked":"Burst","floor":13.0},{"not_picked":["Bullet Time","Burst"],"picked":"Corpse Explosion","floor":16.0},{"not_picked":["Underhanded Strike","Eviscerate"],"picked":"Poisoned Stab","floor":18.0},{"not_picked":["Blur","Escape Plan","Bouncing Flask+1"],"picked":"SKIP","floor":18.0},{"not_picked":["All Out Attack","Sucker Punch"],"picked":"Backstab","floor":20.0},{"not_picked":["Poisoned Stab","Quick Slash"],"picked":"Dagger Throw","floor":20.0},{"not_picked":["Predator","Deadly Poison+1"],"picked":"Blade Dance+1","floor":22.0},{"not_picked":["Flying Knee","Quick Slash"],"picked":"Footwork+1","floor":22.0},{"not_picked":["Bane","Doppelganger+1"],"picked":"Deadly Poison+1","floor":24.0},{"not_picked":["Blade Dance+1","Concentrate+1"],"picked":"Deflect+1","floor":24.0},{"not_picked":["Concentrate+1","Bane"],"picked":"Catalyst+1","floor":25.0},{"not_picked":["Bane","Blade Dance+1"],"picked":"Acrobatics+1","floor":28.0},{"not_picked":["Calculated Gamble+1","Slice","Poisoned Stab"],"picked":"SKIP","floor":28.0},{"not_picked":["Distraction+1","Acrobatics+1"],"picked":"Bouncing Flask+1","floor":30.0},{"not_picked":["Dagger Throw","Outmaneuver+1"],"picked":"Cloak And Dagger+1","floor":30.0},{"not_picked":["Cloak And Dagger+1","Quick Slash"],"picked":"PiercingWail+1","floor":31.0},{"not_picked":["Unload","Endless Agony"],"picked":"Tactician+1","floor":31.0},{"not_picked":["Bullet Time+1","Storm of Steel+1"],"picked":"Envenom","floor":33.0},{"not_picked":["Deadly Poison+1","Concentrate+1"],"picked":"Infinite Blades+1","floor":35.0},{"not_picked":["Flying Knee+1","Dagger Throw+1","Dagger Spray"],"picked":"SKIP","floor":35.0},{"not_picked":["Escape Plan+1","Outmaneuver+1"],"picked":"Backflip+1","floor":36.0},{"not_picked":["All Out Attack+1","Bane+1","Heel Hook+1"],"picked":"SKIP","floor":36.0},{"not_picked":["Quick Slash+1","Caltrops"],"picked":"PiercingWail+1","floor":39.0},{"not_picked":["Sucker Punch+1","Dodge and Roll+1","Poisoned Stab"],"picked":"SKIP","floor":39.0},{"not_picked":["Sucker Punch","Malaise+1"],"picked":"Blade Dance+1","floor":40.0},{"not_picked":["Poisoned Stab","Deadly Poison+1","Dagger Throw+1"],"picked":"SKIP","floor":40.0},{"not_picked":["Infinite Blades","Dagger Spray+1"],"picked":"Backflip+1","floor":41.0},{"not_picked":["Acrobatics+1","Caltrops","Flying Knee"],"picked":"SKIP","floor":41.0},{"not_picked":["Bouncing Flask+1","Predator+1"],"picked":"Noxious Fumes+1","floor":44.0},{"not_picked":["Magnetism","Blind+1"],"picked":"Mayhem","floor":45.0},{"not_picked":["Bane+1","Poisoned Stab+1"],"picked":"Backflip+1","floor":46.0},{"not_picked":["Prepared+1","Slice+1","Flying Knee+1"],"picked":"SKIP","floor":46.0},{"not_picked":["Bane","Terror+1"],"picked":"Adrenaline+1","floor":48.0},{"not_picked":["Slice+1","Dodge and Roll+1","Leg Sweep+1"],"picked":"SKIP","floor":48.0},{"not_picked":["Flying Knee+1","Crippling Poison+1"],"picked":"PiercingWail+1","floor":54.0}],"player_experience":95767,"relics_obtained":[{"floor":6.0,"key":"Bag of Preparation"},{"floor":9.0,"key":"Strawberry"},{"floor":10.0,"key":"Smiling Mask"},{"floor":13.0,"key":"Prayer Wheel"},{"floor":14.0,"key":"Paper Crane"},{"floor":25.0,"key":"Darkstone Periapt"},{"floor":26.0,"key":"Nunchaku"},{"floor":44.0,"key":"Letter Opener"},{"floor":47.0,"key":"Blood Vial"},{"floor":54.0,"key":"Bronze Scales"}],"event_choices":[{"damage_healed":0.0,"max_hp_gain":0.0,"max_hp_loss":0.0,"gold_gain":75.0,"event_name":"World of Goop","player_choice":"Gather Gold","floor":2.0,"gold_loss":0.0,"damage_taken":11.0},{"damage_healed":0.0,"max_hp_gain":0.0,"max_hp_loss":0.0,"gold_gain":0.0,"cards_transformed":["Strike_G"],"event_name":"Transmorgrifier","player_choice":"Transformed","floor":4.0,"gold_loss":0.0,"damage_taken":0.0,"cards_obtained":["Venomology"]},{"cards_removed":["Defend_G"],"damage_healed":0.0,"max_hp_gain":0.0,"max_hp_loss":0.0,"gold_gain":0.0,"event_name":"The Cleric","player_choice":"Card Removal","floor":11.0,"gold_loss":50.0,"damage_taken":0.0},{"damage_healed":0.0,"max_hp_gain":0.0,"max_hp_loss":0.0,"gold_gain":0.0,"event_name":"WeMeetAgain","player_choice":"Gave Potion","floor":21.0,"gold_loss":0.0,"damage_taken":0.0,"relics_obtained":["Toxic Egg 2"]},{"damage_healed":0.0,"max_hp_gain":0.0,"max_hp_loss":0.0,"gold_gain":0.0,"event_name":"Accursed Blacksmith","player_choice":"Forge","floor":37.0,"gold_loss":0.0,"damage_taken":0.0,"cards_upgraded":["Envenom"]},{"damage_healed":0.0,"max_hp_gain":0.0,"max_hp_loss":0.0,"gold_gain":0.0,"event_name":"SensoryStone","player_choice":"Memory 1","floor":45.0,"gold_loss":0.0,"damage_taken":0.0}],"is_beta":false,"boss_relics":[{"not_picked":["Runic Dome","Snecko Eye"],"picked":"Fusion Hammer"},{"not_picked":["Empty Cage","HoveringKite"],"picked":"WristBlade"}],"items_purged_floors":[3,19,29,38,42,53],"is_endless":false,"potions_floor_spawned":[1,8,10,13,18,24,30,33,36,39,40,48],"ascension_level":0}