{"gold_per_floor":[115,115,127,127,145,176,176,190,214,214,226,240,266,277,277,382,382,396,396,5,23,23,58,58,83,83,117,131,131,131,131,131,230,230,249,249,261,12,62,93,109,109,135,54,154,165,40,52,52,52],"floor_reached":50,"playtime":3446,"items_purged":["Strike_G","Metamorphosis","Strike_G+1"],"score":618,"play_id":"ba5cbeff-f61d-4b66-8cb3-d3f1629c20d3","local_time":"20190601160146","is_ascension_mode":true,"campfire_choices":[{"floor":7,"key":"REST"},{"floor":10,"key":"RECALL"},{"floor":15,"key":"REST"},{"data":"Well Laid Plans","floor":24,"key":"SMITH"},{"data":"Bouncing Flask","floor":29,"key":"SMITH"},{"floor":32,"key":"REST"},{"floor":42,"key":"REST"},{"floor":49,"key":"REST"}],"neow_cost":"NONE","seed_source_timestamp":20393986814154,"circlet_count":0,"master_deck":["Defend_G+1","Defend_G+1","Defend_G+1","Defend_G+1","Defend_G+1","Strike_G+1","Strike_G+1","Survivor+1","Neutralize","All Out Attack+1","Well Laid Plans+1","Backstab","Infinite Blades","Poisoned Stab","Bane","Crippling Poison","Blur+1","Sucker Punch","Glass Knife","Dagger Throw+1","Infinite Blades","PiercingWail+1","Crippling Poison+1","Caltrops","Bouncing Flask+1","Adrenaline","Finisher+1","PiercingWail+1","Envenom","Footwork"],"relics":["Ring of the Snake","PreservedInsect","Blood Vial","Pen Nib","Snecko Eye","Vajra","Regal Pillow","Question Card","War Paint","Whetstone","Orichalcum","WristBlade","The Specimen","Mercury Hourglass","Omamori","Ginger"],"potions_floor_usage":[13,16,18,23,27,33,33,40,46],"damage_taken":[{"damage":0,"enemies":"Small Slimes","floor":1,"turns":3},{"damage":5,"enemies":"Jaw Worm","floor":3,"turns":4},{"damage":0,"enemies":"Cultist","floor":5,"turns":5},{"damage":18,"enemies":"Lagavulin","floor":6,"turns":9},{"damage":0,"enemies":"Red Slaver","floor":8,"turns":3},{"damage":5,"enemies":"Exordium Wildlife","floor":11,"turns":6},{"damage":7,"enemies":"Blue Slaver","floor":12,"turns":4},{"damage":12,"enemies":"3 Sentries","floor":13,"turns":5},{"damage":0,"enemies":"3 Louse","floor":14,"turns":2},{"damage":44,"enemies":"The Guardian","floor":16,"turns":11},{"damage":13,"enemies":"Shell Parasite","floor":18,"turns":7},{"damage":5,"enemies":"Chosen","floor":21,"turns":3},{"damage":6,"enemies":"Book of Stabbing","floor":23,"turns":5},{"damage":0,"enemies":"Gremlin Leader","floor":25,"turns":4},{"damage":20,"enemies":"Slavers","floor":27,"turns":3},{"damage":0,"enemies":"Centurion and Healer","floor":28,"turns":6},{"damage":22,"enemies":"Champ","floor":33,"turns":8},{"damage":15,"enemies":"3 Darklings","floor":35,"turns":3},{"damage":4,"enemies":"3 Shapes","floor":37,"turns":2},{"damage":34,"enemies":"2 Orb Walkers","floor":39,"turns":5},{"damage":26,"enemies":"Nemesis","floor":40,"turns":3},{"damage":0,"enemies":"Jaw Worm Horde","floor":41,"turns":2},{"damage":0,"enemies":"Mind Bloom Boss Battle","floor":45,"turns":4},{"damage":8,"enemies":"3 Darklings","floor":46,"turns":3},{"damage":29,"enemies":"Writhing Mass","floor":48,"turns":4},{"damage":66,"enemies":"Awakened One","floor":50,"turns":4}],"seed_played":"655874134015973639","potions_obtained":[{"floor":6,"key":"SteroidPotion"},{"floor":8,"key":"AttackPotion"},{"floor":12,"key":"Regen Potion"},{"floor":14,"key":"Strength Potion"},{"floor":16,"key":"SkillPotion"},{"floor":21,"key":"LiquidBronze"},{"floor":25,"key":"SteroidPotion"},{"floor":28,"key":"Block Potion"},{"floor":39,"key":"Swift Potion"},{"floor":40,"key":"Swift Potion"}],"is_trial":false,"path_per_floor":["M","?","M","?","M","E","R","M","T","R","M","M","E","M","R","B",null,"M","?","$","M","T","E","R","E","T","E","M","R","?","?","R","B",null,"M","?","M","$","?","E","M","R","T","$","?","M","$","M","R","B"],"character_chosen":"THE_SILENT","items_purchased":["Vajra","Metamorphosis","Envenom","Footwork"],"campfire_rested":5,"item_purchase_floors":[20,20,38,44],"current_hp_per_floor":[77,65,60,45,45,27,50,52,52,52,49,44,34,36,59,32,77,64,64,64,61,61,57,57,59,59,41,43,43,43,29,68,48,82,67,67,65,65,33,9,11,50,50,50,52,46,46,19,58,0],"gold":52,"neow_bonus":"TEN_PERCENT_HP_BONUS","is_prod":false,"is_daily":false,"chose_seed":false,"campfire_upgraded":2,"win_rate":0,"timestamp":1559419306,"path_taken":["M","?","M","?","?","E","R","M","T","R","M","M","E","M","R","BOSS","M","?","?","?","?","E","R","E","T","E","M","R","?","?","R","BOSS","M","?","M","$","?","E","M","R","T","?","?","?","?","M","R","BOSS"],"build_version":"2019-01-23","purchased_purges":3,"victory":false,"max_hp_per_floor":[77,77,77,77,77,77,77,77,77,77,77,77,77,77,77,77,77,77,77,77,77,77,77,77,77,77,77,77,77,77,82,82,82,82,82,82,82,82,82,82,82,82,82,82,82,82,82,82,82,82],"card_choices":[{"not_picked":["Backflip","Outmaneuver"],"picked":"All Out Attack","floor":1},{"not_picked":["Terror","Deadly Poison"],"picked":"Well Laid Plans","floor":3},{"not_picked":["Accuracy","Masterful Stab"],"picked":"Backstab","floor":5},{"not_picked":["Outmaneuver","Blade Dance"],"picked":"Infinite Blades","floor":6},{"not_picked":["Predator","Flechettes"],"picked":"Poisoned Stab","floor":8},{"not_picked":["Choke","Deflect"],"picked":"Bane","floor":11},{"not_picked":["Blur","Prepared"],"picked":"Crippling Poison","floor":12},{"not_picked":["Terror","Expertise"],"picked":"Blur","floor":13},{"not_picked":["Acrobatics","Phantasmal Killer"],"picked":"Sucker Punch","floor":14},{"not_picked":["Burst","After Image"],"picked":"Glass Knife","floor":16},{"not_picked":["Dagger Spray","Deflect+1"],"picked":"Dagger Throw+1","floor":18},{"not_picked":["Blade Dance+1","Masterful Stab"],"picked":"PiercingWail","floor":21},{"not_picked":["Infinite Blades","Poisoned Stab","Blade Dance"],"picked":"SKIP","floor":23},{"not_picked":["Sucker Punch","PiercingWail","Backstab"],"picked":"Crippling Poison+1","floor":25},{"not_picked":["Sucker Punch+1","Poisoned Stab","Prepared"],"picked":"Caltrops","floor":27},{"not_picked":["Prepared","Dodge and Roll","Malaise"],"picked":"Bouncing Flask","floor":28},{"not_picked":["Corpse Explosion","Burst","Die Die Die"],"picked":"Adrenaline","floor":33},{"not_picked":["Flying Knee+1","Slice+1","PiercingWail"],"picked":"Finisher+1","floor":35},{"not_picked":["Outmaneuver","Blade Dance","Flying Knee"],"picked":"PiercingWail+1","floor":37},{"not_picked":["Finisher+1","Leg Sweep","Dash","Crippling Poison"],"picked":"SKIP","floor":40},{"not_picked":["Accuracy","Underhanded Strike+1","Terror","Quick Slash"],"picked":"SKIP","floor":41},{"not_picked":["Dash+1","Blur+1","Dodge and Roll","Well Laid Plans+1"],"picked":"SKIP","floor":46},{"not_picked":["Blade Dance+1","Backflip+1","Outmaneuver","Dodge and Roll+1"],"picked":"SKIP","floor":48}],"player_experience":62564,"relics_obtained":[{"floor":6,"key":"Blood Vial"},{"floor":13,"key":"Pen Nib"},{"floor":22,"key":"Regal Pillow"},{"floor":23,"key":"Question Card"},{"floor":25,"key":"War Paint"},{"floor":26,"key":"Whetstone"},{"floor":27,"key":"Orichalcum"},{"floor":39,"key":"The Specimen"},{"floor":40,"key":"Mercury Hourglass"},{"floor":43,"key":"Omamori"},{"floor":45,"key":"Ginger"}],"event_choices":[{"damage_healed":0,"gold_gain":0,"player_choice":"Success","damage_taken":12,"relics_obtained":["PreservedInsect"],"max_hp_gain":0,"max_hp_loss":0,"event_name":"Scrap Ooze","floor":2,"gold_loss":0},{"damage_healed":0,"gold_gain":0,"player_choice":"Entered Light","damage_taken":15,"max_hp_gain":0,"max_hp_loss":0,"event_name":"Shining Light","floor":4,"gold_loss":0,"cards_upgraded":["Defend_G","Survivor"]},{"damage_healed":0,"gold_gain":0,"player_choice":"Copied","damage_taken":0,"max_hp_gain":0,"max_hp_loss":0,"event_name":"Duplicator","floor":19,"gold_loss":0,"cards_obtained":["Infinite Blades"]},{"damage_healed":0,"gold_gain":0,"player_choice":"Simplicity","damage_taken":0,"max_hp_gain":0,"max_hp_loss":0,"event_name":"Back to Basics","floor":30,"gold_loss":0,"cards_upgraded":["Defend_G","Defend_G","Defend_G","Defend_G","Strike_G","Strike_G","Strike_G"]},{"damage_healed":0,"gold_gain":0,"player_choice":"Shed Blood","damage_taken":19,"max_hp_gain":5,"max_hp_loss":0,"event_name":"Forgotten Altar","floor":31,"gold_loss":0},{"cards_removed":["Strike_G"],"damage_healed":0,"gold_gain":0,"player_choice":"Removed Attack","damage_taken":0,"max_hp_gain":0,"max_hp_loss":0,"event_name":"Falling","floor":36,"gold_loss":0},{"damage_healed":0,"gold_gain":0,"player_choice":"Fight","damage_taken":0,"max_hp_gain":0,"max_hp_loss":0,"event_name":"Mysterious Sphere","floor":39,"gold_loss":0},{"damage_healed":0,"gold_gain":0,"player_choice":"Fight","damage_taken":0,"max_hp_gain":0,"max_hp_loss":0,"event_name":"MindBloom","floor":45,"gold_loss":0}],"is_beta":false,"boss_relics":[{"not_picked":["Fusion Hammer","Orrery"],"picked":"Snecko Eye"},{"not_picked":["Cursed Key","White Beast Statue"],"picked":"WristBlade"}],"items_purged_floors":[20,38,47],"is_endless":false,"potions_floor_spawned":[6,8,12,14,16,21,25,28,39,40],"killed_by":"Awakened One","ascension_level":1}