{"gold_per_floor":[116,129,147,159,159,159,194,194,218,244,307,319,347,126,126,222,222,233,233,251,251,271,271,299,128,180,180,190,206,206,131,131,232,232,249,249,249,297,312,312,332,28,28,6,6,21,21,32,32,32],"floor_reached":51,"playtime":4529,"items_purged":["Strike_G","Pain","Defend_G"],"score":719,"play_id":"97bea9e1-988a-40fc-acbf-2abb40967a76","local_time":"20190127232300","is_ascension_mode":true,"campfire_choices":[{"data":"Poisoned Stab","floor":6,"key":"SMITH"},{"data":"Neutralize","floor":8,"key":"SMITH"},{"floor":15,"key":"REST"},{"data":"Noxious Fumes","floor":23,"key":"SMITH"},{"data":"Deadly Poison","floor":27,"key":"SMITH"},{"floor":32,"key":"REST"},{"floor":40,"key":"REST"},{"floor":49,"key":"REST"}],"neow_cost":"NONE","seed_source_timestamp":46264154273311,"circlet_count":0,"master_deck":["Defend_G","Defend_G","Defend_G","Strike_G+1","Survivor","Neutralize+1","Finisher","Deadly Poison+1","Poisoned Stab+1","Flying Knee","Grand Finale+1","After Image","Malaise","Prepared+1","Noxious Fumes+1","After Image","Leg Sweep+1","Writhe","Prepared+1","Flechettes","Blade Dance+1","Storm of Steel+1","Cloak And Dagger+1","Grand Finale+1","Dodge and Roll+1","Prepared+1","Deadly Poison+1","Blur+1","Night Terror+1","Regret","Dodge and Roll+1","Accuracy","Expertise+1"],"relics":["Runic Pyramid","Lantern","Juzu Bracelet","Bag of Preparation","Art of War","Odd Mushroom","Cursed Key","WarpedTongs","Toxic Egg 2","Whetstone","Fusion Hammer","The Specimen","Ornamental Fan"],"potions_floor_usage":[10,24,28,29,38,48,50,50],"damage_taken":[{"damage":0,"enemies":"Small Slimes","floor":1,"turns":4},{"damage":0,"enemies":"2 Louse","floor":2,"turns":3},{"damage":0,"enemies":"Jaw Worm","floor":3,"turns":3},{"damage":0,"enemies":"Exordium Wildlife","floor":4,"turns":3},{"damage":10,"enemies":"3 Sentries","floor":7,"turns":8},{"damage":16,"enemies":"Gremlin Nob","floor":10,"turns":3},{"damage":12,"enemies":"Gremlin Nob","floor":11,"turns":4},{"damage":12,"enemies":"3 Louse","floor":12,"turns":3},{"damage":2,"enemies":"The Mushroom Lair","floor":13,"turns":4},{"damage":7,"enemies":"Hexaghost","floor":16,"turns":7},{"damage":13,"enemies":"2 Thieves","floor":18,"turns":3},{"damage":1,"enemies":"3 Byrds","floor":20,"turns":5},{"damage":3,"enemies":"3 Cultists","floor":22,"turns":3},{"damage":18,"enemies":"Gremlin Leader","floor":24,"turns":8},{"damage":2,"enemies":"Cultist and Chosen","floor":28,"turns":4},{"damage":3,"enemies":"Centurion and Healer","floor":29,"turns":6},{"damage":14,"enemies":"Collector","floor":33,"turns":9},{"damage":2,"enemies":"Orb Walker","floor":35,"turns":5},{"damage":30,"enemies":"2 Orb Walkers","floor":38,"turns":5},{"damage":0,"enemies":"3 Darklings","floor":39,"turns":7},{"damage":2,"enemies":"Sphere and 2 Shapes","floor":41,"turns":4},{"damage":2,"enemies":"Spire Growth","floor":46,"turns":5},{"damage":9,"enemies":"4 Shapes","floor":48,"turns":5},{"damage":38,"enemies":"Time Eater","floor":50,"turns":10}],"seed_played":"-1363114662170099258","potions_obtained":[{"floor":1,"key":"Strength Potion"},{"floor":3,"key":"Fire Potion"},{"floor":10,"key":"Ancient Potion"},{"floor":16,"key":"Weak Potion"},{"floor":24,"key":"Explosive Potion"},{"floor":28,"key":"GamblersBrew"},{"floor":33,"key":"SkillPotion"},{"floor":41,"key":"Poison Potion"},{"floor":46,"key":"Regen Potion"}],"is_trial":false,"path_per_floor":["M","M","M","M","?","R","E","R","T","E","?","M","?","$","R","B",null,"M","?","M","?","M","R","E","$","T","R","M","M","?","?","R","B",null,"M","?","?","?","M","R","M","$","T","$","?","M","$","M","R","B",null],"character_chosen":"THE_SILENT","items_purchased":["After Image","Leg Sweep+1","Blur+1","Night Terror+1","Dodge and Roll+1"],"campfire_rested":4,"item_purchase_floors":[14,25,42,42,44],"current_hp_per_floor":[70,70,70,70,70,70,60,60,60,44,32,20,18,18,39,32,70,57,57,56,56,53,53,35,35,35,35,33,30,30,30,51,37,70,68,68,66,36,36,55,53,53,53,53,53,51,51,56,66,28],"gold":32,"neow_bonus":"BOSS_RELIC","is_prod":false,"is_daily":false,"chose_seed":false,"campfire_upgraded":4,"win_rate":0,"timestamp":1548627780,"path_taken":["M","M","M","M","?","R","E","R","T","E","?","M","?","?","R","BOSS","M","?","M","?","M","R","E","$","T","R","M","M","?","?","R","BOSS","M","?","?","?","M","R","M","$","T","$","?","M","$","M","R","BOSS"],"build_version":"2019-01-23","purchased_purges":3,"victory":true,"max_hp_per_floor":[70,70,70,70,70,70,70,70,70,70,70,70,70,70,70,70,70,70,70,70,70,70,70,70,70,70,70,70,70,70,70,70,70,70,70,70,66,66,66,66,66,66,66,66,66,66,66,66,66,66],"card_choices":[{"not_picked":["Bouncing Flask","Blade Dance"],"picked":"Finisher","floor":1},{"not_picked":["PiercingWail","Dodge and Roll"],"picked":"Deadly Poison","floor":2},{"not_picked":["Bane","Tactician"],"picked":"Poisoned Stab","floor":3},{"not_picked":["Poisoned Stab","Bouncing Flask"],"picked":"Flying Knee","floor":4},{"not_picked":["Acrobatics","Well Laid Plans"],"picked":"Grand Finale","floor":7},{"not_picked":["Dodge and Roll","Predator","All Out Attack"],"picked":"SKIP","floor":10},{"not_picked":["Poisoned Stab","Bane","Quick Slash"],"picked":"SKIP","floor":12},{"not_picked":["Doppelganger","A Thousand Cuts"],"picked":"Malaise","floor":16},{"not_picked":["Terror","Expertise"],"picked":"Prepared+1","floor":18},{"not_picked":["Poisoned Stab","Bane+1","Dash"],"picked":"SKIP","floor":20},{"not_picked":["Outmaneuver+1","Dodge and Roll+1"],"picked":"Noxious Fumes","floor":22},{"not_picked":["Cloak And Dagger","Backflip"],"picked":"After Image","floor":24},{"not_picked":["Caltrops","Backstab+1"],"picked":"Prepared+1","floor":28},{"not_picked":["PiercingWail+1","Deadly Poison+1"],"picked":"Flechettes","floor":29},{"not_picked":["Unload","After Image"],"picked":"Storm of Steel+1","floor":33},{"not_picked":["Escape Plan+1","Bane+1"],"picked":"Cloak And Dagger+1","floor":35},{"not_picked":["Poisoned Stab+1","Acrobatics+1"],"picked":"Dodge and Roll+1","floor":38},{"not_picked":["Cloak And Dagger+1","Underhanded Strike"],"picked":"Prepared+1","floor":39},{"not_picked":["Dagger Spray","Deflect+1"],"picked":"Deadly Poison+1","floor":41},{"not_picked":["Underhanded Strike","Slice"],"picked":"Expertise+1","floor":46},{"not_picked":["Flechettes+1","Deflect+1","Outmaneuver+1"],"picked":"SKIP","floor":48}],"player_experience":314586,"relics_obtained":[{"floor":7,"key":"Lantern"},{"floor":9,"key":"Juzu Bracelet"},{"floor":10,"key":"Bag of Preparation"},{"floor":11,"key":"Art of War"},{"floor":13,"key":"Odd Mushroom"},{"floor":24,"key":"Toxic Egg 2"},{"floor":26,"key":"Whetstone"},{"floor":38,"key":"The Specimen"},{"floor":43,"key":"Ornamental Fan"}],"event_choices":[{"cards_removed":["Strike_G"],"damage_healed":0,"gold_gain":0,"player_choice":"Forget","damage_taken":0,"max_hp_gain":0,"max_hp_loss":0,"event_name":"Living Wall","floor":5,"gold_loss":0},{"damage_healed":0,"gold_gain":0,"player_choice":"Searched \u00271\u0027 times","damage_taken":0,"max_hp_gain":0,"max_hp_loss":0,"event_name":"Dead Adventurer","floor":11,"gold_loss":0},{"damage_healed":0,"gold_gain":0,"player_choice":"Fought Mushrooms","damage_taken":0,"max_hp_gain":0,"max_hp_loss":0,"event_name":"Mushrooms","floor":13,"gold_loss":0},{"damage_healed":0,"gold_gain":0,"player_choice":"Ignored","damage_taken":0,"max_hp_gain":0,"max_hp_loss":0,"event_name":"Cursed Tome","floor":19,"gold_loss":0},{"damage_healed":0,"gold_gain":0,"player_choice":"Rummage","damage_taken":0,"relics_obtained":["WarpedTongs"],"max_hp_gain":0,"max_hp_loss":0,"event_name":"Accursed Blacksmith","floor":21,"gold_loss":0,"cards_obtained":["Pain"]},{"damage_healed":0,"gold_gain":0,"cards_transformed":["Defend_G","Strike_G"],"player_choice":"Became Test Subject","damage_taken":0,"max_hp_gain":0,"max_hp_loss":0,"event_name":"Drug Dealer","floor":30,"gold_loss":0,"cards_obtained":["Blade Dance","Concentrate"]},{"cards_removed":["Strike_G"],"damage_healed":0,"gold_gain":0,"player_choice":"Gave Gold","damage_taken":0,"max_hp_gain":0,"max_hp_loss":0,"event_name":"Beggar","floor":31,"gold_loss":75},{"damage_healed":0,"gold_gain":0,"player_choice":"Copied","damage_taken":0,"max_hp_gain":0,"max_hp_loss":0,"event_name":"Duplicator","floor":36,"gold_loss":0,"cards_obtained":["Grand Finale"]},{"damage_healed":0,"gold_gain":0,"player_choice":"Max HP","damage_taken":0,"max_hp_gain":0,"max_hp_loss":4,"event_name":"Winding Halls","floor":37,"gold_loss":0},{"damage_healed":0,"gold_gain":0,"player_choice":"Fight","damage_taken":0,"max_hp_gain":0,"max_hp_loss":0,"event_name":"Mysterious Sphere","floor":38,"gold_loss":0},{"damage_healed":0,"gold_gain":0,"cards_transformed":["Concentrate"],"player_choice":"Transformed","damage_taken":0,"max_hp_gain":0,"max_hp_loss":0,"event_name":"Transmorgrifier","floor":45,"gold_loss":0,"cards_obtained":["Accuracy"]}],"is_beta":true,"boss_relics":[{"not_picked":["Runic Dome","Velvet Choker"],"picked":"Cursed Key"},{"not_picked":["Black Star","Snecko Eye"],"picked":"Fusion Hammer"}],"items_purged_floors":[14,25,42],"is_endless":false,"potions_floor_spawned":[1,3,10,16,22,24,28,33,41,46],"ascension_level":3}