{"gold_per_floor":[118,118,131,26,26,61,77,97,97,97,172,172,172,272,272,368,368,382,393,56,72,25,25,50,63,63,63,83,83,83,97,97,97],"floor_reached":33,"playtime":1301,"items_purged":[],"score":292,"play_id":"16a67b56-df2b-4e2d-8cf1-70171cb19988","local_time":"20190601131601","is_ascension_mode":true,"campfire_choices":[{"floor":10,"key":"REST"},{"floor":13,"key":"REST"},{"data":"Infernal Blade","floor":15,"key":"SMITH"},{"floor":23,"key":"REST"},{"floor":27,"key":"REST"},{"floor":29,"key":"REST"},{"floor":32,"key":"REST"}],"neow_cost":"NONE","seed_source_timestamp":12593119110438,"circlet_count":0,"master_deck":["Strike_R","Strike_R","Strike_R","Strike_R","Defend_R","Defend_R","Defend_R","Defend_R","Bash","Shrug It Off","Flex","Searing Blow","Anger","Infernal Blade+1","Decay","Offering","Infernal Blade","Cleave","Shrug It Off","Shockwave","Twin Strike","Rage+1","Headbutt","Anger","Offering","Clothesline"],"relics":["Lizard Tail","Juzu Bracelet","Mercury Hourglass","Busted Crown","StoneCalendar","Letter Opener"],"potions_floor_usage":[6,8,16,16,24,24,33,33],"damage_taken":[{"damage":1,"enemies":"Cultist","floor":1,"turns":3},{"damage":3,"enemies":"Jaw Worm","floor":3,"turns":6},{"damage":66,"enemies":"Gremlin Nob","floor":6,"turns":6},{"damage":2,"enemies":"2 Louse","floor":7,"turns":3},{"damage":0,"enemies":"2 Fungi Beasts","floor":8,"turns":3},{"damage":79,"enemies":"The Guardian","floor":16,"turns":13},{"damage":16,"enemies":"Shell Parasite","floor":18,"turns":3},{"damage":15,"enemies":"Chosen","floor":19,"turns":3},{"damage":24,"enemies":"Snake Plant","floor":21,"turns":4},{"damage":46,"enemies":"Slavers","floor":24,"turns":7},{"damage":8,"enemies":"3 Cultists","floor":25,"turns":4},{"damage":16,"enemies":"Shelled Parasite and Fungi","floor":28,"turns":4},{"damage":26,"enemies":"Snake Plant","floor":31,"turns":3},{"damage":58,"enemies":"Collector","floor":33,"turns":6}],"seed_played":"497256819149233747","potions_obtained":[{"floor":1,"key":"Poison Potion"},{"floor":6,"key":"GamblersBrew"},{"floor":8,"key":"Dexterity Potion"},{"floor":18,"key":"Regen Potion"},{"floor":19,"key":"EssenceOfSteel"},{"floor":24,"key":"Energy Potion"},{"floor":31,"key":"Strength Potion"}],"is_trial":false,"path_per_floor":["M","$","M","$","?","E","M","M","T","R","?","?","R","?","R","B",null,"M","M","$","M","$","R","E","M","T","R","M","R","?","M","R","B"],"character_chosen":"IRONCLAD","items_purchased":["Flex","SkillPotion","StoneCalendar","Shrug It Off","Twin Strike"],"campfire_rested":6,"item_purchase_floors":[4,4,20,20,22],"current_hp_per_floor":[79,79,76,76,69,3,1,1,1,25,14,14,38,38,38,2,80,64,49,49,25,25,49,18,10,10,34,18,42,42,16,40,0],"gold":97,"neow_bonus":"BOSS_RELIC","is_prod":false,"is_daily":false,"chose_seed":false,"campfire_upgraded":1,"win_rate":0,"timestamp":1559409361,"path_taken":["M","?","M","$","?","E","M","M","T","R","?","?","R","?","R","BOSS","M","M","$","M","$","R","E","M","T","R","M","R","?","M","R","BOSS"],"build_version":"2019-01-23","purchased_purges":0,"victory":false,"max_hp_per_floor":[80,80,80,80,80,80,80,80,80,80,80,80,80,80,80,80,80,80,80,80,80,80,80,80,80,80,80,80,80,80,80,80,80],"card_choices":[{"not_picked":["Blood for Blood","Sword Boomerang"],"picked":"Shrug It Off","floor":1},{"not_picked":["Warcry","Thunderclap","Clash"],"picked":"SKIP","floor":3},{"not_picked":["Armaments","Heavy Blade"],"picked":"Searing Blow","floor":6},{"not_picked":["Uppercut","Clothesline"],"picked":"Anger","floor":7},{"not_picked":["Immolate","Dual Wield"],"picked":"Infernal Blade","floor":8},{"not_picked":["Impervious","Dark Embrace"],"picked":"Offering","floor":16},{"not_picked":[],"picked":"Infernal Blade","floor":18},{"not_picked":[],"picked":"Cleave","floor":19},{"not_picked":[],"picked":"Shockwave","floor":21},{"not_picked":[],"picked":"Rage+1","floor":24},{"not_picked":[],"picked":"Headbutt","floor":25},{"not_picked":[],"picked":"Anger","floor":28},{"not_picked":[],"picked":"Clothesline","floor":31}],"player_experience":60174,"relics_obtained":[{"floor":6,"key":"Juzu Bracelet"},{"floor":9,"key":"Mercury Hourglass"},{"floor":24,"key":"Letter Opener"}],"event_choices":[{"cards_removed":["Strike_R"],"damage_healed":0,"gold_gain":0,"player_choice":"Card Removal","damage_taken":7,"max_hp_gain":0,"max_hp_loss":0,"event_name":"Golden Wing","floor":5,"gold_loss":0},{"damage_healed":0,"gold_gain":75,"player_choice":"Gather Gold","damage_taken":11,"max_hp_gain":0,"max_hp_loss":0,"event_name":"World of Goop","floor":11,"gold_loss":0},{"damage_healed":0,"gold_gain":0,"player_choice":"Cursed","damage_taken":0,"max_hp_gain":0,"max_hp_loss":0,"event_name":"Wheel of Change","floor":12,"gold_loss":0,"cards_obtained":["Decay"]},{"damage_healed":0,"gold_gain":100,"player_choice":"Pray","damage_taken":0,"max_hp_gain":0,"max_hp_loss":0,"event_name":"Golden Shrine","floor":14,"gold_loss":0},{"damage_healed":0,"gold_gain":0,"player_choice":"Copied","damage_taken":0,"max_hp_gain":0,"max_hp_loss":0,"event_name":"Duplicator","floor":30,"gold_loss":0,"cards_obtained":["Offering"]}],"is_beta":false,"boss_relics":[{"not_picked":["Empty Cage","Philosopher\u0027s Stone"],"picked":"Busted Crown"}],"items_purged_floors":[],"is_endless":false,"potions_floor_spawned":[1,6,8,18,19,24,31],"killed_by":"Collector","ascension_level":2}