{"gold_per_floor":[99,99,99,99,99,99,99,99,99,99,99,99,28,28,28,28,28,28,28,28,28,0,0],"floor_reached":23,"playtime":2441,"items_purged":[],"score":228,"play_id":"3718ddda-f6e4-4187-8e46-a11eddeb060f","local_time":"20190528212207","is_ascension_mode":false,"campfire_choices":[{"data":"Phantasmal Killer","floor":6,"key":"SMITH"},{"data":"Caltrops","floor":15,"key":"SMITH"}],"neow_cost":"NONE","seed_source_timestamp":10313525452425,"circlet_count":0,"master_deck":["Defend_G","Defend_G","Defend_G","Defend_G","Defend_G","Survivor","Neutralize","Dodge and Roll","Blur","Phantasmal Killer+1","Backstab","Quick Slash","Poisoned Stab","Dagger Throw","PiercingWail","Caltrops+1","Acrobatics","A Thousand Cuts","Poisoned Stab+1","Bite","Bite","Bite","Bite","Bite","Skewer","Necronomicurse","Infinite Blades"],"relics":["Ectoplasm","Pantograph","Dream Catcher","Happy Flower","Black Star","Red Mask","Necronomicon"],"potions_floor_usage":[22,23,23],"damage_taken":[{"damage":0,"enemies":"2 Louse","floor":1,"turns":4},{"damage":1,"enemies":"Cultist","floor":2,"turns":4},{"damage":1,"enemies":"Jaw Worm","floor":4,"turns":5},{"damage":1,"enemies":"Red Slaver","floor":5,"turns":5},{"damage":0,"enemies":"Exordium Thugs","floor":7,"turns":5},{"damage":7,"enemies":"Lagavulin","floor":8,"turns":9},{"damage":0,"enemies":"3 Louse","floor":10,"turns":4},{"damage":13,"enemies":"3 Sentries","floor":11,"turns":9},{"damage":7,"enemies":"Large Slime","floor":14,"turns":5},{"damage":12,"enemies":"The Guardian","floor":16,"turns":10},{"damage":5,"enemies":"Shell Parasite","floor":18,"turns":6},{"damage":29,"enemies":"Masked Bandits","floor":20,"turns":5},{"damage":5,"enemies":"2 Thieves","floor":22,"turns":4},{"damage":23,"enemies":"Book of Stabbing","floor":23,"turns":4}],"seed_played":"-6963787657931938137","potions_obtained":[{"floor":2,"key":"Swift Potion"},{"floor":5,"key":"SpeedPotion"},{"floor":10,"key":"Energy Potion"},{"floor":11,"key":"Explosive Potion"}],"is_trial":false,"path_per_floor":["M","M","?","M","M","R","M","E","T","M","E","?","$","M","R","B",null,"M","?","?","?","M","E"],"character_chosen":"THE_SILENT","items_purchased":["Caltrops"],"campfire_rested":0,"item_purchase_floors":[13],"current_hp_per_floor":[70,69,69,68,67,67,67,60,60,60,47,47,47,40,40,53,70,65,49,22,6,11,0],"gold":0,"neow_bonus":"BOSS_RELIC","is_prod":false,"is_daily":false,"chose_seed":false,"campfire_upgraded":2,"win_rate":0.0,"timestamp":1559092927,"path_taken":["M","M","?","M","?","R","M","E","T","M","E","?","$","?","R","BOSS","M","?","?","?","?","E"],"build_version":"2019-01-23","purchased_purges":0,"victory":false,"max_hp_per_floor":[70,70,70,70,70,70,70,70,70,70,70,70,70,70,70,70,70,70,49,49,49,49,49],"card_choices":[{"not_picked":["Acrobatics","Terror"],"picked":"Dodge and Roll","floor":1},{"not_picked":["Terror","Acrobatics"],"picked":"Blur","floor":2},{"not_picked":["Outmaneuver","All Out Attack"],"picked":"Backstab","floor":4},{"not_picked":["Flying Knee","Predator"],"picked":"Quick Slash","floor":5},{"not_picked":["Bane","Sucker Punch"],"picked":"Poisoned Stab","floor":7},{"not_picked":["Slice","Choke","Leg Sweep"],"picked":"SKIP","floor":8},{"not_picked":["Dodge and Roll","Quick Slash"],"picked":"Dagger Throw","floor":10},{"not_picked":["Deflect","Sucker Punch"],"picked":"PiercingWail","floor":11},{"not_picked":["Escape Plan","Endless Agony"],"picked":"Acrobatics","floor":14},{"not_picked":["Corpse Explosion","Phantasmal Killer"],"picked":"A Thousand Cuts","floor":16},{"not_picked":["Bane","Underhanded Strike"],"picked":"Poisoned Stab+1","floor":18},{"not_picked":["Outmaneuver","Dagger Spray"],"picked":"Skewer","floor":20},{"not_picked":["Endless Agony","Eviscerate"],"picked":"Infinite Blades","floor":22}],"player_experience":14487,"relics_obtained":[{"floor":8,"key":"Pantograph"},{"floor":9,"key":"Dream Catcher"},{"floor":11,"key":"Happy Flower"},{"floor":20,"key":"Red Mask"},{"floor":21,"key":"Necronomicon"}],"event_choices":[{"damage_healed":0,"gold_gain":0,"cards_transformed":["Strike_G"],"player_choice":"Transformed","damage_taken":0,"max_hp_gain":0,"max_hp_loss":0,"event_name":"Transmorgrifier","floor":3,"gold_loss":0,"cards_obtained":["Phantasmal Killer"]},{"damage_healed":0,"gold_gain":0,"player_choice":"Ignored","damage_taken":0,"max_hp_gain":0,"max_hp_loss":0,"event_name":"NoteForYourself","floor":12,"gold_loss":0},{"damage_healed":0,"gold_gain":0,"player_choice":"Became a vampire","damage_taken":0,"max_hp_gain":0,"max_hp_loss":21,"event_name":"Vampires","floor":19,"gold_loss":0,"cards_obtained":["Bite","Bite","Bite","Bite","Bite"]},{"damage_healed":0,"gold_gain":0,"player_choice":"Fought Bandits","damage_taken":0,"max_hp_gain":0,"max_hp_loss":0,"event_name":"Masked Bandits","floor":20,"gold_loss":0},{"damage_healed":0,"gold_gain":0,"player_choice":"Obtained Book","damage_taken":16,"max_hp_gain":0,"max_hp_loss":0,"event_name":"Cursed Tome","floor":21,"gold_loss":0}],"is_beta":false,"boss_relics":[{"not_picked":["Velvet Choker","WristBlade"],"picked":"Black Star"}],"items_purged_floors":[],"is_endless":false,"potions_floor_spawned":[2,5,10,11,18],"killed_by":"Book of Stabbing","ascension_level":0}