{"gold_per_floor":[214,139,157,175,175,175,194,194,221,231,248,248,74,88,88,189,189,201,251,262,137,150,150,150],"floor_reached":24,"playtime":844,"items_purged":["Strike_B","Strike_B","Strike_B"],"score":190,"play_id":"c5bf47dd-7b70-44e1-9e1f-b9b1ad9678e8","local_time":"20190907101309","is_ascension_mode":false,"campfire_choices":[{"data":"Zap","floor":6,"key":"SMITH"},{"data":"Dualcast","floor":8,"key":"SMITH"},{"data":"Scrape","floor":15,"key":"SMITH"},{"floor":23,"key":"REST"}],"neow_cost":"NONE","seed_source_timestamp":1903246638580600,"circlet_count":0,"master_deck":["Strike_B","Defend_B","Defend_B","Defend_B","Zap+1","Dualcast+1","Defragment+1","FTL","Ball Lightning","Gash","Melter","Scrape+1","Leap","Biased Cognition","Gash","Steam"],"relics":["Cracked Core","Ancient Tea Set","Cursed Key"],"potions_floor_usage":[4,7,16,22],"damage_taken":[{"damage":0,"enemies":"2 Louse","floor":1,"turns":2},{"damage":1,"enemies":"Cultist","floor":3,"turns":3},{"damage":7,"enemies":"Small Slimes","floor":4,"turns":3},{"damage":23,"enemies":"Exordium Thugs","floor":7,"turns":5},{"damage":1,"enemies":"Exordium Wildlife","floor":10,"turns":4},{"damage":3,"enemies":"Lots of Slimes","floor":11,"turns":2},{"damage":4,"enemies":"2 Fungi Beasts","floor":14,"turns":2},{"damage":20,"enemies":"Hexaghost","floor":16,"turns":7},{"damage":16,"enemies":"2 Thieves","floor":18,"turns":3},{"damage":20,"enemies":"3 Byrds","floor":20,"turns":4},{"damage":16,"enemies":"Snake Plant","floor":22,"turns":3},{"damage":56,"enemies":"Slavers","floor":24,"turns":4}],"seed_played":"6729544549360266433","potions_obtained":[{"floor":1,"key":"SkillPotion"},{"floor":3,"key":"AttackPotion"},{"floor":7,"key":"FocusPotion"},{"floor":11,"key":"FocusPotion"},{"floor":18,"key":"Regen Potion"},{"floor":20,"key":"SteroidPotion"},{"floor":22,"key":"Energy Potion"}],"is_trial":false,"path_per_floor":["M","$","M","M","?","R","M","R","T","M","M","?","$","M","R","B",null,"M","?","M","$","M","R","E"],"character_chosen":"DEFECT","items_purchased":["Scrape"],"campfire_rested":1,"item_purchase_floors":[13],"current_hp_per_floor":[75,75,74,67,67,67,44,44,44,43,40,40,40,36,36,16,75,59,59,39,39,32,54,0],"gold":150,"neow_bonus":"HUNDRED_GOLD","is_prod":false,"is_daily":false,"chose_seed":false,"campfire_upgraded":3,"win_rate":0,"timestamp":1567818789,"path_taken":["M","$","M","M","?","R","M","R","T","M","?","?","?","M","R","BOSS","M","?","M","$","M","R","E"],"build_version":"2019-07-17","purchased_purges":3,"victory":false,"max_hp_per_floor":[75,75,75,75,75,75,75,75,75,75,75,75,75,75,75,75,75,75,75,75,75,75,75,75],"card_choices":[{"not_picked":["Blizzard","Reprogram"],"picked":"Defragment","floor":1},{"not_picked":["Compile Driver","Stack","Force Field"],"picked":"SKIP","floor":3},{"not_picked":["Fusion","Hologram"],"picked":"FTL","floor":4},{"not_picked":["Consume","Hologram"],"picked":"Ball Lightning","floor":7},{"not_picked":["Redo","Coolheaded"],"picked":"Gash","floor":10},{"not_picked":["Coolheaded","Steam"],"picked":"Melter","floor":11},{"not_picked":["Darkness","Heatsinks"],"picked":"Leap","floor":14},{"not_picked":["Creative AI","Amplify"],"picked":"Biased Cognition","floor":16},{"not_picked":["Melter+1","Ball Lightning"],"picked":"Gash","floor":18},{"not_picked":["Melter+1","Tempest","Reinforced Body"],"picked":"SKIP","floor":20},{"not_picked":["Rebound","Cold Snap+1"],"picked":"Steam","floor":22}],"player_experience":338310,"relics_obtained":[{"floor":9,"key":"Ancient Tea Set"}],"event_choices":[{"cards_removed":["Defend_B"],"damage_healed":0,"gold_gain":0,"player_choice":"Offered Basic","damage_taken":0,"max_hp_gain":0,"max_hp_loss":0,"event_name":"Bonfire Elementals","floor":5,"gold_loss":0},{"damage_healed":0,"gold_gain":0,"player_choice":"Upgraded","damage_taken":0,"max_hp_gain":0,"max_hp_loss":0,"event_name":"Upgrade Shrine","floor":12,"gold_loss":0,"cards_upgraded":["Defragment"]},{"damage_healed":0,"gold_gain":100,"player_choice":"Bet on Murderer","damage_taken":0,"max_hp_gain":0,"max_hp_loss":0,"event_name":"The Joust","floor":19,"gold_loss":50}],"is_beta":false,"boss_relics":[{"not_picked":["Ectoplasm","Runic Dome"],"picked":"Cursed Key"}],"items_purged_floors":[2,13,21],"is_endless":false,"potions_floor_spawned":[1,3,7,11,18,20,22],"killed_by":"Slavers","ascension_level":0}