{"gold_per_floor":[12,22,122,138,138,177,29,42,42,58,99,47,63,83,83,213,213,226,250,175,90,90,90,90],"floor_reached":24,"playtime":1514,"items_purged":[],"score":208,"play_id":"7ed80f9e-9531-4725-80bc-5aa71ca39b3b","local_time":"20181110175334","is_ascension_mode":false,"campfire_choices":[{"floor":15,"key":"REST"},{"data":"Night Terror","floor":23,"key":"SMITH"}],"neow_cost":"NO_GOLD","seed_source_timestamp":2639852413738594,"circlet_count":0,"master_deck":["Defend_G","Defend_G","Defend_G","Defend_G","Defend_G","Strike_G","Strike_G","Survivor","Neutralize","Crippling Poison","Caltrops","Cloak And Dagger","Slice","Crippling Poison","Footwork","Blade Dance","Slice","Dagger Throw","Endless Agony","Finisher","PiercingWail","Terror","Night Terror+1","Cloak And Dagger+1","Flechettes+1","Endless Agony","Dodge and Roll","Blur"],"relics":["Ring of the Snake","Dead Branch","Golden Idol","Kunai","Ginger","Prayer Wheel","Empty Cage","Bronze Scales"],"potions_floor_usage":[6,13,13,13,18,19],"damage_taken":[{"damage":0,"enemies":"Small Slimes","floor":1,"turns":5},{"damage":0,"enemies":"Cultist","floor":2,"turns":4},{"damage":0,"enemies":"Jaw Worm","floor":4,"turns":5},{"damage":24,"enemies":"Lagavulin","floor":6,"turns":9},{"damage":10,"enemies":"Large Slime","floor":8,"turns":8},{"damage":0,"enemies":"Looter","floor":10,"turns":4},{"damage":6,"enemies":"3 Sentries","floor":11,"turns":7},{"damage":0,"enemies":"Blue Slaver","floor":13,"turns":1},{"damage":0,"enemies":"2 Fungi Beasts","floor":14,"turns":4},{"damage":20,"enemies":"The Guardian","floor":16,"turns":9},{"damage":32,"enemies":"Spheric Guardian","floor":18,"turns":6},{"damage":2,"enemies":"Shell Parasite","floor":19,"turns":6},{"damage":58,"enemies":"Gremlin Leader","floor":24,"turns":7}],"seed_played":"282294977179599931","potions_obtained":[{"floor":1,"key":"Block Potion"},{"floor":8,"key":"SteroidPotion"},{"floor":11,"key":"Strength Potion"},{"floor":16,"key":"Swift Potion"},{"floor":18,"key":"Regen Potion"}],"is_trial":false,"path_per_floor":["M","M","?","M","?","E","$","M","T","M","E","$","M","M","R","B",null,"M","M","?","?","?","R","E"],"character_chosen":"THE_SILENT","items_purchased":["Crippling Poison","Footwork","FearPotion"],"campfire_rested":1,"item_purchase_floors":[7,7,12],"current_hp_per_floor":[70,70,70,70,53,29,29,19,19,19,13,13,13,13,34,14,70,38,51,51,51,51,51,0],"gold":90,"neow_bonus":"ONE_RARE_RELIC","is_prod":false,"is_daily":false,"chose_seed":false,"campfire_upgraded":1,"win_rate":0,"timestamp":1541894014,"path_taken":["M","M","?","?","?","E","?","M","T","M","E","$","M","M","R","BOSS","M","M","?","?","?","R","E"],"build_version":"2018-11-08","purchased_purges":0,"victory":false,"max_hp_per_floor":[70,70,70,70,70,70,70,70,70,70,70,70,70,70,70,70,70,70,70,70,70,70,70,70],"card_choices":[{"not_picked":["Accuracy","Deflect"],"picked":"Crippling Poison","floor":1},{"not_picked":["Quick Slash","Tactician"],"picked":"Caltrops","floor":2},{"not_picked":["Flying Knee","All Out Attack"],"picked":"Cloak And Dagger","floor":4},{"not_picked":["Concentrate","Escape Plan"],"picked":"Slice","floor":6},{"not_picked":["Prepared","Dagger Throw"],"picked":"Blade Dance","floor":8},{"not_picked":["Dagger Spray","Acrobatics"],"picked":"Slice","floor":10},{"not_picked":["Corpse Explosion","Prepared"],"picked":"Dagger Throw","floor":11},{"not_picked":["Bane","Infinite Blades"],"picked":"Endless Agony","floor":13},{"not_picked":["Concentrate","Heel Hook"],"picked":"Finisher","floor":13},{"not_picked":["Deflect","Flechettes"],"picked":"PiercingWail","floor":14},{"not_picked":["Prepared","Outmaneuver"],"picked":"Terror","floor":14},{"not_picked":["Die Die Die","Bullet Time"],"picked":"Night Terror","floor":16},{"not_picked":["Sucker Punch+1","Dagger Spray"],"picked":"Cloak And Dagger+1","floor":18},{"not_picked":["Outmaneuver","Masterful Stab+1"],"picked":"Flechettes+1","floor":18},{"not_picked":["Dagger Throw","Poisoned Stab"],"picked":"Endless Agony","floor":19},{"not_picked":["Underhanded Strike","Outmaneuver"],"picked":"Dodge and Roll","floor":19}],"player_experience":233747,"relics_obtained":[{"floor":6,"key":"Kunai"},{"floor":9,"key":"Ginger"},{"floor":11,"key":"Prayer Wheel"}],"event_choices":[{"damage_healed":0,"gold_gain":100,"player_choice":"Pray","damage_taken":0,"max_hp_gain":0,"max_hp_loss":0,"event_name":"Golden Shrine","floor":3,"gold_loss":0},{"damage_healed":0,"gold_gain":0,"player_choice":"Take Damage","damage_taken":17,"relics_obtained":["Golden Idol"],"max_hp_gain":0,"max_hp_loss":0,"event_name":"Golden Idol","floor":5,"gold_loss":0},{"cards_removed":["Strike_G"],"damage_healed":0,"gold_gain":0,"player_choice":"Gave Gold","damage_taken":0,"max_hp_gain":0,"max_hp_loss":0,"event_name":"Beggar","floor":20,"gold_loss":75},{"damage_healed":0,"gold_gain":0,"player_choice":"Obtained Relic","damage_taken":0,"relics_obtained":["Bronze Scales"],"max_hp_gain":0,"max_hp_loss":0,"event_name":"Addict","floor":21,"gold_loss":85},{"damage_healed":0,"gold_gain":0,"player_choice":"Read","damage_taken":0,"max_hp_gain":0,"max_hp_loss":0,"event_name":"The Library","floor":22,"gold_loss":0,"cards_obtained":["Blur"]}],"is_beta":true,"boss_relics":[{"not_picked":["Velvet Choker","Busted Crown"],"picked":"Empty Cage"}],"items_purged_floors":[],"is_endless":false,"potions_floor_spawned":[1,8,11,16,18],"killed_by":"Gremlin Leader","ascension_level":0}