{"gold_per_floor":[110,123,48,66,66,66,77,111,136,153,178,195,195,210,210,309,309,322,322,148,136,156,156,156,166,240,240,296,296,311,338,338,442,442,454,454,251,263,263,263,290,307,307,307,88,101,180,5,5,5],"floor_reached":50,"playtime":2321,"items_purged":["Strike_B","Defend_B","Strike_B","Defend_B","Defend_B"],"score":640,"play_id":"a6975479-2df0-4877-8c5b-35103733c252","local_time":"20190908215448","is_ascension_mode":true,"campfire_choices":[{"data":"Zap","floor":6,"key":"SMITH"},{"data":"Dualcast","floor":13,"key":"SMITH"},{"data":"Coolheaded","floor":15,"key":"SMITH"},{"data":"Defragment","floor":23,"key":"SMITH"},{"data":"Seek","floor":27,"key":"SMITH"},{"data":"Conserve Battery","floor":29,"key":"SMITH"},{"data":"Glacier","floor":32,"key":"SMITH"},{"data":"Defragment","floor":40,"key":"SMITH"},{"data":"Blizzard","floor":49,"key":"SMITH"}],"neow_cost":"NONE","seed_source_timestamp":123603388561000,"circlet_count":0,"master_deck":["Strike_B","Strike_B","Defend_B","Zap+1","Dualcast+1","Gash","Glacier+1","Coolheaded+1","Cold Snap","Ball Lightning","Conserve Battery+1","Seek+1","Defragment+1","Self Repair","Gash","Gash","Recycle+1","Core Surge","Madness","Madness","Defragment+1","Blizzard+1","Glacier","Bandage Up","Loop"],"relics":["Cracked Core","Centennial Puzzle","Ancient Tea Set","PreservedInsect","Happy Flower","Nuclear Battery","Bronze Scales","Ornamental Fan","Tiny Chest","Oddly Smooth Stone","Sozu","Strawberry","Sundial","Meat on the Bone"],"potions_floor_usage":[8,10,21,31,41,50,50],"damage_taken":[{"damage":1,"enemies":"Cultist","floor":1,"turns":3},{"damage":0,"enemies":"2 Louse","floor":2,"turns":2},{"damage":7,"enemies":"Jaw Worm","floor":4,"turns":2},{"damage":15,"enemies":"Exordium Wildlife","floor":7,"turns":5},{"damage":7,"enemies":"Gremlin Nob","floor":8,"turns":4},{"damage":2,"enemies":"Blue Slaver","floor":10,"turns":3},{"damage":6,"enemies":"2 Fungi Beasts","floor":12,"turns":3},{"damage":2,"enemies":"Lots of Slimes","floor":14,"turns":3},{"damage":6,"enemies":"The Guardian","floor":16,"turns":13},{"damage":6,"enemies":"3 Byrds","floor":18,"turns":6},{"damage":8,"enemies":"2 Thieves","floor":21,"turns":4},{"damage":1,"enemies":"Snake Plant","floor":22,"turns":4},{"damage":1,"enemies":"Cultist and Chosen","floor":25,"turns":6},{"damage":9,"enemies":"Shelled Parasite and Fungi","floor":30,"turns":4},{"damage":3,"enemies":"Gremlin Leader","floor":31,"turns":5},{"damage":54,"enemies":"Automaton","floor":33,"turns":10},{"damage":9,"enemies":"Orb Walker","floor":35,"turns":3},{"damage":4,"enemies":"3 Shapes","floor":38,"turns":4},{"damage":19,"enemies":"Reptomancer","floor":41,"turns":6},{"damage":23,"enemies":"3 Darklings","floor":42,"turns":6},{"damage":0,"enemies":"Maw","floor":46,"turns":9},{"damage":53,"enemies":"Donu and Deca","floor":50,"turns":8}],"seed_played":"8715934773917282427","potions_obtained":[{"floor":2,"key":"FearPotion"},{"floor":4,"key":"Ancient Potion"},{"floor":7,"key":"EssenceOfSteel"},{"floor":10,"key":"Fruit Juice"},{"floor":22,"key":"FocusPotion"},{"floor":25,"key":"PowerPotion"},{"floor":33,"key":"GamblersBrew"}],"is_trial":false,"path_per_floor":["M","M","$","M","?","R","M","E","T","M","T","M","R","M","R","B",null,"M","?","$","M","M","R","?","M","T","R","T","R","M","E","R","B",null,"M","?","$","M","?","R","E","M","T","?","$","M","T","$","R","B"],"character_chosen":"DEFECT","items_purchased":["Self Repair","Defragment","Loop"],"campfire_rested":0,"item_purchase_floors":[20,37,45],"current_hp_per_floor":[67,67,67,60,60,60,45,38,38,41,41,35,35,33,33,27,67,61,61,61,60,66,66,66,72,72,72,72,72,70,74,74,27,67,65,55,55,58,58,58,53,37,37,37,37,48,48,48,48,0],"gold":5,"neow_bonus":"RANDOM_COMMON_RELIC","is_prod":false,"is_daily":false,"chose_seed":false,"campfire_upgraded":9,"win_rate":0,"timestamp":1567947288,"path_taken":["M","M","$","?","?","R","M","E","T","M","?","M","R","?","R","BOSS","M","?","$","M","M","R","?","M","T","R","?","R","M","E","R","BOSS","M","?","$","M","?","R","E","?","T","?","$","M","?","?","R","BOSS"],"build_version":"2019-07-17","purchased_purges":5,"victory":false,"max_hp_per_floor":[75,75,75,75,75,75,75,75,75,80,80,80,80,80,80,80,80,80,80,80,80,80,80,80,80,80,80,80,80,80,80,80,80,80,80,80,80,80,80,80,87,87,87,87,87,87,87,87,87,87],"card_choices":[{"not_picked":["Turbo","White Noise"],"picked":"Gash","floor":1},{"not_picked":["Darkness","Turbo","Streamline"],"picked":"SKIP","floor":2},{"not_picked":["Stack","Rebound"],"picked":"Glacier","floor":4},{"not_picked":["Streamline","Blizzard"],"picked":"Coolheaded","floor":7},{"not_picked":["Recycle","Sweeping Beam","Coolheaded"],"picked":"SKIP","floor":8},{"not_picked":["Multi-Cast","Hologram"],"picked":"Cold Snap","floor":10},{"not_picked":["Lockon","Beam Cell"],"picked":"Ball Lightning","floor":12},{"not_picked":["Doom and Gloom","Turbo"],"picked":"Conserve Battery","floor":14},{"not_picked":["Thunder Strike","Amplify"],"picked":"Seek","floor":16},{"not_picked":["Coolheaded","Compile Driver"],"picked":"Defragment","floor":18},{"not_picked":["Rebound","Skim"],"picked":"Gash","floor":21},{"not_picked":["Reinforced Body","Heatsinks","Steam+1"],"picked":"SKIP","floor":22},{"not_picked":["Sweeping Beam","Turbo+1"],"picked":"Gash","floor":25},{"not_picked":["Compile Driver","Gash"],"picked":"Recycle+1","floor":30},{"not_picked":["Stack","Compile Driver+1","Conserve Battery"],"picked":"SKIP","floor":31},{"not_picked":["Hyperbeam","Fission"],"picked":"Core Surge","floor":33},{"not_picked":["Beam Cell","Consume+1","Coolheaded"],"picked":"SKIP","floor":35},{"not_picked":["Beam Cell","Coolheaded+1"],"picked":"Blizzard","floor":38},{"not_picked":["Doom and Gloom","Self Repair+1","Cold Snap"],"picked":"SKIP","floor":41},{"not_picked":["Turbo","Self Repair+1"],"picked":"Glacier","floor":42},{"not_picked":["Magnetism","Blind"],"picked":"Bandage Up","floor":44},{"not_picked":["Steam","Scrape+1","Streamline+1"],"picked":"SKIP","floor":46}],"player_experience":372343,"relics_obtained":[{"floor":8,"key":"Ancient Tea Set"},{"floor":9,"key":"PreservedInsect"},{"floor":11,"key":"Happy Flower"},{"floor":26,"key":"Ornamental Fan"},{"floor":28,"key":"Tiny Chest"},{"floor":31,"key":"Oddly Smooth Stone"},{"floor":41,"key":"Strawberry"},{"floor":43,"key":"Sundial"},{"floor":47,"key":"Meat on the Bone"}],"event_choices":[{"damage_healed":0,"gold_gain":0,"player_choice":"Ignored","damage_taken":0,"max_hp_gain":0,"max_hp_loss":0,"event_name":"Liars Game","floor":5,"gold_loss":0},{"damage_healed":0,"gold_gain":0,"player_choice":"Opened","damage_taken":0,"relics_obtained":["Bronze Scales"],"max_hp_gain":0,"max_hp_loss":0,"event_name":"The Mausoleum","floor":19,"gold_loss":0},{"damage_healed":0,"gold_gain":0,"player_choice":"Ignored","damage_taken":0,"max_hp_gain":0,"max_hp_loss":0,"event_name":"Vampires","floor":24,"gold_loss":0},{"damage_healed":0,"gold_gain":0,"player_choice":"Embrace Madness","damage_taken":10,"max_hp_gain":0,"max_hp_loss":0,"event_name":"Winding Halls","floor":36,"gold_loss":0,"cards_obtained":["Madness","Madness"]},{"damage_healed":0,"gold_gain":0,"player_choice":"Bought 0 Potions","damage_taken":0,"max_hp_gain":0,"max_hp_loss":0,"event_name":"The Woman in Blue","floor":39,"gold_loss":0},{"damage_healed":0,"gold_gain":0,"player_choice":"Memory 1","damage_taken":0,"max_hp_gain":0,"max_hp_loss":0,"event_name":"SensoryStone","floor":44,"gold_loss":0}],"is_beta":false,"boss_relics":[{"not_picked":["Pandora\u0027s Box","FrozenCore"],"picked":"Nuclear Battery"},{"not_picked":["Orrery","Empty Cage"],"picked":"Sozu"}],"items_purged_floors":[3,20,37,45,48],"is_endless":false,"potions_floor_spawned":[2,4,7,10,22,25,30,33,35,42,46],"killed_by":"Donu and Deca","ascension_level":6}