{"path_per_floor":["M","M","?","M","M","E","R","M","T","?","R","M","?","E","R","B",null,"M","$","M","M","M","R","E","M","T","R","$","?","M","M","R"],"character_chosen":"THE_SILENT","items_purchased":["Gambling Chip","Infinite Blades","War Paint"],"gold_per_floor":[111,128,128,140,150,179,179,195,219,219,219,239,239,273,273,372,402,419,0,11,25,37,37,62,79,158,158,2,2,16,33,33],"floor_reached":33,"campfire_rested":2,"playtime":3728,"current_hp_per_floor":[70,70,58,58,52,38,38,35,35,35,35,37,30,32,32,2,72,55,55,57,33,11,33,27,28,28,28,28,28,23,22,46],"items_purged":["Injury"],"gold":33,"play_id":"1309470e-c461-498c-9a76-e939925f12c3","is_prod":false,"is_daily":false,"is_ascension_mode":false,"campfire_upgraded":4,"path_taken":["M","M","?","M","M","E","R","M","T","?","R","M","?","E","R","BOSS","M","$","M","M","M","R","E","M","T","R","$","?","M","M","R","BOSS"],"build_version":"2018-01-30-BETA2","purchased_purges":2,"victory":false,"master_deck":["Defend_G+1","Defend_G+1","Defend_G+1","Defend_G+1","Defend_G+1","Strike_G+1","Strike_G+1","Strike_G+1","Strike_G+1","Survivor","Neutralize+1","Slice","Dagger Throw","Blur+1","Infinite Blades+1","Dagger Throw","Catalyst","Venomology","Writhe","Deadly Poison+1","Infinite Blades+1","Poisoned Stab+1","Backflip+1","Poisoned Stab"],"max_hp_per_floor":[70,70,70,70,70,70,70,70,70,70,70,72,72,72,72,72,72,72,72,72,74,76,76,78,78,78,78,78,78,80,80,80],"relics":["Ring of the Snake","NeowsBlessing","Paper Crane","Blood Vial","Omamori","Singing Bowl","Ginger","Calling Bell","Tiny Chest","Frozen Egg 2","Lantern","Gambling Chip","Snake Skull","Dodecahedron","War Paint"],"card_choices":[{"not_picked":["Prepared","Deadly Poison"],"picked":"Slice"},{"not_picked":["Quick Slash","Dash"],"picked":"Dagger Throw"},{"not_picked":["Quick Slash","PiercingWail"],"picked":"Blur"},{"not_picked":["Blade Dance","Dagger Spray"],"picked":"Infinite Blades"},{"not_picked":["Bane","Acrobatics"],"picked":"Dagger Throw"},{"not_picked":["Deflect","Distraction"],"picked":"Catalyst"},{"not_picked":["Phantasmal Killer","Wraith Form"],"picked":"Venomology"},{"not_picked":["PiercingWail","Blade Dance"],"picked":"Deadly Poison"},{"not_picked":["Calculated Gamble","Slice"],"picked":"Poisoned Stab"},{"not_picked":["Flying Knee","A Thousand Cuts"],"picked":"Backflip"},{"not_picked":["Dagger Spray","PiercingWail"],"picked":"Poisoned Stab"}],"player_experience":67161,"potions_floor_usage":[14,16,18,20,20,21,22,22,22,24,24,25,30,30,31,33,33],"damage_taken":[{"damage":0.0,"enemies":"2 Louse","floor":1.0,"turns":1.0},{"damage":0.0,"enemies":"Jaw Worm","floor":2.0,"turns":1.0},{"damage":0.0,"enemies":"Small Slimes","floor":4.0,"turns":1.0},{"damage":6.0,"enemies":"Gremlin Gang","floor":5.0,"turns":5.0},{"damage":14.0,"enemies":"Gremlin Nob","floor":6.0,"turns":5.0},{"damage":5.0,"enemies":"Large Slime","floor":8.0,"turns":5.0},{"damage":2,"enemies":"3 Louse","floor":12,"turns":4},{"damage":0,"enemies":"Lagavulin","floor":14,"turns":8},{"damage":32,"enemies":"Hexaghost","floor":16,"turns":16},{"damage":17,"enemies":"Spheric Guardian","floor":18,"turns":4},{"damage":0,"enemies":"3 Byrds","floor":20,"turns":6},{"damage":28,"enemies":"3 Cultists","floor":21,"turns":5},{"damage":26,"enemies":"Centurion and Healer","floor":22,"turns":6},{"damage":10,"enemies":"Book of Stabbing","floor":24,"turns":7},{"damage":16,"enemies":"Cultist and Chosen","floor":25,"turns":7},{"damage":9,"enemies":"Slaver and Parasite","floor":30,"turns":6},{"damage":3,"enemies":"Snake Plant","floor":31,"turns":4},{"damage":63,"enemies":"Champ","floor":33,"turns":8}],"event_choices":[{"event_name":"Scrap Ooze","player_choice":"success","floor":3.0,"damage_taken":12.0},{"event_name":"Big Fish","player_choice":"Box","floor":10.0,"damage_taken":0.0},{"event_name":"Golden Wing","player_choice":"Card Removal","floor":13,"damage_taken":0},{"event_name":"Back to Basics","player_choice":"Simplicity","floor":29,"damage_taken":0}],"boss_relics":[{"not_picked":["Tiny House","Cursed Key"],"picked":"Calling Bell"}],"potions_floor_spawned":[1,4,6,12,16,18,21,22,25,30],"seed_played":"-7272110535909220589","killed_by":"Champ","ascension_level":0,"is_trial":false}