{"gold_per_floor":[118,128,145,70,82,97,108,134,187,212,75,75,94,94,94,190,190,202,202,202,202,202,202,233,233,314,229,229,104,122,133,133,229,229,240,240,240,240,35,35,52,52,52,66,66,66,66,66,66,66,66,66,66,101,101],"floor_reached":55,"playtime":1898,"items_purged":["Strike_R","Strike_R","Shame"],"score":691,"play_id":"6097601e-ab7d-4223-9aa8-e6141b8a394f","local_time":"20190304172547","is_ascension_mode":false,"campfire_choices":[{"data":"Whirlwind","floor":12,"key":"SMITH"},{"data":"Entrench","floor":15,"key":"SMITH"},{"data":"Double Tap","floor":23,"key":"SMITH"},{"data":"Pommel Strike","floor":25,"key":"SMITH"},{"data":"Heavy Blade","floor":28,"key":"SMITH"},{"data":"Bash","floor":32,"key":"SMITH"},{"data":"Secret Weapon","floor":40,"key":"SMITH"},{"data":"Impervious","floor":45,"key":"SMITH"},{"data":"Impervious","floor":47,"key":"SMITH"},{"floor":49,"key":"RECALL"},{"data":"Ghostly Armor","floor":52,"key":"SMITH"}],"neow_cost":"NONE","seed_source_timestamp":1581046881511025,"circlet_count":0,"master_deck":["Strike_R+1","Strike_R+1","Strike_R+1","Defend_R+1","Defend_R+1","Defend_R+1","Bash+1","Pommel Strike+1","Armaments+1","Spot Weakness","Shrug It Off","Whirlwind+1","Entrench+1","Double Tap+1","Ghostly Armor+1","Impervious+1","Heavy Blade+1","Impervious+1","Secret Weapon+1","Shame","Spot Weakness","Metallicize"],"relics":["Velvet Choker","Ancient Tea Set","Juzu Bracelet","Bag of Preparation","Cursed Key","Shuriken","Orichalcum","Mark of Pain","ClockworkSouvenir","Pantograph","Centennial Puzzle"],"potions_floor_usage":[8,10,24,24,24,33,55],"damage_taken":[{"damage":1,"enemies":"Cultist","floor":1,"turns":3},{"damage":1,"enemies":"Jaw Worm","floor":2,"turns":2},{"damage":0,"enemies":"Small Slimes","floor":3,"turns":2},{"damage":0,"enemies":"Blue Slaver","floor":5,"turns":4},{"damage":0,"enemies":"2 Fungi Beasts","floor":6,"turns":4},{"damage":13,"enemies":"Lots of Slimes","floor":7,"turns":2},{"damage":0,"enemies":"3 Sentries","floor":8,"turns":3},{"damage":13,"enemies":"Lagavulin","floor":10,"turns":5},{"damage":0,"enemies":"Large Slime","floor":13,"turns":3},{"damage":44,"enemies":"The Guardian","floor":16,"turns":10},{"damage":2,"enemies":"Shell Parasite","floor":18,"turns":4},{"damage":18,"enemies":"Gremlin Leader","floor":24,"turns":7},{"damage":0,"enemies":"2 Thieves","floor":30,"turns":1},{"damage":0,"enemies":"Cultist and Chosen","floor":31,"turns":5},{"damage":47,"enemies":"Champ","floor":33,"turns":9},{"damage":0,"enemies":"3 Shapes","floor":35,"turns":4},{"damage":0,"enemies":"3 Darklings","floor":41,"turns":1},{"damage":29,"enemies":"4 Shapes","floor":44,"turns":7},{"damage":66,"enemies":"Time Eater","floor":50,"turns":8},{"damage":60,"enemies":"Shield and Spear","floor":54,"turns":6},{"damage":68,"enemies":"The Heart","floor":55,"turns":5}],"seed_played":"-2692065249576922381","potions_obtained":[{"floor":2,"key":"AttackPotion"},{"floor":5,"key":"Regen Potion"},{"floor":7,"key":"AttackPotion"},{"floor":13,"key":"SkillPotion"},{"floor":16,"key":"Weak Potion"},{"floor":24,"key":"Dexterity Potion"},{"floor":30,"key":"Weak Potion"},{"floor":44,"key":"GamblersBrew"}],"is_trial":false,"path_per_floor":["M","M","M","$","M","M","M","E","T","E","$","R","M","?","R","B",null,"M","?","?","?","?","R","E","R","T","?","R","$","M","M","R","B",null,"M","?","?","?","$","R","M","$","T","M","R","?","R","$","R","B",null,"R","$","E","B"],"character_chosen":"IRONCLAD","items_purchased":["Ghostly Armor","ClockworkSouvenir"],"campfire_rested":0,"item_purchase_floors":[11,39],"current_hp_per_floor":[79,78,78,78,78,78,65,65,65,52,52,52,52,52,52,8,80,78,63,63,63,63,63,54,54,54,54,54,54,54,54,54,7,85,85,85,85,85,85,85,85,85,85,56,56,56,56,56,56,15,85,85,85,25,0],"gold":101,"neow_bonus":"BOSS_RELIC","is_prod":false,"is_daily":false,"chose_seed":false,"campfire_upgraded":10,"win_rate":0,"timestamp":1551687947,"path_taken":["M","M","M","$","M","M","M","E","T","E","?","R","M","?","R","BOSS","M","?","?","?","?","R","E","R","T","?","R","$","M","M","R","BOSS","M","?","?","?","$","R","M","?","T","M","R","?","R","$","R","BOSS","R","$","E","BOSS"],"build_version":"2019-01-23","purchased_purges":3,"victory":false,"max_hp_per_floor":[80,80,80,80,80,80,80,80,80,80,80,80,80,80,80,80,80,80,85,85,85,85,85,85,85,85,85,85,85,85,85,85,85,85,85,85,85,85,85,85,85,85,85,85,85,85,85,85,85,85,85,85,85,85,85],"card_choices":[{"not_picked":["Flex","Shrug It Off"],"picked":"Pommel Strike","floor":1},{"not_picked":["Warcry","Pommel Strike"],"picked":"Armaments","floor":2},{"not_picked":["Heavy Blade","Pummel"],"picked":"Spot Weakness","floor":3},{"not_picked":["Fire Breathing","Wild Strike"],"picked":"Shrug It Off","floor":5},{"not_picked":["Uppercut","Anger"],"picked":"Whirlwind","floor":6},{"not_picked":["Armaments","Intimidate","Shrug It Off"],"picked":"SKIP","floor":7},{"not_picked":["Second Wind","Exhume"],"picked":"Entrench","floor":8},{"not_picked":["Shrug It Off","Dropkick"],"picked":"Double Tap","floor":10},{"not_picked":["Warcry","Armaments","Sword Boomerang"],"picked":"SKIP","floor":13},{"not_picked":["Berserk","Feed"],"picked":"Impervious","floor":16},{"not_picked":["Anger+1","Havoc","Thunderclap"],"picked":"SKIP","floor":18},{"not_picked":["Cleave+1","Corruption+1"],"picked":"Heavy Blade","floor":24},{"not_picked":["Pommel Strike+1","Clash","Feel No Pain"],"picked":"SKIP","floor":30},{"not_picked":["Dual Wield","Burning Pact+1","Heavy Blade"],"picked":"SKIP","floor":31},{"not_picked":["Immolate","Berserk"],"picked":"Impervious","floor":33},{"not_picked":["Cleave","Rupture","Dual Wield"],"picked":"SKIP","floor":35},{"not_picked":["Apotheosis","Magnetism"],"picked":"Secret Weapon","floor":38},{"not_picked":["True Grit","Armaments+1","Pommel Strike+1"],"picked":"SKIP","floor":41},{"not_picked":["True Grit+1","Havoc+1","Warcry+1"],"picked":"SKIP","floor":44},{"not_picked":["Perfected Strike","Twin Strike"],"picked":"Metallicize","floor":54}],"player_experience":263023,"relics_obtained":[{"floor":8,"key":"Ancient Tea Set"},{"floor":9,"key":"Juzu Bracelet"},{"floor":10,"key":"Bag of Preparation"},{"floor":24,"key":"Shuriken"},{"floor":43,"key":"Pantograph"},{"floor":54,"key":"Centennial Puzzle"}],"event_choices":[{"damage_healed":0,"gold_gain":0,"player_choice":"Bought 0 Potions","damage_taken":0,"max_hp_gain":0,"max_hp_loss":0,"event_name":"The Woman in Blue","floor":14,"gold_loss":0},{"damage_healed":0,"gold_gain":0,"player_choice":"Shed Blood","damage_taken":20,"max_hp_gain":5,"max_hp_loss":0,"event_name":"Forgotten Altar","floor":19,"gold_loss":0},{"damage_healed":0,"gold_gain":0,"player_choice":"Ignored","damage_taken":0,"max_hp_gain":0,"max_hp_loss":0,"event_name":"Ghosts","floor":20,"gold_loss":0},{"damage_healed":0,"gold_gain":0,"player_choice":"Simplicity","damage_taken":0,"max_hp_gain":0,"max_hp_loss":0,"event_name":"Back to Basics","floor":21,"gold_loss":0,"cards_upgraded":["Strike_R","Strike_R","Strike_R","Defend_R","Defend_R","Defend_R","Defend_R"]},{"damage_healed":0,"gold_gain":0,"player_choice":"Forge","damage_taken":0,"max_hp_gain":0,"max_hp_loss":0,"event_name":"Accursed Blacksmith","floor":22,"gold_loss":0,"cards_upgraded":["Armaments"]},{"damage_healed":0,"gold_gain":0,"player_choice":"Obtained Relic","damage_taken":0,"relics_obtained":["Orichalcum"],"max_hp_gain":0,"max_hp_loss":0,"event_name":"Addict","floor":27,"gold_loss":85},{"cards_removed":["Defend_R"],"damage_healed":0,"gold_gain":0,"player_choice":"Removed Skill","damage_taken":0,"max_hp_gain":0,"max_hp_loss":0,"event_name":"Falling","floor":36,"gold_loss":0},{"damage_healed":0,"gold_gain":0,"player_choice":"Ignored","damage_taken":0,"max_hp_gain":0,"max_hp_loss":0,"event_name":"Tomb of Lord Red Mask","floor":37,"gold_loss":0},{"damage_healed":0,"gold_gain":0,"player_choice":"Memory 1","damage_taken":0,"max_hp_gain":0,"max_hp_loss":0,"event_name":"SensoryStone","floor":38,"gold_loss":0},{"damage_healed":0,"gold_gain":0,"player_choice":"Copied","damage_taken":0,"max_hp_gain":0,"max_hp_loss":0,"event_name":"Duplicator","floor":46,"gold_loss":0,"cards_obtained":["Spot Weakness"]}],"is_beta":false,"boss_relics":[{"not_picked":["Busted Crown","Snecko Eye"],"picked":"Cursed Key"},{"not_picked":["White Beast Statue","Black Star"],"picked":"Mark of Pain"}],"items_purged_floors":[4,11,29],"is_endless":false,"potions_floor_spawned":[2,5,7,13,16,24,30,44],"killed_by":"The Heart","ascension_level":0}