{"gold_per_floor":[112,131,151,151,163,194,194,227,251,326,340,359,379,389,389,490,490,503,514,533,281,206,206,232,243,243,243,243,258,275,126,126,229,229,249,11,11,25,25,25,57,57,138,38,38,66,79,92,92,92],"floor_reached":51,"playtime":2737,"items_purged":["Strike_B","Defend_B"],"score":766,"play_id":"b15f6b8d-c00d-49eb-9ac0-d70a02ffce5a","local_time":"20190218172140","is_ascension_mode":false,"campfire_choices":[{"data":"Dualcast","floor":7.0,"key":"SMITH"},{"floor":15.0,"key":"REST"},{"data":"Storm","floor":23.0,"key":"SMITH"},{"floor":27.0,"key":"REST"},{"data":"White Noise","floor":32.0,"key":"SMITH"},{"data":"Fission","floor":40.0,"key":"SMITH"},{"data":"Echo Form","floor":42.0,"key":"SMITH"},{"floor":49.0,"key":"DIG"}],"neow_cost":"NONE","seed_source_timestamp":0,"circlet_count":0,"master_deck":["Defend_B","Defend_B","Defend_B","Zap","Dualcast+1","Chaos","Steam","Hologram","Electrodynamics","Darkness","Rebound","Streamline","Leap","Compile Driver","Ball Lightning","Echo Form+1","Capacitor","Cold Snap+1","Storm+1","Capacitor","White Noise+1","Loop","Fission+1","Coolheaded+1","Auto Shields","Loop+1"],"special_seed":0,"relics":["Cracked Core","Mummified Hand","DataDisk","Oddly Smooth Stone","Busted Crown","Lantern","Ancient Tea Set","Darkstone Periapt","Eternal Feather","Runic Capacitor","Bag of Marbles","Singing Bowl","Happy Flower","Shovel","Boot"],"potions_floor_usage":[50,50,50],"damage_taken":[{"damage":1.0,"enemies":"2 Louse","floor":1.0,"turns":2.0},{"damage":0.0,"enemies":"Small Slimes","floor":2.0,"turns":3.0},{"damage":2.0,"enemies":"Jaw Worm","floor":3.0,"turns":4.0},{"damage":13.0,"enemies":"3 Louse","floor":5.0,"turns":3.0},{"damage":15.0,"enemies":"Gremlin Nob","floor":6.0,"turns":4.0},{"damage":12.0,"enemies":"Lagavulin","floor":8.0,"turns":7.0},{"damage":0.0,"enemies":"Gremlin Gang","floor":11.0,"turns":4.0},{"damage":3.0,"enemies":"Lots of Slimes","floor":12.0,"turns":2.0},{"damage":0.0,"enemies":"2 Fungi Beasts","floor":13.0,"turns":1.0},{"damage":7.0,"enemies":"Exordium Wildlife","floor":14.0,"turns":4.0},{"damage":25.0,"enemies":"The Guardian","floor":16.0,"turns":9.0},{"damage":12.0,"enemies":"Shell Parasite","floor":18.0,"turns":5.0},{"damage":14.0,"enemies":"2 Thieves","floor":19.0,"turns":3.0},{"damage":16.0,"enemies":"Snake Plant","floor":20.0,"turns":4.0},{"damage":26.0,"enemies":"Slavers","floor":24.0,"turns":3.0},{"damage":2.0,"enemies":"Snecko","floor":25.0,"turns":4.0},{"damage":5.0,"enemies":"Shelled Parasite and Fungi","floor":29.0,"turns":4.0},{"damage":0.0,"enemies":"Centurion and Healer","floor":30.0,"turns":4.0},{"damage":31.0,"enemies":"Collector","floor":33.0,"turns":7.0},{"damage":2.0,"enemies":"Orb Walker","floor":35.0,"turns":2.0},{"damage":7.0,"enemies":"3 Shapes","floor":38.0,"turns":5.0},{"damage":23.0,"enemies":"Nemesis","floor":41.0,"turns":5.0},{"damage":10.0,"enemies":"Reptomancer","floor":46.0,"turns":6.0},{"damage":6.0,"enemies":"Transient","floor":47.0,"turns":5.0},{"damage":6.0,"enemies":"Jaw Worm Horde","floor":48.0,"turns":3.0},{"damage":42,"enemies":"Awakened One","floor":50,"turns":7}],"seed_played":"-930675312882896817","potions_obtained":[{"floor":3.0,"key":"SpeedPotion"},{"floor":6.0,"key":"Swift Potion"},{"floor":11.0,"key":"SteroidPotion"},{"floor":13.0,"key":"Fire Potion"},{"floor":14.0,"key":"AttackPotion"},{"floor":18.0,"key":"Regen Potion"},{"floor":29.0,"key":"Poison Potion"},{"floor":33.0,"key":"SpeedPotion"},{"floor":35.0,"key":"Fruit Juice"},{"floor":38.0,"key":"Weak Potion"}],"is_trial":false,"path_per_floor":["M","M","M","?","M","E","R","E","T","?","M","M","M","M","R","B",null,"M","M","M","$","?","R","E","M","T","R","?","M","M","$","R","B",null,"M","$","?","M","$","R","E","R","T","$","T","E","M","M","R","B",null],"character_chosen":"DEFECT","items_purchased":["Storm","Lantern","White Noise","Loop","Runic Capacitor","Auto Shields"],"campfire_rested":2,"item_purchase_floors":[21,21,31,31,36,36],"current_hp_per_floor":[81,81,79,72,59,44,44,32,32,21,21,18,18,11,35,10,82,70,56,45,45,45,45,19,17,17,41,41,36,36,36,36,5,82,80,80,80,78,78,87,64,79,79,79,79,69,65,61,76,34],"gold":92,"neow_bonus":"TEN_PERCENT_HP_BONUS","is_prod":false,"is_daily":false,"chose_seed":false,"campfire_upgraded":5,"win_rate":0,"timestamp":1550478100,"path_taken":["M","M","M","?","M","E","R","E","T","?","M","M","M","M","R","BOSS","M","M","M","$","?","R","E","M","T","R","?","M","?","$","R","BOSS","M","?","?","M","$","R","E","R","T","$","?","E","?","M","R","BOSS"],"build_version":"2019-01-23","purchased_purges":2,"victory":true,"max_hp_per_floor":[82,82,82,82,82,82,82,82,82,82,82,82,82,82,82,82,82,82,82,82,82,82,82,82,82,82,82,82,82,82,82,82,82,82,82,82,82,87,87,87,87,87,87,87,87,87,89,91,91,91],"card_choices":[{"not_picked":["Cold Snap","Stack"],"picked":"Chaos","floor":1.0},{"not_picked":["Conserve Battery","Chaos"],"picked":"Steam","floor":2.0},{"not_picked":["Gash","Steam"],"picked":"Hologram","floor":3.0},{"not_picked":["Scrape","Compile Driver"],"picked":"Electrodynamics","floor":5.0},{"not_picked":["Scrape","Thunder Strike"],"picked":"Darkness","floor":6.0},{"not_picked":["Chaos","Sweeping Beam"],"picked":"Rebound","floor":8.0},{"not_picked":["Go for the Eyes","Leap"],"picked":"Streamline","floor":11.0},{"not_picked":["Doom and Gloom","Tempest"],"picked":"Leap","floor":12.0},{"not_picked":["Sweeping Beam","Steam"],"picked":"Compile Driver","floor":13.0},{"not_picked":["Turbo","Cold Snap"],"picked":"Ball Lightning","floor":14.0},{"not_picked":["Thunder Strike","Amplify"],"picked":"Echo Form","floor":16.0},{"not_picked":[],"picked":"Capacitor","floor":18.0},{"not_picked":["Rebound"],"picked":"SKIP","floor":19.0},{"not_picked":[],"picked":"Cold Snap+1","floor":20.0},{"not_picked":["Darkness"],"picked":"SKIP","floor":24.0},{"not_picked":[],"picked":"Capacitor","floor":25.0},{"not_picked":["Compile Driver+1"],"picked":"SKIP","floor":29.0},{"not_picked":["Go for the Eyes"],"picked":"SKIP","floor":30.0},{"not_picked":[],"picked":"Fission","floor":33.0},{"not_picked":[],"picked":"Coolheaded+1","floor":35.0},{"not_picked":["Hologram"],"picked":"SKIP","floor":38.0},{"not_picked":["Go for the Eyes"],"picked":"SKIP","floor":41.0},{"not_picked":[],"picked":"Loop+1","floor":46.0},{"not_picked":["Lockon"],"picked":"Singing Bowl","floor":47.0},{"not_picked":["Gash+1"],"picked":"Singing Bowl","floor":48.0}],"player_experience":234711,"relics_obtained":[{"floor":6.0,"key":"Mummified Hand"},{"floor":8.0,"key":"DataDisk"},{"floor":9.0,"key":"Oddly Smooth Stone"},{"floor":24.0,"key":"Ancient Tea Set"},{"floor":26.0,"key":"Darkstone Periapt"},{"floor":41.0,"key":"Bag of Marbles"},{"floor":43.0,"key":"Singing Bowl"},{"floor":45.0,"key":"Happy Flower"},{"floor":46.0,"key":"Shovel"},{"floor":49.0,"key":"Boot"}],"event_choices":[{"cards_removed":["Strike_B"],"damage_healed":0.0,"max_hp_gain":0.0,"max_hp_loss":0.0,"gold_gain":0.0,"event_name":"Golden Wing","player_choice":"Card Removal","floor":4.0,"gold_loss":0.0,"damage_taken":7.0},{"damage_healed":0.0,"max_hp_gain":0.0,"max_hp_loss":0.0,"gold_gain":75.0,"event_name":"World of Goop","player_choice":"Gather Gold","floor":10.0,"gold_loss":0.0,"damage_taken":11.0},{"cards_removed":["Strike_B"],"damage_healed":0.0,"max_hp_gain":0.0,"max_hp_loss":0.0,"gold_gain":0.0,"event_name":"Beggar","player_choice":"Gave Gold","floor":22.0,"gold_loss":75.0,"damage_taken":0.0},{"cards_removed":["Strike_B"],"damage_healed":0.0,"max_hp_gain":0.0,"max_hp_loss":0.0,"gold_gain":0.0,"event_name":"Bonfire Elementals","player_choice":"Offered Basic","floor":28.0,"gold_loss":0.0,"damage_taken":0.0},{"damage_healed":0.0,"max_hp_gain":0.0,"max_hp_loss":0.0,"gold_gain":0.0,"event_name":"SensoryStone","player_choice":"Memory 1","floor":37.0,"gold_loss":0.0,"damage_taken":0.0}],"is_beta":false,"boss_relics":[{"not_picked":["Nuclear Battery","Runic Pyramid"],"picked":"Busted Crown"},{"not_picked":["Fusion Hammer","Orrery"],"picked":"Eternal Feather"}],"items_purged_floors":[21,44],"is_endless":false,"potions_floor_spawned":[3,6,11,13,14,18,29,33,35,38,47],"ascension_level":0}