{"gold_per_floor":[114,114,114,39,39,39,64,108,159,25,40,81,106,71,71,201,201,215,134,150,165,184,223,237,237,237,257,257],"floor_reached":28,"playtime":1335,"items_purged":["Injury","Strike_B"],"score":250,"play_id":"b2eb5ea3-20d6-4225-952c-16a651ce18d9","local_time":"20181129150818","is_ascension_mode":false,"campfire_choices":[{"data":"Machine Learning","floor":6,"key":"SMITH"},{"floor":15,"key":"REST"},{"floor":25,"key":"REST"}],"neow_cost":"CURSE","seed_source_timestamp":1179295359832662,"circlet_count":0,"master_deck":["Strike_B","Strike_B","Strike_B","Defend_B+1","Defend_B+1","Defend_B+1","Defend_B+1","Zap","Dualcast","Machine Learning+1","Auto Shields","Beam Cell","Ball Lightning","Storm","Storm","Conserve Battery","Conserve Battery","Amplify","White Noise","Hello World","Barrage","Biased Cognition","Auto Shields","Self Repair"],"relics":["Cracked Core","Golden Idol","Matryoshka","Pear","Bag of Preparation","Regal Pillow","War Paint","Inserter","Bottled Lightning","Oddly Smooth Stone"],"potions_floor_usage":[16,21,23,23],"damage_taken":[{"damage":6,"enemies":"Cultist","floor":1,"turns":3},{"damage":1,"enemies":"Jaw Worm","floor":7,"turns":4},{"damage":13,"enemies":"3 Sentries","floor":8,"turns":7},{"damage":0,"enemies":"Small Slimes","floor":11,"turns":3},{"damage":10,"enemies":"Lagavulin","floor":12,"turns":5},{"damage":2,"enemies":"Exordium Thugs","floor":13,"turns":4},{"damage":29,"enemies":"The Guardian","floor":16,"turns":11},{"damage":20,"enemies":"Spheric Guardian","floor":18,"turns":4},{"damage":1,"enemies":"Shell Parasite","floor":20,"turns":7},{"damage":0,"enemies":"Cultist and Chosen","floor":21,"turns":4},{"damage":24,"enemies":"Centurion and Healer","floor":22,"turns":7},{"damage":35,"enemies":"Book of Stabbing","floor":23,"turns":8},{"damage":0,"enemies":"Snecko","floor":24,"turns":3},{"damage":30,"enemies":"Shelled Parasite and Fungi","floor":27,"turns":3},{"damage":20,"enemies":"Centurion and Healer","floor":28,"turns":4}],"seed_played":"-7070469682977199693","potions_obtained":[{"floor":13,"key":"GamblersBrew"},{"floor":16,"key":"Fire Potion"},{"floor":18,"key":"Block Potion"},{"floor":22,"key":"EssenceOfSteel"},{"floor":24,"key":"Dexterity Potion"}],"is_trial":false,"path_per_floor":["M","?","?","$","T","R","M","E","T","$","M","E","M","?","R","B",null,"M","$","M","M","M","E","M","R","T","M","M"],"character_chosen":"DEFECT","items_purchased":["Storm","Hello World"],"campfire_rested":2,"item_purchase_floors":[10,19],"current_hp_per_floor":[69,51,36,36,36,36,35,32,32,32,32,22,20,41,81,52,85,65,65,64,64,40,5,5,45,45,15,0],"gold":257,"neow_bonus":"THREE_RARE_CARDS","is_prod":false,"is_daily":false,"chose_seed":false,"campfire_upgraded":1,"win_rate":0,"timestamp":1543525698,"path_taken":["M","?","?","$","?","R","?","E","T","$","M","E","?","?","R","BOSS","M","$","M","M","M","E","M","R","T","M","M"],"build_version":"2018-11-15","purchased_purges":2,"victory":false,"max_hp_per_floor":[75,75,75,75,75,75,75,85,85,85,85,85,85,85,85,85,85,85,85,85,85,85,85,85,85,85,85,85],"card_choices":[{"not_picked":["Multi-Cast","Buffer"],"picked":"Machine Learning","floor":0},{"not_picked":["Steam Power","Turbo"],"picked":"Auto Shields","floor":1},{"not_picked":["Redo","Compile Driver"],"picked":"Beam Cell","floor":7},{"not_picked":["Chill","Hologram"],"picked":"Ball Lightning","floor":8},{"not_picked":["Coolheaded","Beam Cell"],"picked":"Storm","floor":11},{"not_picked":["Hologram","Leap"],"picked":"Conserve Battery","floor":12},{"not_picked":["Steam","Beam Cell"],"picked":"Conserve Battery","floor":13},{"not_picked":["Hyperbeam","Buffer"],"picked":"Amplify","floor":16},{"not_picked":["Hologram+1","Reprogram"],"picked":"White Noise","floor":18},{"not_picked":["Compile Driver+1","Sweeping Beam"],"picked":"Barrage","floor":20},{"not_picked":["Gash+1","Steam","Rebound"],"picked":"SKIP","floor":21},{"not_picked":["Gash+1","Steam","Rebound"],"picked":"SKIP","floor":21},{"not_picked":["Coolheaded","Steam","Beam Cell"],"picked":"SKIP","floor":22},{"not_picked":["Go for the Eyes","Force Field"],"picked":"Biased Cognition","floor":23},{"not_picked":["Loop","Aggregate"],"picked":"Auto Shields","floor":24},{"not_picked":["Storm","Stack+1"],"picked":"Self Repair","floor":27}],"player_experience":289645,"relics_obtained":[{"floor":5,"key":"Matryoshka"},{"floor":8,"key":"Pear"},{"floor":9,"key":"Bag of Preparation"},{"floor":9,"key":"Regal Pillow"},{"floor":12,"key":"War Paint"},{"floor":23,"key":"Bottled Lightning"},{"floor":26,"key":"Oddly Smooth Stone"}],"event_choices":[{"damage_healed":0,"gold_gain":0,"player_choice":"Take Damage","damage_taken":18,"relics_obtained":["Golden Idol"],"max_hp_gain":0,"max_hp_loss":0,"event_name":"Golden Idol","floor":2,"gold_loss":0},{"damage_healed":0,"gold_gain":0,"player_choice":"Entered Light","damage_taken":15,"max_hp_gain":0,"max_hp_loss":0,"event_name":"Shining Light","floor":3,"gold_loss":0,"cards_upgraded":["Defend_B","Defend_B"]},{"damage_healed":21,"gold_gain":0,"player_choice":"Healed","damage_taken":0,"max_hp_gain":0,"max_hp_loss":0,"event_name":"The Cleric","floor":14,"gold_loss":35}],"is_beta":true,"boss_relics":[{"not_picked":["Busted Crown","Philosopher\u0027s Stone"],"picked":"Inserter"}],"items_purged_floors":[4,10],"is_endless":false,"potions_floor_spawned":[13,16,18,22,24],"killed_by":"Centurion and Healer","ascension_level":0}