{"gold_per_floor":[109,109,129,7,7,35,35,53,76,76,95,95,49,80,80,176,176,195,213,213,224,244,273,293,193,193,222,255,20,67,81,81,186,186,196,207,131,142,142,142,156,156,237,237,237,237,250,260,260,260],"floor_reached":51,"playtime":3374,"items_purged":["Strike_R","Strike_R"],"score":965,"play_id":"c2ee7b83-33d9-4b35-8cdb-256901304090","local_time":"20190129222523","is_ascension_mode":true,"campfire_choices":[{"floor":10,"key":"REST"},{"data":"Bash","floor":12,"key":"SMITH"},{"floor":15,"key":"REST"},{"floor":32,"key":"REST"},{"floor":40,"key":"REST"},{"floor":44,"key":"REST"},{"floor":49,"key":"REST"}],"neow_cost":"PERCENT_DAMAGE","seed_source_timestamp":41415661666495,"circlet_count":0,"master_deck":["Defend_R","Defend_R","Defend_R","Bash+1","Clothesline","Cleave","Seeing Red","Shrug It Off","Armaments+1","Flame Barrier","Bludgeon","Mayhem","Impervious","Spot Weakness","Rampage","Warcry","Uppercut"],"relics":["Burning Blood","Strawberry","Lantern","Pocketwatch","Fusion Hammer","Happy Flower","Question Card","Red Mask","Mercury Hourglass","Pen Nib","Busted Crown","Juzu Bracelet","The Courier"],"potions_floor_usage":[8,21,22,28,28,28,28,28,33,35,41,50,50],"damage_taken":[{"damage":11,"enemies":"Jaw Worm","floor":1,"turns":4},{"damage":5,"enemies":"Small Slimes","floor":3,"turns":7},{"damage":35,"enemies":"Lagavulin","floor":6,"turns":8},{"damage":0,"enemies":"2 Louse","floor":8,"turns":1},{"damage":4,"enemies":"Blue Slaver","floor":11,"turns":3},{"damage":32,"enemies":"3 Sentries","floor":14,"turns":6},{"damage":30,"enemies":"The Guardian","floor":16,"turns":17},{"damage":19,"enemies":"Spheric Guardian","floor":18,"turns":4},{"damage":0,"enemies":"Chosen","floor":19,"turns":4},{"damage":4,"enemies":"Snecko","floor":21,"turns":5},{"damage":2,"enemies":"Cultist and Chosen","floor":22,"turns":7},{"damage":9,"enemies":"Book of Stabbing","floor":23,"turns":6},{"damage":1,"enemies":"Snake Plant","floor":24,"turns":2},{"damage":13,"enemies":"Masked Bandits","floor":27,"turns":4},{"damage":44,"enemies":"Slavers","floor":28,"turns":9},{"damage":0,"enemies":"Snecko","floor":31,"turns":4},{"damage":52,"enemies":"Champ","floor":33,"turns":9},{"damage":0,"enemies":"Orb Walker","floor":35,"turns":2},{"damage":0,"enemies":"3 Shapes","floor":36,"turns":3},{"damage":5,"enemies":"3 Darklings","floor":38,"turns":5},{"damage":20,"enemies":"Sphere and 2 Shapes","floor":41,"turns":5},{"damage":12,"enemies":"Maw","floor":47,"turns":6},{"damage":13,"enemies":"Transient","floor":48,"turns":5},{"damage":34,"enemies":"Donu and Deca","floor":50,"turns":9}],"seed_played":"-8083155526857672194","potions_obtained":[{"floor":6,"key":"Explosive Potion"},{"floor":8,"key":"SneckoOil"},{"floor":16,"key":"EntropicBrew"},{"floor":18,"key":"SkillPotion"},{"floor":21,"key":"SkillPotion"},{"floor":22,"key":"Dexterity Potion"},{"floor":23,"key":"SpeedPotion"},{"floor":31,"key":"Strength Potion"},{"floor":35,"key":"Block Potion"},{"floor":36,"key":"GamblersBrew"},{"floor":41,"key":"Energy Potion"}],"is_trial":false,"path_per_floor":["M","?","M","$","?","E","?","M","T","R","M","R","$","E","R","B",null,"M","M","?","M","M","E","M","$","T","?","E","$","T","M","R","B",null,"M","M","$","M","?","R","M","T","T","R","?","?","M","M","R","B",null],"character_chosen":"IRONCLAD","items_purchased":["Cleave","Shrug It Off","Mayhem","Block Potion","Rampage"],"campfire_rested":6,"item_purchase_floors":[4,13,29,29,37],"current_hp_per_floor":[51,44,45,45,45,23,23,29,29,55,57,57,57,31,57,33,74,61,67,67,69,73,70,75,75,75,68,45,45,45,51,77,31,73,79,85,85,86,86,87,73,73,73,87,77,77,71,64,83,55],"gold":260,"neow_bonus":"REMOVE_TWO","is_prod":false,"is_daily":false,"chose_seed":false,"campfire_upgraded":1,"win_rate":0,"timestamp":1548797123,"path_taken":["M","?","M","$","?","E","?","M","T","R","M","R","?","E","R","BOSS","M","?","?","M","?","E","M","$","T","?","E","$","?","M","R","BOSS","M","M","$","M","?","R","M","?","T","R","?","?","M","M","R","BOSS"],"build_version":"2019-01-23","purchased_purges":2,"victory":true,"max_hp_per_floor":[80,80,80,80,80,87,87,87,87,87,87,87,87,87,87,87,87,87,87,87,87,87,87,87,87,87,87,87,87,87,87,87,87,87,87,87,87,87,87,87,87,87,87,87,87,83,83,83,83,83],"card_choices":[{"not_picked":["Pommel Strike","Perfected Strike","Warcry"],"picked":"SKIP","floor":1},{"not_picked":["Warcry","Twin Strike"],"picked":"Clothesline","floor":3},{"not_picked":["Whirlwind","Twin Strike"],"picked":"Seeing Red","floor":6},{"not_picked":["Evolve","Clash","Heavy Blade"],"picked":"SKIP","floor":8},{"not_picked":["Wild Strike","Reckless Charge","Corruption"],"picked":"SKIP","floor":11},{"not_picked":["Wild Strike","Burning Pact","Heavy Blade"],"picked":"SKIP","floor":14},{"not_picked":["Thunderclap","Sword Boomerang+1"],"picked":"Armaments","floor":18},{"not_picked":["Pommel Strike","Havoc","Bloodletting"],"picked":"SKIP","floor":19},{"not_picked":["Headbutt","Thunderclap+1","Second Wind"],"picked":"SKIP","floor":21},{"not_picked":["Anger","Reckless Charge"],"picked":"Flame Barrier","floor":22},{"not_picked":["Perfected Strike","Wild Strike"],"picked":"Bludgeon","floor":23},{"not_picked":["Pommel Strike","Warcry","Disarm"],"picked":"SKIP","floor":24},{"not_picked":["Feel No Pain","Heavy Blade","Thunderclap"],"picked":"Inflame","floor":27},{"not_picked":["Anger","Seeing Red","Clash","Entrench+1"],"picked":"SKIP","floor":28},{"not_picked":["Power Through","Shrug It Off","Pommel Strike","Cleave"],"picked":"SKIP","floor":31},{"not_picked":["Brutality","Fiend Fire","Offering"],"picked":"Impervious","floor":33},{"not_picked":["Clash+1","Perfected Strike+1"],"picked":"SKIP","floor":35},{"not_picked":["Shrug It Off+1"],"picked":"Spot Weakness","floor":36},{"not_picked":["Fire Breathing"],"picked":"Warcry","floor":38},{"not_picked":["Warcry","Sword Boomerang"],"picked":"SKIP","floor":41},{"not_picked":["Corruption+1"],"picked":"Uppercut","floor":47},{"not_picked":["Combust","Flex"],"picked":"SKIP","floor":48}],"player_experience":319115,"relics_obtained":[{"floor":6,"key":"Strawberry"},{"floor":9,"key":"Lantern"},{"floor":14,"key":"Pocketwatch"},{"floor":23,"key":"Happy Flower"},{"floor":26,"key":"Question Card"},{"floor":27,"key":"Red Mask"},{"floor":28,"key":"Mercury Hourglass"},{"floor":30,"key":"Pen Nib"},{"floor":42,"key":"Juzu Bracelet"},{"floor":43,"key":"The Courier"}],"event_choices":[{"cards_removed":["Strike_R"],"damage_healed":0,"gold_gain":0,"player_choice":"Card Removal","damage_taken":7,"max_hp_gain":0,"max_hp_loss":0,"event_name":"Golden Wing","floor":2,"gold_loss":0},{"damage_healed":0,"gold_gain":0,"player_choice":"Fled","damage_taken":0,"max_hp_gain":0,"max_hp_loss":0,"event_name":"Scrap Ooze","floor":5,"gold_loss":0},{"cards_removed":["Strike_R"],"damage_healed":0,"gold_gain":0,"player_choice":"Forget","damage_taken":0,"max_hp_gain":0,"max_hp_loss":0,"event_name":"Living Wall","floor":7,"gold_loss":0},{"damage_healed":0,"gold_gain":0,"player_choice":"Forge","damage_taken":0,"max_hp_gain":0,"max_hp_loss":0,"event_name":"Accursed Blacksmith","floor":20,"gold_loss":0,"cards_upgraded":["Armaments"]},{"damage_healed":0,"gold_gain":0,"player_choice":"Fought Bandits","damage_taken":0,"max_hp_gain":0,"max_hp_loss":0,"event_name":"Masked Bandits","floor":27,"gold_loss":0},{"cards_removed":["Inflame"],"damage_healed":0,"gold_gain":0,"player_choice":"Removed Power","damage_taken":0,"max_hp_gain":0,"max_hp_loss":0,"event_name":"Falling","floor":39,"gold_loss":0},{"damage_healed":0,"gold_gain":0,"player_choice":"Memory 3","damage_taken":10,"max_hp_gain":0,"max_hp_loss":0,"event_name":"SensoryStone","floor":45,"gold_loss":0},{"damage_healed":0,"gold_gain":0,"player_choice":"Max HP","damage_taken":0,"max_hp_gain":0,"max_hp_loss":4,"event_name":"Winding Halls","floor":46,"gold_loss":0}],"is_beta":true,"boss_relics":[{"not_picked":["Pandora\u0027s Box","Philosopher\u0027s Stone"],"picked":"Fusion Hammer"},{"not_picked":["Empty Cage","Runic Dome"],"picked":"Busted Crown"}],"items_purged_floors":[4,25],"is_endless":false,"potions_floor_spawned":[6,8,16,18,21,22,23,31,35,36,41],"ascension_level":5}