{"path_per_floor":["M","M","M","?","M","R","M","M","T","R","M","?","?","M","R","B",null,"M","?","M","?","M","R","M","R","T","R","M"],"character_chosen":"IRONCLAD","items_purchased":[],"gold_per_floor":[119,134,151,151,169,169,184,198,198,198,218,293,293,307,307,427,427,442,442,467,367,388,388,412,412,412,412,428],"floor_reached":29,"campfire_rested":4,"playtime":1673,"current_hp_per_floor":[80,80,75,75,71,71,72,71,71,71,68,57,37,27,51,53,80,80,80,39,39,26,50,14,38,38,62,35],"items_purged":[],"gold":428,"score":221,"play_id":"d99e8bf3-0400-42b2-9ef3-4595a592c824","is_prod":false,"is_daily":false,"is_ascension_mode":false,"campfire_upgraded":2,"path_taken":["M","M","M","?","M","R","M","M","T","R","M","?","?","M","R","BOSS","M","?","M","?","M","R","M","R","T","R","M","E"],"build_version":"2018-02-22-PROD2","purchased_purges":0,"victory":false,"master_deck":["Strike_R","Strike_R","Strike_R","Strike_R","Strike_R","Defend_R","Defend_R","Defend_R","Defend_R","Bash","Fire Breathing+1","Rampage+1","Cleave","Headbutt","Cleave","Twin Strike","Heavy Blade","Whirlwind","Limit Break","Pommel Strike","Anger","Bash","Deep Breath","Flex","J.A.X.","Perfected Strike","Spot Weakness+1","Spot Weakness"],"max_hp_per_floor":[80,80,80,80,80,80,80,80,80,80,80,80,80,80,80,80,80,80,80,80,80,80,80,80,80,80,80,80],"relics":["Burning Blood","Ginger","Golden Idol","Velvet Choker","Blood Vial"],"card_choices":[{"not_picked":["Shrug It Off","Rage"],"picked":"Fire Breathing"},{"not_picked":["Barricade","Infernal Blade"],"picked":"Rampage"},{"not_picked":["Blood for Blood","Armaments"],"picked":"Cleave"},{"not_picked":["Burning Pact","Twin Strike"],"picked":"Headbutt"},{"not_picked":["Fiend Fire","True Grit"],"picked":"Cleave"},{"not_picked":["Entrench","Shockwave"],"picked":"Twin Strike"},{"not_picked":["Combust","Armaments"],"picked":"Heavy Blade"},{"not_picked":["Thunderclap","True Grit"],"picked":"Whirlwind"},{"not_picked":["Brutality","Juggernaut"],"picked":"Limit Break"},{"not_picked":["Sword Boomerang","Seeing Red"],"picked":"Pommel Strike"},{"not_picked":["Metallicize","Combust"],"picked":"Flex"},{"not_picked":["Pommel Strike","Clothesline"],"picked":"Perfected Strike"},{"not_picked":["Heavy Blade","Rage"],"picked":"Spot Weakness"},{"not_picked":["Reckless Charge","Dark Embrace"],"picked":"Spot Weakness"}],"player_experience":6024,"potions_floor_usage":[5,7,14,16,16,16,22],"damage_taken":[{"damage":4,"enemies":"Small Slimes","floor":1,"turns":4},{"damage":6,"enemies":"Cultist","floor":2,"turns":3},{"damage":11,"enemies":"2 Louse","floor":3,"turns":2},{"damage":10,"enemies":"Exordium Wildlife","floor":5,"turns":5},{"damage":5,"enemies":"Looter","floor":7,"turns":2},{"damage":7,"enemies":"3 Louse","floor":8,"turns":2},{"damage":9,"enemies":"Blue Slaver","floor":11,"turns":4},{"damage":16,"enemies":"Exordium Thugs","floor":14,"turns":4},{"damage":4,"enemies":"Slime Boss","floor":16,"turns":5},{"damage":1,"enemies":"3 Byrds","floor":18,"turns":3},{"damage":47,"enemies":"Shell Parasite","floor":20,"turns":5},{"damage":19,"enemies":"Centurion and Healer","floor":22,"turns":4},{"damage":42,"enemies":"Snake Plant","floor":24,"turns":4},{"damage":35,"enemies":"Cultist and Chosen","floor":28,"turns":6},{"damage":44,"enemies":"Book of Stabbing","floor":29,"turns":3}],"event_choices":[{"event_name":"The Lab","player_choice":"Got Potions","floor":4,"damage_taken":0},{"event_name":"World of Goop","player_choice":"Gather Gold","floor":12,"damage_taken":0},{"event_name":"Golden Idol","player_choice":"Take Damage","floor":13,"damage_taken":0},{"event_name":"Match and Keep!","player_choice":"3 cards matched","floor":19,"damage_taken":0},{"event_name":"Drug Dealer","player_choice":"Got JAXXED","floor":21,"damage_taken":0}],"boss_relics":[{"not_picked":["Orrery","Black Star"],"picked":"Velvet Choker"}],"potions_floor_spawned":[3,7,11,14,20],"seed_played":"-7928088511217210064","killed_by":"Book of Stabbing","ascension_level":0,"is_trial":false}