{"gold_per_floor":[109,121,121,121,135,135,170,170,170,14,14,29,49,59,59,163,163,175,190,190,206,216,250,262],"floor_reached":24,"playtime":881,"items_purged":[],"score":222,"play_id":"eb7fa975-adec-43d7-a7e8-0ef92cb6d051","local_time":"20190212024742","is_ascension_mode":false,"campfire_choices":[{"data":"Zap","floor":6,"key":"SMITH"},{"data":"Storm","floor":8,"key":"SMITH"},{"floor":15,"key":"REST"}],"neow_cost":"NONE","seed_source_timestamp":379644086624202,"circlet_count":0,"master_deck":["Strike_B","Strike_B","Strike_B","Strike_B","Defend_B","Defend_B","Defend_B","Defend_B","Zap+1","Dualcast+1","Storm+1","Loop","Skim","Rip and Tear+1","Conserve Battery","Force Field","Reboot","Amplify","Redo+1","Streamline","Steam+1","Conserve Battery","Go for the Eyes+1"],"relics":["Cracked Core","Frozen Egg 2","Bottled Flame","Oddly Smooth Stone","Busted Crown","MawBank"],"potions_floor_usage":[7,7,14,16],"damage_taken":[{"damage":6,"enemies":"Jaw Worm","floor":1,"turns":2},{"damage":1,"enemies":"Cultist","floor":2,"turns":3},{"damage":5,"enemies":"Small Slimes","floor":4,"turns":3},{"damage":23,"enemies":"Exordium Thugs","floor":5,"turns":6},{"damage":9,"enemies":"3 Sentries","floor":7,"turns":4},{"damage":2,"enemies":"Red Slaver","floor":12,"turns":3},{"damage":12,"enemies":"3 Louse","floor":13,"turns":3},{"damage":0,"enemies":"2 Fungi Beasts","floor":14,"turns":2},{"damage":17,"enemies":"Slime Boss","floor":16,"turns":6},{"damage":16,"enemies":"2 Thieves","floor":18,"turns":4},{"damage":4,"enemies":"Shell Parasite","floor":19,"turns":3},{"damage":8,"enemies":"Centurion and Healer","floor":21,"turns":6},{"damage":12,"enemies":"Chosen and Byrds","floor":22,"turns":5},{"damage":22,"enemies":"Book of Stabbing","floor":23,"turns":5},{"damage":17,"enemies":"Snake Plant","floor":24,"turns":2}],"seed_played":"-265463852698414267","potions_obtained":[{"floor":1,"key":"Fire Potion"},{"floor":2,"key":"Explosive Potion"},{"floor":7,"key":"Block Potion"},{"floor":14,"key":"GamblersBrew"},{"floor":21,"key":"SteroidPotion"},{"floor":22,"key":"FearPotion"}],"is_trial":false,"path_per_floor":["M","M","?","M","M","R","E","R","T","$","?","M","M","M","R","B",null,"M","M","?","M","M","E","M"],"character_chosen":"DEFECT","items_purchased":["Oddly Smooth Stone"],"campfire_rested":1,"item_purchase_floors":[10],"current_hp_per_floor":[69,68,61,56,33,33,24,24,24,24,24,22,10,10,32,15,75,59,55,55,47,35,13,0],"gold":262,"neow_bonus":"UPGRADE_CARD","is_prod":false,"is_daily":false,"chose_seed":false,"campfire_upgraded":2,"win_rate":0,"timestamp":1549907262,"path_taken":["M","M","?","M","M","R","E","R","T","$","?","M","?","M","R","BOSS","M","M","?","?","M","E","M"],"build_version":"2019-01-23","purchased_purges":0,"victory":false,"max_hp_per_floor":[75,75,75,75,75,75,75,75,75,75,75,75,75,75,75,75,75,75,75,75,75,75,75,75],"card_choices":[{"not_picked":["Melter","Barrage"],"picked":"Storm","floor":1},{"not_picked":["Blizzard","Storm"],"picked":"Loop","floor":2},{"not_picked":["Beam Cell","Compile Driver"],"picked":"Skim","floor":4},{"not_picked":["Rebound","Cold Snap"],"picked":"Rip and Tear","floor":5},{"not_picked":["Rebound","Go for the Eyes"],"picked":"Conserve Battery","floor":7},{"not_picked":["Consume","Barrage"],"picked":"Force Field","floor":12},{"not_picked":["Fusion","Ball Lightning"],"picked":"Reboot","floor":13},{"not_picked":["Sweeping Beam","Compile Driver","Hello World+1"],"picked":"SKIP","floor":14},{"not_picked":["Core Surge","Fission"],"picked":"Amplify","floor":16},{"not_picked":[],"picked":"Redo+1","floor":18},{"not_picked":["Redo"],"picked":"SKIP","floor":19},{"not_picked":[],"picked":"Steam+1","floor":21},{"not_picked":[],"picked":"Conserve Battery","floor":22},{"not_picked":[],"picked":"Go for the Eyes+1","floor":23}],"player_experience":205186,"relics_obtained":[{"floor":7,"key":"Frozen Egg 2"},{"floor":9,"key":"Bottled Flame"},{"floor":23,"key":"MawBank"}],"event_choices":[{"damage_healed":0,"gold_gain":0,"player_choice":"Damaged","damage_taken":7,"max_hp_gain":0,"max_hp_loss":0,"event_name":"Wheel of Change","floor":3,"gold_loss":0},{"damage_healed":0,"gold_gain":0,"player_choice":"Upgraded","damage_taken":0,"max_hp_gain":0,"max_hp_loss":0,"event_name":"Upgrade Shrine","floor":11,"gold_loss":0,"cards_upgraded":["Rip and Tear"]},{"damage_healed":0,"gold_gain":0,"player_choice":"1 cards matched","damage_taken":0,"max_hp_gain":0,"max_hp_loss":0,"event_name":"Match and Keep!","floor":20,"gold_loss":0,"cards_obtained":["Streamline"]}],"is_beta":false,"boss_relics":[{"not_picked":["Astrolabe","Snecko Eye"],"picked":"Busted Crown"}],"items_purged_floors":[],"is_endless":false,"potions_floor_spawned":[1,2,7,14,21,22],"killed_by":"Snake Plant","ascension_level":0}