{"path_per_floor":["M","?","$","M","?","R","E","R","T","M","M","$","R","$","R","B",null,"M","$","?","M","M","R","M","R","T","M","M","M","R","M","R","B",null,"M","?","M","?"],"character_chosen":"DEFECT","items_purchased":["Hologram","Leap"],"gold_per_floor":[111,186,111,126,126,126,161,161,187,203,218,93,93,93,93,193,193,203,30,30,41,57,57,76,76,76,87,103,121,121,132,132,234,234,250,250,269,269,269],"floor_reached":39,"campfire_rested":1,"playtime":2683,"item_purchase_floors":[12,19],"current_hp_per_floor":[73,62,62,62,55,55,33,55,55,57,57,57,57,57,57,12,79,79,79,79,79,81,81,75,75,75,52,50,60,60,44,44,21,83,83,83,47,36,0],"items_purged":["Dualcast","Defend_B","Strike_B"],"gold":269,"score":383,"play_id":"a81cf626-0411-4576-9606-7b534ba9a513","local_time":"20180524222119","is_prod":false,"is_daily":false,"chose_seed":false,"is_ascension_mode":false,"campfire_upgraded":7,"win_rate":0,"timestamp":1527193279,"campfire_choices":[{"data":"Zap","floor":6,"key":"SMITH"},{"floor":8,"key":"REST"},{"data":"Hologram","floor":13,"key":"SMITH"},{"data":"Leap","floor":15,"key":"SMITH"},{"data":"Sweeping Beam","floor":23,"key":"SMITH"},{"data":"Self Repair","floor":25,"key":"SMITH"},{"data":"Leap","floor":30,"key":"SMITH"},{"data":"Defend_B","floor":32,"key":"SMITH"}],"path_taken":["M","?","$","M","?","R","E","R","T","M","M","$","R","$","R","BOSS","M","$","?","M","M","R","?","R","T","M","M","M","R","M","R","BOSS","M","?","M","?","M"],"build_version":"2018-05-23v2","seed_source_timestamp":30560018973179,"purchased_purges":3,"victory":false,"master_deck":["Strike_B","Strike_B","Defend_B+1","Defend_B","Zap+1","Leap+1","Melter","Self Repair+1","Hologram+1","Sweeping Beam+1","Leap+1","Ball Lightning","Tempest+1","Parasite","Reinforced Body+1","Core Surge","Sunder+1","Electrodynamics","Ball Lightning","Madness","Madness"],"max_hp_per_floor":[75,75,75,75,75,75,75,75,75,77,77,77,77,77,77,79,79,79,79,79,81,81,81,81,81,81,83,83,83,83,83,83,83,83,83,83,85,85,85],"relics":["Cracked Core","Happy Flower","Boot","Singing Bowl","Cursed Key","Bottled Tornado","Runic Pyramid"],"card_choices":[{"not_picked":["Compile Driver","Go for the Eyes","Steam Power"],"picked":"SKIP","floor":1},{"not_picked":["Gash","Doom and Gloom"],"picked":"Leap","floor":4},{"not_picked":["Sweeping Beam","Scrape"],"picked":"Melter","floor":7},{"not_picked":["Reprogram","Rebound","Auto Shields"],"picked":"Singing Bowl","floor":10},{"not_picked":["Beam Cell","Meteor Strike"],"picked":"Self Repair","floor":11},{"not_picked":["Biased Cognition","Amplify","Machine Learning"],"picked":"Singing Bowl","floor":16},{"not_picked":["Defragment","Chaos+1"],"picked":"Sweeping Beam","floor":18},{"not_picked":["Capacitor","Cold Snap+1","Streamline"],"picked":"Singing Bowl","floor":21},{"not_picked":["Hologram","Genetic Algorithm+1"],"picked":"Ball Lightning","floor":22},{"not_picked":["Ball Lightning+1","Gash"],"picked":"Tempest+1","floor":24},{"not_picked":["Redo","Streamline+1","Cold Snap"],"picked":"Singing Bowl","floor":27},{"not_picked":["Redo","Streamline"],"picked":"Reinforced Body+1","floor":28},{"not_picked":["Sweeping Beam","Beam Cell"],"picked":"Core Surge","floor":29},{"not_picked":["Streamline+1","Recycle"],"picked":"Sunder+1","floor":31},{"not_picked":["Machine Learning","Seek"],"picked":"Electrodynamics","floor":33},{"not_picked":["Steam+1","Streamline"],"picked":"Ball Lightning","floor":35},{"not_picked":["Leap","Barrage+1","Chill+1"],"picked":"Singing Bowl","floor":37}],"player_experience":92360,"potions_floor_usage":[16,21,22,31],"damage_taken":[{"damage":2,"enemies":"Small Slimes","floor":1,"turns":3},{"damage":0,"enemies":"2 Louse","floor":4,"turns":4},{"damage":22,"enemies":"3 Sentries","floor":7,"turns":7},{"damage":0,"enemies":"Cultist","floor":10,"turns":3},{"damage":0,"enemies":"Large Slime","floor":11,"turns":5},{"damage":54,"enemies":"Hexaghost","floor":16,"turns":10},{"damage":0,"enemies":"Spheric Guardian","floor":18,"turns":1},{"damage":9,"enemies":"2 Thieves","floor":21,"turns":3},{"damage":4,"enemies":"Snake Plant","floor":22,"turns":4},{"damage":13,"enemies":"Centurion and Healer","floor":24,"turns":7},{"damage":35,"enemies":"Cultist and Chosen","floor":27,"turns":6},{"damage":12,"enemies":"Snake Plant","floor":28,"turns":3},{"damage":0,"enemies":"Chosen and Byrds","floor":29,"turns":5},{"damage":26,"enemies":"3 Cultists","floor":31,"turns":5},{"damage":33,"enemies":"Collector","floor":33,"turns":12},{"damage":9,"enemies":"3 Shapes","floor":35,"turns":4},{"damage":48,"enemies":"3 Darklings","floor":37,"turns":5},{"damage":54,"enemies":"Transient","floor":39,"turns":4}],"relics_obtained":[{"floor":7,"key":"Boot"},{"floor":9,"key":"Singing Bowl"},{"floor":26,"key":"Bottled Tornado"}],"event_choices":[{"event_name":"World of Goop","player_choice":"Gather Gold","floor":2,"damage_taken":0},{"event_name":"Wheel of Change","player_choice":"Damage","floor":5,"damage_taken":0},{"event_name":"Back to Basics","player_choice":"Elegance","floor":20,"damage_taken":0},{"event_name":"Winding Halls","player_choice":"Embrace Madness","floor":38,"damage_taken":0}],"boss_relics":[{"not_picked":["Philosopher\u0027s Stone","Sozu"],"picked":"Cursed Key"},{"not_picked":["White Beast Statue","Nuclear Battery"],"picked":"Runic Pyramid"}],"items_purged_floors":[3,12,19],"potions_floor_spawned":[1,4,10,21,22,29,33],"seed_played":"-67434480500817195","killed_by":"Transient","ascension_level":0,"potions_obtained":[{"floor":1,"key":"Energy Potion"},{"floor":4,"key":"LiquidBronze"},{"floor":10,"key":"Explosive Potion"},{"floor":21,"key":"FearPotion"},{"floor":22,"key":"Ancient Potion"},{"floor":29,"key":"FearPotion"},{"floor":33,"key":"LiquidBronze"}],"is_trial":false}