{"path_per_floor":["M","M","?","M","?","R","M","M","T","M","R","$","R","?","R","B",null,"M","?","M","M","?","R","M","M","T","M","R","?","M","$","R","B",null,"M","$","?","M","T","R","E","R","T","M","M","R","E","$","R","B",null,"M","?","?","M","?","R","M","M","T","M","R","$","R","?","R","B",null,"M","?","M","?","M","E","M","M","T","M","M","M","M","$","R","B",null,"M","$","?","M","?","E","R","E","T","R","?","M","E","$","R","B",null,"M","?","$","M","?","M","E","M","T","M","M","$","E","M","R","B",null,"M","?","?","?","M","R","E","$","T","M","M","E","M","?","R","B",null,"M","?","M","M","?","E","R","E","T","?","M","M","E","$","R","B",null,"M","?","$","M","?","M","$","M","T","M","M","$","R","M","R","B",null,"M","M","M","M","$","R","M","$","T","M","R","?","M","$","R","B",null,"M","$","?","M","?","R","E","R","T","M","M","R","E","$","R","B"],"character_chosen":"DEFECT","items_purchased":["Gash","Girya","Ornamental Fan","Pear","Shuriken","Singing Bowl","Panache","Tiny Chest","Dream Catcher","Pen Nib","Bag of Marbles","Gash+1"],"gold_per_floor":[113,130,130,144,144,144,156,171,171,183,183,57,57,57,57,155,155,165,90,108,125,40,40,53,71,126,138,138,138,148,48,48,152,152,165,40,40,53,53,53,78,78,78,96,116,116,146,146,146,242,242,255,255,288,308,308,308,332,345,372,393,393,243,243,243,243,371,371,385,385,399,399,417,455,470,488,513,527,542,556,576,26,26,145,145,168,168,501,515,515,546,546,572,599,599,599,615,644,227,227,322,322,340,366,111,127,188,201,233,249,275,287,303,146,181,197,197,297,297,313,236,236,236,256,256,283,73,99,110,123,157,168,168,168,271,271,285,285,303,316,316,347,347,381,381,381,397,414,443,324,324,424,424,435,435,80,99,99,117,117,129,152,165,182,29,29,49,49,145,175,187,206,219,236,236,236,254,109,109,123,123,123,133,133,133,233,233,251,251,251,267,267,267,300,300,327,342,357,357,392,368,368,467,467],"floor_reached":204,"campfire_rested":5,"playtime":8476,"item_purchase_floors":[],"current_hp_per_floor":[75,75,60,60,60,60,48,53,53,53,53,53,53,53,53,29,75,60,60,65,51,51,51,61,33,33,19,41,41,47,47,69,27,75,75,75,75,75,75,75,75,75,75,75,75,75,75,75,75,75,75,75,57,62,72,57,57,58,68,68,75,75,75,75,70,70,82,82,82,82,82,82,82,82,82,82,82,82,82,82,72,72,72,82,82,82,82,82,81,81,82,82,82,82,82,72,82,82,92,92,26,92,92,92,92,92,92,92,92,92,92,92,92,92,94,96,96,98,98,100,100,100,80,91,93,104,104,104,111,113,115,117,117,117,119,119,121,123,125,127,127,129,129,123,123,131,133,135,137,137,137,70,139,141,141,138,140,140,140,140,142,142,142,144,144,144,146,146,148,155,157,159,115,119,119,121,125,125,125,129,129,129,133,133,133,137,171,173,173,151,155,155,155,159,159,159,163,167,183,185,185,187,149,189],"items_purged":["Thunder Strike","Echo Form","Defend_B","Zap+1","Madness","Parasite"],"gold":467,"score":6238,"play_id":"f42e5d68-0fda-4ea1-9362-48d7b1a2886b","local_time":"20180617160419","is_prod":false,"is_daily":false,"chose_seed":false,"is_ascension_mode":false,"campfire_upgraded":8,"win_rate":0,"timestamp":1529244259,"campfire_choices":[{"data":"Zap","floor":6.0,"key":"SMITH"},{"data":"Self Repair","floor":11.0,"key":"SMITH"},{"data":"Dualcast","floor":13.0,"key":"SMITH"},{"data":"Steam Power","floor":15.0,"key":"SMITH"},{"data":"Strike_B","floor":23.0,"key":"PURGE"},{"floor":28.0,"key":"REST"},{"floor":32.0,"key":"REST"},{"data":"Defend_B+1","floor":40.0,"key":"PURGE"},{"data":"Defend_B+1","floor":42.0,"key":"PURGE"},{"data":"Reprogram","floor":46.0,"key":"SMITH"},{"data":"Beam Cell","floor":49.0,"key":"SMITH"},{"data":"Reprogram+1","floor":57.0,"key":"PURGE"},{"data":"Dualcast+1","floor":62.0,"key":"PURGE"},{"data":"Gash","floor":64.0,"key":"PURGE"},{"data":"Beam Cell+1","floor":66.0,"key":"PURGE"},{"data":"1","floor":83.0,"key":"LIFT"},{"data":"2","floor":92.0,"key":"LIFT"},{"data":"3","floor":95.0,"key":"LIFT"},{"data":"Madness","floor":100.0,"key":"PURGE"},{"floor":117.0,"key":"REST"},{"data":"J.A.X.","floor":125.0,"key":"SMITH"},{"data":"Panache","floor":134.0,"key":"SMITH"},{"data":"Panache+1","floor":143.0,"key":"PURGE"},{"data":"Self Repair+1","floor":151.0,"key":"PURGE"},{"data":"Doom and Gloom+1","floor":166.0,"key":"PURGE"},{"data":"Barrage+1","floor":168.0,"key":"PURGE"},{"data":"Fusion+1","floor":176.0,"key":"PURGE"},{"data":"Beam Cell+1","floor":181.0,"key":"PURGE"},{"data":"Beam Cell+1","floor":185.0,"key":"PURGE"},{"data":"Madness","floor":193.0,"key":"PURGE"},{"data":"Madness","floor":195.0,"key":"PURGE"},{"floor":199.0,"key":"REST"},{"floor":202.0,"key":"REST"}],"path_taken":["M","M","?","M","?","R","M","M","T","M","R","$","R","?","R","BOSS","M","?","M","M","?","R","M","M","T","M","R","?","M","$","R","BOSS","M","$","?","M","?","R","E","R","T","M","M","R","E","$","R","BOSS","M","?","?","M","?","R","M","M","T","M","R","$","R","?","R","BOSS","M","?","?","?","M","E","M","M","T","M","M","M","M","$","R","BOSS","M","$","?","M","?","E","R","E","T","R","?","M","E","$","R","BOSS","M","?","$","M","?","M","E","M","T","M","M","$","E","M","R","BOSS","M","?","?","?","M","R","E","$","T","M","M","E","M","?","R","BOSS","M","?","M","M","?","E","R","E","T","?","M","M","E","$","R","BOSS","M","?","$","M","?","M","?","M","T","M","M","$","R","M","R","BOSS","M","M","M","M","$","R","M","$","T","M","R","?","M","$","R","BOSS","M","$","?","M","?","R","E","R","T","M","M","R","E","$","R","BOSS"],"build_version":"2018-06-14v2","seed_source_timestamp":0,"purchased_purges":6,"victory":false,"master_deck":["Gash+1","Gash+1","Gash+1"],"max_hp_per_floor":[75,75,75,75,75,75,75,75,75,75,75,75,75,75,75,75,75,75,75,75,75,75,75,75,75,75,75,75,75,75,75,75,75,75,75,75,75,75,75,75,75,75,75,75,75,75,75,75,75,75,75,75,75,75,75,75,75,75,75,75,75,75,75,75,82,82,82,82,82,82,82,82,82,82,82,82,82,82,82,82,82,82,82,82,82,82,82,82,82,82,82,82,82,82,82,82,82,82,92,92,92,92,92,92,92,92,92,92,92,92,92,92,92,92,94,96,96,98,98,100,100,100,105,107,107,109,109,109,111,113,115,117,117,117,119,119,121,123,125,127,127,129,129,131,131,131,133,135,137,137,137,139,139,141,141,138,140,140,140,140,142,142,142,144,144,144,146,146,148,155,157,159,161,163,163,163,165,165,165,167,167,167,169,169,169,171,171,173,173,173,175,175,175,177,177,177,179,181,183,185,185,187,189,189],"special_seed":0,"relics":["Cracked Core","Unceasing Top","Peace Pipe","War Paint","Turnip","Empty Cage","Bag of Preparation","Sundial","Symbiotic Virus","Omamori","White Beast Statue","Odd Mushroom","Blood Vial","Strawberry","Lizard Tail","Juzu Bracelet","Art of War","Girya","Ornamental Fan","Eternal Feather","Mercury Hourglass","Boot","Whetstone","Calipers","Pear","Odd Mushroom","Shuriken","Potion Belt","Molten Egg 2","DataDisk","Singing Bowl","Letter Opener","Orichalcum","Lantern","Anchor","Bottled Lightning","Bronze Scales","Ginger","Ancient Tea Set","Tiny Chest","Dream Catcher","Happy Flower","Pen Nib","Tiny House","Bag of Marbles","Cables","Black Star","Frozen Egg 2","Darkstone Periapt","Gremlin Horn","Smiling Mask","Emotion Chip"],"card_choices":[{"not_picked":["Go for the Eyes","Streamline","Force Field"],"picked":"SKIP","floor":1.0},{"not_picked":["Chill","Barrage"],"picked":"Beam Cell","floor":2.0},{"not_picked":["Self Repair","Chaos"],"picked":"Gash","floor":4.0},{"not_picked":["Turbo","Glacier"],"picked":"Self Repair","floor":7.0},{"not_picked":["Undo","Turbo"],"picked":"Steam Power","floor":8.0},{"not_picked":["Redo","Rebound","Storm"],"picked":"SKIP","floor":10.0},{"not_picked":["Rainbow","Fission"],"picked":"Echo Form","floor":16.0},{"not_picked":["Sweeping Beam","Cold Snap"],"picked":"Reprogram","floor":18.0},{"not_picked":["Barrage","Leap"],"picked":"Gash","floor":20.0},{"not_picked":["Beam Cell","Fusion+1"],"picked":"BootSequence","floor":21.0},{"not_picked":["Barrage","Rebound+1","Skim+1"],"picked":"SKIP","floor":24.0},{"not_picked":["Chill","Static Discharge+1","Stack+1"],"picked":"SKIP","floor":25.0},{"not_picked":["Hello World","Ball Lightning","Leap"],"picked":"SKIP","floor":27.0},{"not_picked":["Consume","Leap+1"],"picked":"Hologram+1","floor":30.0},{"not_picked":["Darkness","Streamline+1"],"picked":"Beam Cell","floor":35.0},{"not_picked":["Coolheaded+1","Defragment","Leap"],"picked":"SKIP","floor":38.0},{"not_picked":["Rip and Tear","Scrape","Thunder Strike"],"picked":"SKIP","floor":41.0},{"not_picked":["Aggregate","Cold Snap","Hello World"],"picked":"SKIP","floor":44.0},{"not_picked":["Hello World","Rip and Tear"],"picked":"Gash+1","floor":45.0},{"not_picked":["Stack+1","Consume","Beam Cell"],"picked":"SKIP","floor":47.0},{"not_picked":["Heatsinks","Compile Driver","Streamline"],"picked":"SKIP","floor":52.0},{"not_picked":["Chaos","Sweeping Beam","Coolheaded"],"picked":"SKIP","floor":55.0},{"not_picked":["Double Energy","Scrape","Steam"],"picked":"SKIP","floor":58.0},{"not_picked":["Hello World","Beam Cell","Gash"],"picked":"SKIP","floor":59.0},{"not_picked":["Ball Lightning","Go for the Eyes","Chaos"],"picked":"SKIP","floor":61.0},{"not_picked":["Compile Driver","Beam Cell","Sweeping Beam"],"picked":"SKIP","floor":69.0},{"not_picked":["Double Energy+1","BootSequence","Glacier"],"picked":"SKIP","floor":71.0},{"not_picked":["Barrage","Static Discharge+1","Hologram+1"],"picked":"SKIP","floor":73.0},{"not_picked":["Fusion","Sweeping Beam","Buffer"],"picked":"SKIP","floor":74.0},{"not_picked":["Go for the Eyes","Ball Lightning","Turbo"],"picked":"SKIP","floor":75.0},{"not_picked":["Gash+1","Hello World","Reinforced Body"],"picked":"SKIP","floor":76.0},{"not_picked":["Turbo","Barrage","BootSequence+1"],"picked":"SKIP","floor":78.0},{"not_picked":["Heatsinks","Reinforced Body"],"picked":"Gash+1","floor":79.0},{"not_picked":["Glacier","Beam Cell+1","Darkness+1"],"picked":"SKIP","floor":80.0},{"not_picked":["Gash","Leap","Sunder"],"picked":"SKIP","floor":81.0},{"not_picked":["Melter+1","Redo+1","Reprogram+1"],"picked":"SKIP","floor":86.0},{"not_picked":["Rip and Tear","Leap+1","Beam Cell"],"picked":"SKIP","floor":89.0},{"not_picked":["Cold Snap","Hologram+1","Steam"],"picked":"SKIP","floor":91.0},{"not_picked":["Doom and Gloom+1","Hello World+1","Hologram+1"],"picked":"SKIP","floor":93.0},{"not_picked":["Barrage","Go for the Eyes+1","Hyperbeam"],"picked":"SKIP","floor":97.0},{"not_picked":["Coolheaded","Melter+1","Rebound+1"],"picked":"SKIP","floor":98.0},{"not_picked":["Steam","Skim","Gash"],"picked":"SKIP","floor":103.0},{"not_picked":["Sweeping Beam","Coolheaded","Rebound"],"picked":"SKIP","floor":106.0},{"not_picked":["Lockon","Rip and Tear","Self Repair"],"picked":"SKIP","floor":108.0},{"not_picked":["Self Repair","All For One","Leap"],"picked":"SKIP","floor":109.0},{"not_picked":["Compile Driver+1","Glacier","Force Field"],"picked":"SKIP","floor":110.0},{"not_picked":["Darkness","Steam","Recycle"],"picked":"SKIP","floor":112.0},{"not_picked":["Gash+1","Conserve Battery","Leap"],"picked":"SKIP","floor":113.0},{"not_picked":["Glacier","Double Energy","Undo"],"picked":"Singing Bowl","floor":115.0},{"not_picked":["Conserve Battery","Self Repair","Steam"],"picked":"Singing Bowl","floor":116.0},{"not_picked":["Machine Learning","Seek","Creative AI"],"picked":"Singing Bowl","floor":118.0},{"not_picked":["Leap","Coolheaded","Fusion+1"],"picked":"Singing Bowl","floor":120.0},{"not_picked":["Lockon+1","Streamline+1","Conserve Battery+1"],"picked":"Singing Bowl","floor":124.0},{"not_picked":["Chill","Stack","Leap"],"picked":"Singing Bowl","floor":126.0},{"not_picked":["Rebound+1","Beam Cell+1","Capacitor"],"picked":"Singing Bowl","floor":129.0},{"not_picked":["Streamline+1","Fusion","Leap"],"picked":"Singing Bowl","floor":130.0},{"not_picked":["Heatsinks","Gash+1","Amplify"],"picked":"Singing Bowl","floor":131.0},{"not_picked":["Turbo","Streamline+1","Defragment"],"picked":"Singing Bowl","floor":132.0},{"not_picked":["Amplify","Fission","Core Surge+1"],"picked":"Singing Bowl","floor":135.0},{"not_picked":["Compile Driver+1","Lockon+1","Hello World"],"picked":"Singing Bowl","floor":137.0},{"not_picked":["Transmutation","Purity","Panache"],"picked":"Singing Bowl","floor":138.0},{"not_picked":["Beam Cell+1","Tempest","Cold Snap+1"],"picked":"Singing Bowl","floor":139.0},{"not_picked":["BootSequence+1","Static Discharge","Consume+1"],"picked":"Singing Bowl","floor":140.0},{"not_picked":["Doom and Gloom+1","Melter+1","Barrage+1"],"picked":"Singing Bowl","floor":142.0},{"not_picked":["Leap","Barrage+1","Glacier"],"picked":"Singing Bowl","floor":144.0},{"not_picked":["Conserve Battery","Ball Lightning+1","Sweeping Beam+1"],"picked":"Singing Bowl","floor":147.0},{"not_picked":["Force Field","Go for the Eyes+1","Rainbow"],"picked":"Singing Bowl","floor":148.0},{"not_picked":["Reprogram","Lockon+1","Steam+1"],"picked":"Singing Bowl","floor":149.0},{"not_picked":["Electrodynamics","Echo Form","Buffer"],"picked":"Singing Bowl","floor":152.0},{"not_picked":["Stack","Cold Snap+1","Scrape+1"],"picked":"Singing Bowl","floor":154.0},{"not_picked":["Genetic Algorithm","Leap","Redo"],"picked":"Singing Bowl","floor":157.0},{"not_picked":["Stack","Turbo"],"picked":"Gash+1","floor":159.0},{"not_picked":["Capacitor","Hologram","Sweeping Beam+1"],"picked":"Singing Bowl","floor":161.0},{"not_picked":["Barrage+1","Hologram"],"picked":"Gash+1","floor":163.0},{"not_picked":["Stack","Conserve Battery","Scrape+1"],"picked":"Singing Bowl","floor":164.0},{"not_picked":["Lockon+1","Defragment","Genetic Algorithm"],"picked":"Singing Bowl","floor":167.0},{"not_picked":["Reboot","Buffer","Thunder Strike+1"],"picked":"Singing Bowl","floor":169.0},{"not_picked":["Sweeping Beam+1","Cold Snap+1","Streamline+1"],"picked":"Singing Bowl","floor":170.0},{"not_picked":["Sunder+1","Doom and Gloom+1","Sweeping Beam+1"],"picked":"Singing Bowl","floor":171.0},{"not_picked":["Barrage+1","Skim+1","Rebound+1"],"picked":"Singing Bowl","floor":172.0},{"not_picked":["Steam","Coolheaded","Chill"],"picked":"Singing Bowl","floor":173.0},{"not_picked":["Rebound+1","Fusion","Lockon+1"],"picked":"Singing Bowl","floor":174.0},{"not_picked":["Sweeping Beam+1","Chill","Go for the Eyes+1"],"picked":"Singing Bowl","floor":177.0},{"not_picked":["Loop","Hologram+1","Barrage+1"],"picked":"Singing Bowl","floor":180.0},{"not_picked":["Turbo","Sweeping Beam+1","Compile Driver+1"],"picked":"Singing Bowl","floor":183.0},{"not_picked":["Meteor Strike+1","Echo Form","Reboot"],"picked":"Singing Bowl","floor":186.0},{"not_picked":["Glacier+1","Go for the Eyes+1","Blizzard+1"],"picked":"Singing Bowl","floor":188.0},{"not_picked":["Redo+1","Cold Snap+1","Chill+1"],"picked":"Singing Bowl","floor":191.0},{"not_picked":["Redo+1","Streamline+1","Double Energy+1"],"picked":"Singing Bowl","floor":194.0},{"not_picked":["Compile Driver+1","Rip and Tear+1","Go for the Eyes+1"],"picked":"Singing Bowl","floor":197.0},{"not_picked":["Reinforced Body+1","Leap+1","Amplify"],"picked":"Singing Bowl","floor":198.0},{"not_picked":["Streamline+1","Melter+1","Coolheaded+1"],"picked":"Singing Bowl","floor":199.0},{"not_picked":["Sweeping Beam+1","Ball Lightning+1","Steam+1"],"picked":"Singing Bowl","floor":200.0},{"not_picked":["Chill+1","Ball Lightning+1","Conserve Battery+1"],"picked":"Singing Bowl","floor":202.0},{"not_picked":["Rainbow","Reboot","Electrodynamics+1"],"picked":"Singing Bowl","floor":203.0}],"player_experience":198639,"potions_floor_usage":[],"damage_taken":[{"damage":0.0,"enemies":"2 Louse","floor":1.0,"turns":3.0},{"damage":0.0,"enemies":"Small Slimes","floor":2.0,"turns":3.0},{"damage":0.0,"enemies":"Cultist","floor":4.0,"turns":3.0},{"damage":12.0,"enemies":"Exordium Thugs","floor":7.0,"turns":4.0},{"damage":2.0,"enemies":"Looter","floor":8.0,"turns":3.0},{"damage":0.0,"enemies":"2 Fungi Beasts","floor":10.0,"turns":3.0},{"damage":34.0,"enemies":"Hexaghost","floor":16.0,"turns":9.0},{"damage":15.0,"enemies":"Shell Parasite","floor":18.0,"turns":5.0},{"damage":17.0,"enemies":"2 Thieves","floor":20.0,"turns":4.0},{"damage":24.0,"enemies":"3 Cultists","floor":21.0,"turns":5.0},{"damage":0.0,"enemies":"Chosen and Byrds","floor":24.0,"turns":4.0},{"damage":38.0,"enemies":"Snake Plant","floor":25.0,"turns":4.0},{"damage":24.0,"enemies":"Snecko","floor":27.0,"turns":6.0},{"damage":4.0,"enemies":"Centurion and Healer","floor":30.0,"turns":4.0},{"damage":52.0,"enemies":"Automaton","floor":33.0,"turns":8.0},{"damage":0.0,"enemies":"Flame Bruiser 1 Orb","floor":35.0,"turns":3.0},{"damage":0.0,"enemies":"3 Shapes","floor":38.0,"turns":2.0},{"damage":0.0,"enemies":"Giant Head","floor":41.0,"turns":1.0},{"damage":0.0,"enemies":"Maw","floor":44.0,"turns":1.0},{"damage":0.0,"enemies":"Sphere and 2 Shapes","floor":45.0,"turns":1.0},{"damage":0.0,"enemies":"Nemesis","floor":47.0,"turns":1.0},{"damage":0.0,"enemies":"Donu and Deca","floor":50.0,"turns":1.0},{"damage":0.0,"enemies":"Cultist","floor":52.0,"turns":1.0},{"damage":5.0,"floor":54.0,"turns":2.0},{"damage":0.0,"enemies":"Small Slimes","floor":55.0,"turns":1.0},{"damage":9.0,"enemies":"Jaw Worm","floor":58.0,"turns":2.0},{"damage":0.0,"enemies":"Blue Slaver","floor":59.0,"turns":1.0},{"damage":0.0,"enemies":"Exordium Thugs","floor":61.0,"turns":1.0},{"damage":0.0,"enemies":"Slime Boss","floor":67.0,"turns":1.0},{"damage":0.0,"enemies":"Spheric Guardian","floor":69.0,"turns":1.0},{"damage":0.0,"enemies":"2 Thieves","floor":71.0,"turns":1.0},{"damage":0.0,"enemies":"Snake Plant","floor":73.0,"turns":1.0},{"damage":0.0,"enemies":"Book of Stabbing","floor":74.0,"turns":1.0},{"damage":0.0,"enemies":"Cultist and Chosen","floor":75.0,"turns":1.0},{"damage":0.0,"enemies":"Sentry and Sphere","floor":76.0,"turns":1.0},{"damage":0.0,"enemies":"Snecko","floor":78.0,"turns":1.0},{"damage":0.0,"enemies":"Chosen and Byrds","floor":79.0,"turns":1.0},{"damage":0.0,"enemies":"Snake Plant","floor":80.0,"turns":1.0},{"damage":20.0,"enemies":"Cultist and Chosen","floor":81.0,"turns":2.0},{"damage":0.0,"enemies":"Collector","floor":84.0,"turns":2.0},{"damage":0.0,"enemies":"3 Darklings","floor":86.0,"turns":1.0},{"damage":11.0,"enemies":"3 Shapes","floor":89.0,"turns":1.0},{"damage":0.0,"enemies":"Nemesis","floor":91.0,"turns":1.0},{"damage":0.0,"enemies":"Giant Head","floor":93.0,"turns":2.0},{"damage":0.0,"enemies":"Maw","floor":97.0,"turns":2.0},{"damage":0.0,"enemies":"Nemesis","floor":98.0,"turns":1.0},{"damage":76.0,"enemies":"Time Eater","floor":101.0,"turns":3.0},{"damage":0.0,"enemies":"Cultist","floor":103.0,"turns":1.0},{"damage":0.0,"floor":104.0,"turns":1.0},{"damage":0.0,"enemies":"2 Louse","floor":106.0,"turns":1.0},{"damage":0.0,"enemies":"Lagavulin Event","floor":107.0,"turns":1.0},{"damage":0.0,"enemies":"Small Slimes","floor":108.0,"turns":1.0},{"damage":0.0,"enemies":"Lagavulin","floor":109.0,"turns":1.0},{"damage":0.0,"enemies":"Blue Slaver","floor":110.0,"turns":1.0},{"damage":0.0,"enemies":"Gremlin Gang","floor":112.0,"turns":1.0},{"damage":0.0,"enemies":"3 Louse","floor":113.0,"turns":1.0},{"damage":0.0,"enemies":"Gremlin Nob","floor":115.0,"turns":1.0},{"damage":0.0,"enemies":"2 Fungi Beasts","floor":116.0,"turns":1.0},{"damage":0.0,"enemies":"Slime Boss","floor":118.0,"turns":1.0},{"damage":0.0,"enemies":"Spheric Guardian","floor":120.0,"turns":1.0},{"damage":3.0,"enemies":"Chosen","floor":124.0,"turns":1.0},{"damage":3.0,"enemies":"Book of Stabbing","floor":126.0,"turns":1.0},{"damage":3.0,"enemies":"Centurion and Healer","floor":129.0,"turns":1.0},{"damage":3.0,"enemies":"Snake Plant","floor":130.0,"turns":1.0},{"damage":3.0,"enemies":"Slavers","floor":131.0,"turns":1.0},{"damage":3.0,"enemies":"Cultist and Chosen","floor":132.0,"turns":1.0},{"damage":3.0,"enemies":"Automaton","floor":135.0,"turns":2.0},{"damage":3.0,"enemies":"3 Shapes","floor":137.0,"turns":1.0},{"damage":3.0,"enemies":"3 Darklings","floor":139.0,"turns":1.0},{"damage":3.0,"enemies":"Spire Growth","floor":140.0,"turns":1.0},{"damage":3.0,"enemies":"Nemesis","floor":142.0,"turns":1.0},{"damage":18.0,"enemies":"2 Orb Walkers","floor":144.0,"turns":2.0},{"damage":3.0,"enemies":"Flame Bruiser 2 Orb","floor":147.0,"turns":1.0},{"damage":3.0,"enemies":"Sphere and 2 Shapes","floor":148.0,"turns":1.0},{"damage":3.0,"enemies":"Nemesis","floor":149.0,"turns":1.0},{"damage":137.0,"enemies":"Donu and Deca","floor":152.0,"turns":5.0},{"damage":0.0,"enemies":"Small Slimes","floor":154.0,"turns":2.0},{"damage":0.0,"enemies":"Cultist","floor":157.0,"turns":2.0},{"damage":0.0,"enemies":"2 Louse","floor":159.0,"turns":1.0},{"damage":0.0,"enemies":"Red Slaver","floor":161.0,"turns":1.0},{"damage":0.0,"enemies":"Lots of Slimes","floor":163.0,"turns":2.0},{"damage":0.0,"enemies":"Exordium Wildlife","floor":164.0,"turns":1.0},{"damage":0.0,"enemies":"Blue Slaver","floor":167.0,"turns":1.0},{"damage":0.0,"enemies":"Hexaghost","floor":169.0,"turns":2.0},{"damage":0.0,"enemies":"Shell Parasite","floor":171.0,"turns":1.0},{"damage":0.0,"enemies":"Spheric Guardian","floor":172.0,"turns":1.0},{"damage":46.0,"enemies":"Snake Plant","floor":173.0,"turns":2.0},{"damage":0.0,"enemies":"Centurion and Healer","floor":174.0,"turns":2.0},{"damage":0.0,"enemies":"3 Cultists","floor":177.0,"turns":2.0},{"damage":0.0,"enemies":"Chosen and Byrds","floor":180.0,"turns":2.0},{"damage":0.0,"enemies":"Snake Plant","floor":183.0,"turns":1.0},{"damage":0.0,"enemies":"Collector","floor":186.0,"turns":2.0},{"damage":0.0,"enemies":"Flame Bruiser 1 Orb","floor":188.0,"turns":1.0},{"damage":0.0,"enemies":"3 Shapes","floor":191.0,"turns":1.0},{"damage":0.0,"enemies":"Nemesis","floor":194.0,"turns":1.0},{"damage":0.0,"enemies":"Transient","floor":197.0,"turns":5.0},{"damage":0.0,"enemies":"4 Shapes","floor":198.0,"turns":1.0},{"damage":0.0,"enemies":"2 Orb Walkers","floor":200.0,"turns":1.0},{"damage":40.0,"enemies":"Awakened One","floor":203.0,"turns":3.0}],"relics_obtained":[{"floor":9.0,"key":"Unceasing Top"},{"floor":26.0,"key":"War Paint"},{"floor":39.0,"key":"Bag of Preparation"},{"floor":41.0,"key":"Sundial"},{"floor":43.0,"key":"Symbiotic Virus"},{"floor":47.0,"key":"Omamori"},{"floor":54.0,"key":"Odd Mushroom"},{"floor":60.0,"key":"Blood Vial"},{"floor":74.0,"key":"Juzu Bracelet"},{"floor":77.0,"key":"Art of War"},{"floor":91.0,"key":"Mercury Hourglass"},{"floor":93.0,"key":"Boot"},{"floor":94.0,"key":"Whetstone"},{"floor":98.0,"key":"Calipers"},{"floor":104.0,"key":"Odd Mushroom"},{"floor":109.0,"key":"Molten Egg 2"},{"floor":111.0,"key":"DataDisk"},{"floor":115.0,"key":"Letter Opener"},{"floor":126.0,"key":"Orichalcum"},{"floor":128.0,"key":"Lantern"},{"floor":131.0,"key":"Anchor"},{"floor":142.0,"key":"Bottled Lightning"},{"floor":144.0,"key":"Bronze Scales"},{"floor":145.0,"key":"Ginger"},{"floor":149.0,"key":"Ancient Tea Set"},{"floor":162.0,"key":"Happy Flower"},{"floor":179.0,"key":"Cables"},{"floor":194.0,"key":"Frozen Egg 2"},{"floor":194.0,"key":"Darkstone Periapt"},{"floor":196.0,"key":"Gremlin Horn"},{"floor":200.0,"key":"Smiling Mask"},{"floor":200.0,"key":"Emotion Chip"}],"event_choices":[{"event_name":"Shining Light","player_choice":"Entered Light","floor":3.0,"damage_taken":0.0},{"event_name":"Transmorgrifier","player_choice":"Transform","floor":5.0,"damage_taken":0.0},{"event_name":"Purifier","player_choice":"One Purge","floor":14.0,"damage_taken":0.0},{"event_name":"Beggar","player_choice":"Gave Gold","floor":19.0,"damage_taken":0.0},{"event_name":"Addict","player_choice":"Obtained Relic","floor":22.0,"damage_taken":0.0},{"event_name":"The Mausoleum","player_choice":"Yes","floor":29.0,"damage_taken":0.0},{"event_name":"Falling","player_choice":"Removed Skill","floor":37.0,"damage_taken":0.0},{"event_name":"Golden Idol","player_choice":"Take Damage","floor":53.0,"damage_taken":0.0},{"event_name":"Mushrooms","player_choice":"Fought Mushrooms","floor":54.0,"damage_taken":0.0},{"event_name":"Shining Light","player_choice":"Entered Light","floor":56.0,"damage_taken":0.0},{"event_name":"Scrap Ooze","player_choice":"success","floor":65.0,"damage_taken":12.0},{"event_name":"The Mausoleum","player_choice":"No","floor":70.0,"damage_taken":0.0},{"event_name":"Back to Basics","player_choice":"Elegance","floor":72.0,"damage_taken":0.0},{"event_name":"The Moai Head","player_choice":"Gave Idol","floor":88.0,"damage_taken":0.0},{"event_name":"Match and Keep!","player_choice":"0 cards matched","floor":90.0,"damage_taken":0.0},{"event_name":"Winding Halls","player_choice":"Embrace Madness","floor":96.0,"damage_taken":0.0},{"event_name":"Mushrooms","player_choice":"Fought Mushrooms","floor":104.0,"damage_taken":0.0},{"event_name":"Dead Adventurer","player_choice":"Searched \u00273\u0027 times","floor":107.0,"damage_taken":0.0},{"event_name":"Drug Dealer","player_choice":"Got JAXXED","floor":121.0,"damage_taken":0.0},{"event_name":"Cursed Tome","player_choice":"Ignored","floor":122.0,"damage_taken":0.0},{"event_name":"Forgotten Altar","player_choice":"Shed Blood","floor":123.0,"damage_taken":0.0},{"event_name":"Beggar","player_choice":"Ignored","floor":133.0,"damage_taken":0.0},{"event_name":"SensoryStone","player_choice":"Memory 1","floor":138.0,"damage_taken":0.0},{"event_name":"Tomb of Lord Red Mask","player_choice":"Ignored","floor":141.0,"damage_taken":0.0},{"event_name":"Wheel of Change","player_choice":"Full Heal","floor":146.0,"damage_taken":0.0},{"event_name":"Mushrooms","player_choice":"Healed and dodged fight","floor":155.0,"damage_taken":0.0},{"event_name":"Living Wall","player_choice":"Forget","floor":158.0,"damage_taken":0.0},{"event_name":"Cursed Tome","player_choice":"Ignored","floor":182.0,"damage_taken":0.0},{"event_name":"Winding Halls","player_choice":"Embrace Madness","floor":190.0,"damage_taken":0.0},{"event_name":"Match and Keep!","player_choice":"0 cards matched","floor":192.0,"damage_taken":0.0}],"boss_relics":[{"not_picked":["Calling Bell","Runic Dome","Snecko Eye"]},{"not_picked":["Velvet Choker","Astrolabe"],"picked":"Empty Cage"},{"not_picked":["Inserter","Busted Crown"],"picked":"White Beast Statue"},{"not_picked":["Orrery","Nuclear Battery"],"picked":"Lizard Tail"},{"not_picked":["Runic Pyramid","Pandora\u0027s Box"],"picked":"Eternal Feather"},{"not_picked":["Runic Dome","Snecko Eye","Busted Crown"]},{"not_picked":["Cursed Key","Calling Bell","Velvet Choker"]},{"not_picked":["Philosopher\u0027s Stone","Busted Crown","Nuclear Battery"]},{"not_picked":["Fusion Hammer","Coffee Dripper","Sozu"]},{"not_picked":["Runic Dome","Inserter"],"picked":"Tiny House"},{"not_picked":["Snecko Eye","Pandora\u0027s Box"],"picked":"Black Star"},{"not_picked":["Coffee Dripper","Calling Bell","Velvet Choker"]}],"items_purged_floors":[],"is_endless":true,"potions_floor_spawned":[2,4,8,24,25,27,30,41,50,52,54,55,58,59,61,67,69,71,73,74,75,76,78,79,80,81,84,86,89,91,93,97,98,101,103,104,106,107,108,109,110,112,113,115,116,118,120,124,126,129,130,131,132,135,137,139,140,142,144,147,148,149,152,154,157,159,161,163,164,167,169,171,172,173,174,177,180,183,186,188,191,194,197,198,200,203],"seed_played":"1803918565167200757","ascension_level":0,"potions_obtained":[{"floor":2.0,"key":"Poison Potion"},{"floor":4.0,"key":"EssenceOfSteel"},{"floor":8.0,"key":"Regen Potion"},{"floor":24.0,"key":"PowerPotion"},{"floor":25.0,"key":"Block Potion"},{"floor":27.0,"key":"Energy Potion"},{"floor":30.0,"key":"SmokeBomb"},{"floor":41.0,"key":"Dexterity Potion"},{"floor":50.0,"key":"Block Potion"},{"floor":67.0,"key":"FearPotion"},{"floor":86.0,"key":"SteroidPotion"},{"floor":98.0,"key":"Block Potion"},{"floor":107.0,"key":"Strength Potion"},{"floor":108.0,"key":"PowerPotion"},{"floor":152.0,"key":"Ancient Potion"},{"floor":154.0,"key":"Fire Potion"},{"floor":157.0,"key":"Energy Potion"},{"floor":159.0,"key":"SteroidPotion"},{"floor":163.0,"key":"Swift Potion"},{"floor":170.0,"key":"FocusPotion"},{"floor":172.0,"key":"Explosive Potion"},{"floor":180.0,"key":"Block Potion"}],"is_trial":false}