{"gold_per_floor":[117,136,88,163,233,233,249,249,304,304,322,342,357,376,376,478,478,497,497,45,45,45,45,56,66,66,66,91,109,121,134,134,232,282,302,320,44,62,162,162,162,182,209,241,241,257,275,68,68,68],"floor_reached":51,"playtime":4565,"items_purged":[],"score":718,"play_id":"71dd473d-93ca-454a-ac64-76d27163e9a4","local_time":"20190527233332","is_ascension_mode":false,"campfire_choices":[{"data":"True Grit","floor":6,"key":"SMITH"},{"data":"Bash","floor":8,"key":"SMITH"},{"data":"Anger","floor":15,"key":"SMITH"},{"data":"Fiend Fire","floor":23,"key":"SMITH"},{"data":"Fiend Fire","floor":27,"key":"SMITH"},{"data":"Power Through","floor":32,"key":"SMITH"},{"data":"Uppercut","floor":40,"key":"SMITH"},{"data":"Offering","floor":45,"key":"SMITH"},{"data":"Shockwave","floor":49,"key":"SMITH"}],"neow_cost":"NONE","seed_source_timestamp":41632194095261,"circlet_count":0,"master_deck":["Strike_R","Strike_R+1","Strike_R","Strike_R","Strike_R","Defend_R+1","Defend_R","Defend_R+1","Defend_R","Bash+1","Clothesline","Headbutt","True Grit+1","Power Through+1","Anger+1","Headbutt","Fiend Fire+1","Shame","Fiend Fire+1","Uppercut+1","Whirlwind+1","Heavy Blade","Offering+1","Cleave+1","Shockwave+1","Power Through","Impervious"],"relics":["Burning Blood","Boot","Sundial","Snecko Eye","Ginger","Charon\u0027s Ashes","Lantern","War Paint","Paper Frog","Torii","Tiny House","Medical Kit","Mango","Shuriken","Happy Flower","Bottled Lightning","Lee\u0027s Waffle"],"potions_floor_usage":[28,33,50,50],"damage_taken":[{"damage":4,"enemies":"2 Louse","floor":1,"turns":4},{"damage":9,"enemies":"Jaw Worm","floor":2,"turns":5},{"damage":0,"enemies":"Cultist","floor":7,"turns":4},{"damage":7,"enemies":"2 Fungi Beasts","floor":11,"turns":5},{"damage":0,"enemies":"Looter","floor":12,"turns":3},{"damage":14,"enemies":"Gremlin Gang","floor":13,"turns":6},{"damage":0,"enemies":"Exordium Thugs","floor":14,"turns":5},{"damage":23,"enemies":"Slime Boss","floor":16,"turns":9},{"damage":5,"enemies":"Chosen","floor":18,"turns":3},{"damage":0,"enemies":"Shell Parasite","floor":24,"turns":2},{"damage":0,"enemies":"Snake Plant","floor":25,"turns":2},{"damage":3,"enemies":"Book of Stabbing","floor":28,"turns":3},{"damage":0,"enemies":"Snecko","floor":29,"turns":2},{"damage":0,"enemies":"Centurion and Healer","floor":30,"turns":5},{"damage":0,"enemies":"Shelled Parasite and Fungi","floor":31,"turns":1},{"damage":47,"enemies":"Champ","floor":33,"turns":9},{"damage":10,"enemies":"3 Shapes","floor":35,"turns":2},{"damage":1,"enemies":"Orb Walker","floor":36,"turns":3},{"damage":10,"enemies":"3 Darklings","floor":38,"turns":3},{"damage":34,"enemies":"Mind Bloom Boss Battle","floor":39,"turns":4},{"damage":0,"enemies":"Spire Growth","floor":42,"turns":2},{"damage":6,"enemies":"Nemesis","floor":44,"turns":3},{"damage":24,"enemies":"4 Shapes","floor":46,"turns":2},{"damage":6,"enemies":"Jaw Worm Horde","floor":47,"turns":3},{"damage":63,"enemies":"Awakened One","floor":50,"turns":13}],"seed_played":"-6030981942231368623","potions_obtained":[{"floor":7,"key":"SneckoOil"},{"floor":12,"key":"Block Potion"},{"floor":25,"key":"Ancient Potion"},{"floor":28,"key":"GamblersBrew"},{"floor":30,"key":"EssenceOfSteel"},{"floor":34,"key":"GamblersBrew"},{"floor":38,"key":"Poison Potion"},{"floor":46,"key":"FearPotion"}],"is_trial":false,"path_per_floor":["M","M","$","?","?","R","M","R","T","T","M","M","M","M","R","B",null,"M","T","$","?","?","R","M","M","T","R","E","M","M","M","R","B",null,"M","M","$","M","?","R","T","M","T","E","R","M","M","$","R","B",null],"character_chosen":"IRONCLAD","items_purchased":["True Grit","Charon\u0027s Ashes","Lantern","Shockwave","Medical Kit","Lee\u0027s Waffle"],"campfire_rested":0,"item_purchase_floors":[3,20,20,37,37,48],"current_hp_per_floor":[88,85,85,74,74,74,80,80,80,80,79,85,77,83,83,66,88,88,88,88,88,88,88,88,88,88,88,88,88,88,88,88,47,93,89,93,93,89,75,75,75,81,81,81,81,63,63,114,114,57],"gold":68,"neow_bonus":"TEN_PERCENT_HP_BONUS","is_prod":false,"is_daily":false,"chose_seed":false,"campfire_upgraded":9,"win_rate":0.0,"timestamp":1559014412,"path_taken":["M","M","$","?","?","R","M","R","T","?","M","?","M","M","R","BOSS","M","?","$","?","?","R","?","M","T","R","E","M","M","M","R","BOSS","M","M","$","M","?","R","?","?","T","E","R","M","M","$","R","BOSS"],"build_version":"2019-01-23","purchased_purges":0,"victory":true,"max_hp_per_floor":[88,88,88,88,88,88,88,88,88,88,88,88,88,88,88,88,88,88,88,88,88,88,88,88,88,88,88,88,88,88,88,88,88,93,93,93,93,93,107,107,107,107,107,107,107,107,107,114,114,114],"card_choices":[{"not_picked":["Carnage","Intimidate"],"picked":"Clothesline","floor":1},{"not_picked":["Corruption","Iron Wave"],"picked":"Headbutt","floor":2},{"not_picked":["Body Slam","Flex"],"picked":"Power Through","floor":7},{"not_picked":["Feel No Pain","Blood for Blood"],"picked":"Anger","floor":11},{"not_picked":["Iron Wave","Clash","Perfected Strike"],"picked":"SKIP","floor":12},{"not_picked":["Fire Breathing","Armaments"],"picked":"Headbutt","floor":13},{"not_picked":["Clash","Armaments","Iron Wave"],"picked":"SKIP","floor":14},{"not_picked":["Barricade","Bludgeon"],"picked":"Fiend Fire","floor":16},{"not_picked":["Rupture","Thunderclap","Warcry"],"picked":"SKIP","floor":18},{"not_picked":["Shrug It Off","Sword Boomerang"],"picked":"Uppercut","floor":24},{"not_picked":["Warcry","Pummel","Shrug It Off"],"picked":"SKIP","floor":25},{"not_picked":["Clash","Intimidate"],"picked":"Whirlwind+1","floor":28},{"not_picked":["Barricade","Sword Boomerang","Body Slam"],"picked":"SKIP","floor":29},{"not_picked":["Shrug It Off+1","Rage"],"picked":"Heavy Blade","floor":30},{"not_picked":["Warcry","Armaments","Cleave"],"picked":"SKIP","floor":31},{"not_picked":["Berserk","Juggernaut"],"picked":"Offering","floor":33},{"not_picked":["Feel No Pain","Combust"],"picked":"Cleave+1","floor":34},{"not_picked":["Bloodletting","Headbutt","Anger"],"picked":"SKIP","floor":35},{"not_picked":["Anger","Perfected Strike","True Grit"],"picked":"SKIP","floor":36},{"not_picked":["Infernal Blade+1","Hemokinesis","Cleave+1"],"picked":"SKIP","floor":38},{"not_picked":["Entrench","Pommel Strike"],"picked":"Power Through","floor":39},{"not_picked":["Iron Wave+1","Perfected Strike+1","Shockwave"],"picked":"SKIP","floor":42},{"not_picked":["Pommel Strike","Heavy Blade"],"picked":"Impervious","floor":44},{"not_picked":["Pommel Strike+1","Intimidate+1","Thunderclap+1"],"picked":"SKIP","floor":46},{"not_picked":["Fire Breathing+1","Anger+1","Perfected Strike"],"picked":"SKIP","floor":47}],"player_experience":6417,"relics_obtained":[{"floor":9,"key":"Boot"},{"floor":10,"key":"Sundial"},{"floor":19,"key":"Ginger"},{"floor":26,"key":"Paper Frog"},{"floor":28,"key":"Torii"},{"floor":39,"key":"Mango"},{"floor":41,"key":"Shuriken"},{"floor":43,"key":"Happy Flower"},{"floor":44,"key":"Bottled Lightning"}],"event_choices":[{"damage_healed":0,"gold_gain":75,"player_choice":"Gather Gold","damage_taken":11,"max_hp_gain":0,"max_hp_loss":0,"event_name":"World of Goop","floor":4,"gold_loss":0},{"damage_healed":0,"gold_gain":70,"player_choice":"Gained Gold","damage_taken":0,"max_hp_gain":0,"max_hp_loss":0,"event_name":"Golden Wing","floor":5,"gold_loss":0},{"damage_healed":0,"gold_gain":0,"player_choice":"Stole Relic","damage_taken":0,"relics_obtained":["War Paint"],"max_hp_gain":0,"max_hp_loss":0,"event_name":"Addict","floor":21,"gold_loss":0,"cards_obtained":["Shame"]},{"damage_healed":0,"gold_gain":0,"player_choice":"Copied","damage_taken":0,"max_hp_gain":0,"max_hp_loss":0,"event_name":"Duplicator","floor":22,"gold_loss":0,"cards_obtained":["Fiend Fire"]},{"damage_healed":0,"gold_gain":0,"player_choice":"Fight","damage_taken":0,"max_hp_gain":0,"max_hp_loss":0,"event_name":"MindBloom","floor":39,"gold_loss":0}],"is_beta":false,"boss_relics":[{"not_picked":["Mark of Pain","Runic Pyramid"],"picked":"Snecko Eye"},{"not_picked":["Coffee Dripper","Calling Bell"],"picked":"Tiny House"}],"items_purged_floors":[],"is_endless":false,"potions_floor_spawned":[7,12,25,28,30,38,39,46,47],"ascension_level":0}