{"gold_per_floor":[118,131,34,49,49,81,93,93,93,106,120,120,120,148,148,244,244,258,271,271,283,0,0,13,13],"floor_reached":25,"playtime":1065,"items_purged":["Strike_R"],"score":305,"play_id":"403807c7-36e0-49e2-96d4-6103b0c7885a","local_time":"20190713112706","is_ascension_mode":true,"campfire_choices":[{"floor":8,"key":"REST"},{"floor":13,"key":"RECALL"},{"floor":15,"key":"REST"},{"floor":23,"key":"REST"}],"neow_cost":"NONE","seed_source_timestamp":8516673370785,"circlet_count":0,"master_deck":["Bash","Armaments","Whirlwind","Clothesline","Flame Barrier","Decay","Entrench","Carnage","Pommel Strike","Feed","Iron Wave","Pommel Strike","Wild Strike","Battle Trance","Disarm","Evolve","Berserk","Heavy Blade","True Grit","Shrug It Off+1","Shrug It Off","Flex+1"],"relics":["Fusion Hammer","Torii","Gremlin Horn","Pandora\u0027s Box"],"potions_floor_usage":[11,16,21,21,24],"damage_taken":[{"damage":15,"enemies":"Small Slimes","floor":1,"turns":4},{"damage":0,"enemies":"Cultist","floor":2,"turns":4},{"damage":3,"enemies":"2 Louse","floor":4,"turns":2},{"damage":33,"enemies":"3 Sentries","floor":6,"turns":5},{"damage":16,"enemies":"2 Fungi Beasts","floor":7,"turns":4},{"damage":1,"enemies":"Looter","floor":10,"turns":2},{"damage":1,"enemies":"Red Slaver","floor":11,"turns":3},{"damage":46,"enemies":"Lagavulin","floor":14,"turns":8},{"damage":20,"enemies":"The Guardian","floor":16,"turns":12},{"damage":0,"enemies":"3 Byrds","floor":18,"turns":3},{"damage":25,"enemies":"2 Thieves","floor":19,"turns":3},{"damage":38,"enemies":"3 Cultists","floor":21,"turns":6},{"damage":15,"enemies":"Cultist and Chosen","floor":24,"turns":7},{"damage":33,"enemies":"Sentry and Sphere","floor":25,"turns":5}],"seed_played":"2878474750789461858","potions_obtained":[{"floor":1,"key":"Ancient Potion"},{"floor":7,"key":"Weak Potion"},{"floor":10,"key":"BloodPotion"},{"floor":16,"key":"BloodPotion"},{"floor":21,"key":"Poison Potion"}],"is_trial":false,"path_per_floor":["M","M","$","M","?","E","M","R","T","M","M","?","R","E","R","B",null,"M","M","?","M","?","R","M","M"],"character_chosen":"IRONCLAD","items_purchased":["Clothesline"],"campfire_rested":3,"item_purchase_floors":[3],"current_hp_per_floor":[57,57,57,54,54,21,5,29,29,28,47,47,47,1,25,5,61,65,43,26,14,14,42,27,0],"gold":13,"neow_bonus":"BOSS_RELIC","is_prod":false,"is_daily":false,"chose_seed":false,"campfire_upgraded":0,"win_rate":0,"timestamp":1563031626,"path_taken":["M","M","$","M","?","E","M","R","T","?","M","?","R","E","R","BOSS","M","M","?","M","?","R","M","M"],"build_version":"2019-07-05","purchased_purges":1,"victory":false,"max_hp_per_floor":[80,80,80,80,80,80,80,80,80,80,80,80,80,80,80,80,80,84,87,92,95,95,95,95,95],"card_choices":[{"not_picked":["Blood for Blood","Hemokinesis"],"picked":"Armaments","floor":1},{"not_picked":["Armaments","Anger"],"picked":"Whirlwind","floor":2},{"not_picked":["Warcry","True Grit"],"picked":"Flame Barrier","floor":4},{"not_picked":["Clash","Warcry"],"picked":"Entrench","floor":6},{"not_picked":["Infernal Blade","Iron Wave"],"picked":"Carnage","floor":7},{"not_picked":["Heavy Blade","Dual Wield","Shockwave"],"picked":"SKIP","floor":10},{"not_picked":["Twin Strike","Clash"],"picked":"Pommel Strike","floor":11},{"not_picked":["Thunderclap","Intimidate"],"picked":"Feed","floor":14},{"not_picked":["Anger","Pommel Strike+1"],"picked":"True Grit","floor":18},{"not_picked":["Iron Wave+1","Fire Breathing+1"],"picked":"Shrug It Off+1","floor":19},{"not_picked":["Clash","Fire Breathing"],"picked":"Shrug It Off","floor":21},{"not_picked":["Body Slam","Dual Wield"],"picked":"Flex+1","floor":24}],"player_experience":283960,"relics_obtained":[{"floor":6,"key":"Torii"},{"floor":14,"key":"Gremlin Horn"}],"event_choices":[{"damage_healed":0,"gold_gain":0,"player_choice":"Cursed","damage_taken":0,"max_hp_gain":0,"max_hp_loss":0,"event_name":"Wheel of Change","floor":5,"gold_loss":0,"cards_obtained":["Decay"]},{"damage_healed":0,"gold_gain":0,"player_choice":"Searched \u00271\u0027 times","damage_taken":0,"max_hp_gain":0,"max_hp_loss":0,"event_name":"Dead Adventurer","floor":12,"gold_loss":0},{"damage_healed":0,"gold_gain":0,"player_choice":"Shed Blood","damage_taken":22,"max_hp_gain":5,"max_hp_loss":0,"event_name":"Forgotten Altar","floor":20,"gold_loss":0},{"damage_healed":0,"gold_gain":0,"player_choice":"Paid Fearfully","damage_taken":0,"max_hp_gain":0,"max_hp_loss":0,"event_name":"Masked Bandits","floor":22,"gold_loss":283}],"is_beta":false,"boss_relics":[{"not_picked":["Sozu","Orrery"],"picked":"Pandora\u0027s Box"}],"items_purged_floors":[3],"is_endless":false,"potions_floor_spawned":[1,7,10,16,21],"killed_by":"Sentry and Sphere","ascension_level":6}