{"gold_per_floor":[113,123,123,140,153,153,47,47,73,83,101,101,116,134,134,237,237,252,269,287,287],"floor_reached":21,"playtime":1655,"items_purged":[],"score":227,"play_id":"330dbaab-55a2-47a9-ac33-2cfe1e80c578","local_time":"20190622160558","is_ascension_mode":false,"campfire_choices":[{"data":"Slimebound:Split","floor":6,"key":"SMITH"},{"data":"Slimebound:SplitAcid","floor":8,"key":"SMITH"},{"data":"Slimebound:ServeAndProtect","floor":15,"key":"SMITH"}],"neow_cost":"NONE","seed_source_timestamp":1049683847165441,"circlet_count":0,"master_deck":["Slimebound:Strike_Slimebound+1","Slimebound:Strike_Slimebound","Slimebound:Strike_Slimebound","Slimebound:Tackle","Slimebound:Defend_Slimebound","Slimebound:Defend_Slimebound","Slimebound:Defend_Slimebound","Slimebound:Defend_Slimebound+1","Slimebound:Split+1","Slimebound:CorrosiveSpit","Slimebound:SelfFormingGoo","Slimebound:VenomTackle","Slimebound:PoisonLick","Slimebound:StudyTheSpire","Slimebound:ServeAndProtect+1","Slimebound:SplitAcid+1","Slimebound:LeechingTouch","Slimebound:Equalize","Slimebound:AcidGelatin","Slimebound:SplitBruiser","Slimebound:AcidTongue","Slimebound:ProtectTheBoss+1","Slimebound:DivideAndConquer","Slimebound:GoopSpray"],"relics":["Slimebound:AbsorbEndCombat","Pen Nib","Bronze Scales","Cursed Key"],"potions_floor_usage":[20,21],"damage_taken":[{"damage":6,"enemies":"Cultist","floor":1,"turns":4},{"damage":8,"enemies":"Small Slimes","floor":2,"turns":4},{"damage":4,"enemies":"2 Louse","floor":4,"turns":2},{"damage":18,"enemies":"Large Slime","floor":5,"turns":5},{"damage":13,"enemies":"Looter","floor":10,"turns":2},{"damage":6,"enemies":"3 Louse","floor":11,"turns":3},{"damage":18,"enemies":"Blue Slaver","floor":13,"turns":4},{"damage":14,"enemies":"Exordium Thugs","floor":14,"turns":5},{"damage":18,"enemies":"Slime Boss","floor":16,"turns":6},{"damage":36,"enemies":"theJungle:MUSHROOMGANG","floor":18,"turns":4},{"damage":29,"enemies":"theJungle:Flameango_and_Byrd","floor":19,"turns":6},{"damage":48,"enemies":"theJungle:2_Snecko_Cultists","floor":20,"turns":4},{"damage":50,"enemies":"theJungle:Snecko_Cultist_And_Trap","floor":21,"turns":5}],"seed_played":"2490930442753294748","potions_obtained":[{"floor":4,"key":"Swift Potion"},{"floor":10,"key":"Energy Potion"},{"floor":16,"key":"LiquidBronze"},{"floor":20,"key":"Energy Potion"}],"is_trial":false,"path_per_floor":["M","M","?","M","M","R","$","R","T","M","M","?","M","M","R","B",null,"M","M","M","M"],"character_chosen":"SLIMEBOUND","items_purchased":["Slimebound:ServeAndProtect","Slimebound:SplitAcid"],"campfire_rested":0,"item_purchase_floors":[7,7],"current_hp_per_floor":[77,77,77,77,74,74,74,74,74,73,76,61,59,64,64,77,77,66,59,39,0],"gold":287,"neow_bonus":"TEN_PERCENT_HP_BONUS","is_prod":false,"is_daily":false,"chose_seed":false,"campfire_upgraded":3,"win_rate":0.0,"timestamp":1561233958,"path_taken":["M","M","?","M","?","R","$","R","T","M","M","?","M","M","R","BOSS","M","M","M","M"],"build_version":"2019-01-23","purchased_purges":0,"victory":false,"max_hp_per_floor":[77,77,77,77,77,77,77,77,77,77,77,77,77,77,77,77,77,77,77,77,77],"card_choices":[{"not_picked":["Slimebound:MegaLick","Slimebound:ItLooksTasty"],"picked":"Slimebound:SelfFormingGoo","floor":1},{"not_picked":["Slimebound:LeechingTouch","Slimebound:PressTheAttack"],"picked":"Slimebound:VenomTackle","floor":2},{"not_picked":["Slimebound:SplitLeeching","Slimebound:Lick"],"picked":"Slimebound:PoisonLick","floor":4},{"not_picked":["Slimebound:FinishingTackle","Slimebound:TongueLash"],"picked":"Slimebound:StudyTheSpire","floor":5},{"not_picked":["Slimebound:SamplingLick","Slimebound:GoopSpray"],"picked":"Slimebound:LeechingTouch","floor":10},{"not_picked":["Slimebound:Prepare","Slimebound:ItLooksTasty"],"picked":"Slimebound:Equalize","floor":11},{"not_picked":["Slimebound:Grow","Slimebound:SlimeSpikes"],"picked":"Slimebound:AcidGelatin","floor":13},{"not_picked":["Slimebound:FormOfPuddle","Slimebound:VenomTackle"],"picked":"Slimebound:SplitBruiser","floor":14},{"not_picked":["Slimebound:SlimeBrawl","Slimebound:OozeBath"],"picked":"Slimebound:AcidTongue","floor":16},{"not_picked":["Slimebound:PressTheAttack","Slimebound:SlimeSpikes"],"picked":"Slimebound:ProtectTheBoss+1","floor":18},{"not_picked":["Slimebound:SplitAcid","Slimebound:SlimeSpikes"],"picked":"Slimebound:DivideAndConquer","floor":19},{"not_picked":["Slimebound:LeechingTouch+1","Slimebound:SuperSplit"],"picked":"Slimebound:GoopSpray","floor":20}],"player_experience":538451,"relics_obtained":[{"floor":3,"key":"Pen Nib"},{"floor":9,"key":"Bronze Scales"}],"event_choices":[{"damage_healed":0,"gold_gain":0,"player_choice":"Relic","damage_taken":0,"max_hp_gain":0,"max_hp_loss":0,"event_name":"Wheel of Change","floor":3,"gold_loss":0},{"damage_healed":0,"gold_gain":0,"player_choice":"Entered Light","damage_taken":15,"max_hp_gain":0,"max_hp_loss":0,"event_name":"Shining Light","floor":12,"gold_loss":0,"cards_upgraded":["Slimebound:Defend_Slimebound","Slimebound:Strike_Slimebound"]}],"is_beta":false,"boss_relics":[{"not_picked":["Tiny House","Eternal Feather"],"picked":"Cursed Key"}],"items_purged_floors":[],"is_endless":false,"potions_floor_spawned":[4,10,16,18,20],"killed_by":"theJungle:Snecko_Cultist_And_Trap","ascension_level":0}