{"gold_per_floor":[118,33,43,43,43,102,119,130,130,186,199,199,199,216,216,321,321,338,348,52,68,85,114,127,137,137,65,65,96,106,106,106,207,207,220,220,233,233],"floor_reached":38,"playtime":2530,"items_purged":["Strike_G"],"score":467,"play_id":"7f7d710b-360d-4c2f-ab50-7f4743a0a1d6","local_time":"20190603225914","is_ascension_mode":true,"campfire_choices":[{"data":"Neutralize","floor":12,"key":"SMITH"},{"data":"Cloak And Dagger","floor":15,"key":"SMITH"},{"floor":28,"key":"REST"},{"floor":32,"key":"REST"}],"neow_cost":"NONE","seed_source_timestamp":8680319338629,"circlet_count":0,"master_deck":["Defend_G","Defend_G","Defend_G","Defend_G","Defend_G","Survivor","Neutralize+1","Cloak And Dagger+1","Caltrops+1","Regret","Backstab","Calculated Gamble","Backstab","Well Laid Plans+1","Prepared","Footwork+1","Venomology","Infinite Blades+1","All Out Attack","Skewer+1","Accuracy+1","Noxious Fumes+1","PiercingWail","Bouncing Flask","Blur+1","Envenom+1","Infinite Blades+1","Infinite Blades+1","Eviscerate+1"],"relics":["Ring of the Snake","NeowsBlessing","Frozen Egg 2","Torii","Tiny Chest","Unceasing Top","Blood Vial","Velvet Choker","Lantern","Art of War","PreservedInsect","Astrolabe","Mercury Hourglass"],"potions_floor_usage":[7,16,18,19,21,21,23,23,29,33,33,37,38],"damage_taken":[{"damage":0,"enemies":"Small Slimes","floor":1,"turns":1},{"damage":0,"enemies":"Cultist","floor":3,"turns":1},{"damage":0,"enemies":"Gremlin Nob","floor":6,"turns":1},{"damage":0,"enemies":"Jaw Worm","floor":7,"turns":2},{"damage":3,"enemies":"3 Louse","floor":8,"turns":4},{"damage":22,"enemies":"Gremlin Nob","floor":10,"turns":5},{"damage":0,"enemies":"2 Fungi Beasts","floor":11,"turns":3},{"damage":1,"enemies":"Gremlin Gang","floor":14,"turns":4},{"damage":15,"enemies":"The Guardian","floor":16,"turns":12},{"damage":16,"enemies":"Spheric Guardian","floor":18,"turns":6},{"damage":7,"enemies":"Chosen","floor":19,"turns":6},{"damage":8,"enemies":"3 Cultists","floor":21,"turns":5},{"damage":13,"enemies":"Shelled Parasite and Fungi","floor":22,"turns":6},{"damage":14,"enemies":"Book of Stabbing","floor":23,"turns":5},{"damage":9,"enemies":"Centurion and Healer","floor":24,"turns":6},{"damage":3,"enemies":"Cultist and Chosen","floor":25,"turns":7},{"damage":36,"enemies":"Slavers","floor":29,"turns":6},{"damage":1,"enemies":"Snake Plant","floor":30,"turns":4},{"damage":49,"enemies":"Champ","floor":33,"turns":15},{"damage":6,"enemies":"3 Shapes","floor":35,"turns":4},{"damage":57,"enemies":"3 Darklings","floor":37,"turns":5},{"damage":38,"enemies":"Jaw Worm Horde","floor":38,"turns":2}],"seed_played":"6414087792423893519","potions_obtained":[{"floor":6,"key":"Fruit Juice"},{"floor":8,"key":"GamblersBrew"},{"floor":10,"key":"GhostInAJar"},{"floor":14,"key":"Explosive Potion"},{"floor":21,"key":"Weak Potion"},{"floor":22,"key":"LiquidBronze"},{"floor":30,"key":"GamblersBrew"},{"floor":33,"key":"Regen Potion"},{"floor":35,"key":"Ancient Potion"},{"floor":37,"key":"Regen Potion"}],"is_trial":false,"path_per_floor":["M","?","M","?","$","E","M","M","T","?","M","R","?","M","R","B",null,"M","M","$","M","M","E","M","M","T","$","R","E","M","?","R","B",null,"M","T","M","M"],"character_chosen":"THE_SILENT","items_purchased":["Lantern","Skewer","Bouncing Flask"],"campfire_rested":2,"item_purchase_floors":[20,20,27],"current_hp_per_floor":[70,70,70,70,70,70,75,72,72,50,52,52,52,53,53,40,75,59,54,54,48,37,25,18,17,17,17,39,5,6,6,28,7,75,69,69,28,0],"gold":233,"neow_bonus":"THREE_ENEMY_KILL","is_prod":false,"is_daily":false,"chose_seed":false,"campfire_upgraded":2,"win_rate":0,"timestamp":1559617154,"path_taken":["M","?","?","?","$","E","M","M","T","?","M","R","?","M","R","BOSS","M","M","$","M","?","E","M","M","T","$","R","E","M","?","R","BOSS","M","?","M","M"],"build_version":"2019-01-23","purchased_purges":1,"victory":false,"max_hp_per_floor":[70,70,70,70,70,70,75,75,75,75,75,75,75,75,75,75,75,75,75,75,75,75,75,75,75,75,75,75,75,75,75,75,75,75,75,75,75,75],"card_choices":[{"not_picked":["Flying Knee","Slice"],"picked":"Cloak And Dagger","floor":1},{"not_picked":["Acrobatics","Poisoned Stab"],"picked":"Caltrops+1","floor":3},{"not_picked":["Slice","Sucker Punch"],"picked":"Backstab","floor":6},{"not_picked":["Bane","Acrobatics","Cloak And Dagger"],"picked":"SKIP","floor":7},{"not_picked":["Dagger Throw","Deflect"],"picked":"Calculated Gamble","floor":8},{"not_picked":["Tactician","Blade Dance"],"picked":"Backstab","floor":10},{"not_picked":["Underhanded Strike","Finisher"],"picked":"Well Laid Plans+1","floor":11},{"not_picked":["Dodge and Roll","Die Die Die"],"picked":"Footwork+1","floor":14},{"not_picked":["Die Die Die","Doppelganger"],"picked":"Venomology","floor":16},{"not_picked":["Dagger Throw","Blade Dance"],"picked":"Infinite Blades+1","floor":18},{"not_picked":["Heel Hook+1","Tactician+1"],"picked":"All Out Attack","floor":19},{"not_picked":["Dagger Throw+1","Skewer"],"picked":"Accuracy+1","floor":21},{"not_picked":["Terror","Sucker Punch","Heel Hook"],"picked":"SKIP","floor":22},{"not_picked":["Bane","Acrobatics"],"picked":"Noxious Fumes+1","floor":23},{"not_picked":["Dagger Spray+1","Outmaneuver","Dagger Throw"],"picked":"SKIP","floor":24},{"not_picked":["Expertise+1","Dash"],"picked":"PiercingWail","floor":25},{"not_picked":["Bane","Dagger Spray"],"picked":"Blur+1","floor":29},{"not_picked":["Storm of Steel","Underhanded Strike","Bane"],"picked":"SKIP","floor":30},{"not_picked":["Bullet Time","Venomology"],"picked":"Envenom+1","floor":33},{"not_picked":["Slice","Poisoned Stab+1","Underhanded Strike+1"],"picked":"SKIP","floor":35},{"not_picked":["Bane+1","Prepared+1","Quick Slash"],"picked":"SKIP","floor":37}],"player_experience":87063,"relics_obtained":[{"floor":6,"key":"Tiny Chest"},{"floor":9,"key":"Unceasing Top"},{"floor":10,"key":"Blood Vial"},{"floor":23,"key":"Art of War"},{"floor":29,"key":"PreservedInsect"},{"floor":36,"key":"Mercury Hourglass"}],"event_choices":[{"damage_healed":0,"gold_gain":0,"player_choice":"Paid Gold","damage_taken":0,"relics_obtained":["Frozen Egg 2"],"max_hp_gain":0,"max_hp_loss":0,"event_name":"WeMeetAgain","floor":2,"gold_loss":85},{"damage_healed":0,"gold_gain":0,"player_choice":"Box","damage_taken":0,"relics_obtained":["Torii"],"max_hp_gain":0,"max_hp_loss":0,"event_name":"Big Fish","floor":4,"gold_loss":0,"cards_obtained":["Regret"]},{"damage_healed":0,"gold_gain":0,"player_choice":"Searched \u00271\u0027 times","damage_taken":0,"max_hp_gain":0,"max_hp_loss":0,"event_name":"Dead Adventurer","floor":10,"gold_loss":0},{"damage_healed":0,"gold_gain":0,"cards_transformed":["Strike_G"],"player_choice":"Transformed","damage_taken":0,"max_hp_gain":0,"max_hp_loss":0,"event_name":"Transmorgrifier","floor":13,"gold_loss":0,"cards_obtained":["Prepared"]},{"damage_healed":0,"gold_gain":0,"player_choice":"Upgraded","damage_taken":0,"max_hp_gain":0,"max_hp_loss":0,"event_name":"Upgrade Shrine","floor":31,"gold_loss":0,"cards_upgraded":["Skewer"]}],"is_beta":false,"boss_relics":[{"not_picked":["Coffee Dripper","Ring of the Serpent"],"picked":"Velvet Choker"},{"not_picked":["Runic Pyramid","Philosopher\u0027s Stone"],"picked":"Astrolabe"}],"items_purged_floors":[20],"is_endless":false,"potions_floor_spawned":[6,8,10,14,21,22,30,33,35,37],"killed_by":"Jaw Worm Horde","ascension_level":1}