{"gold_per_floor":[115,130,146,4,16,16,43,61,88,99,111,111,139,154,154,253,253,264,277,288,91,91,91,116,116,139,164,201,213,236,268,280,392,404,436,468,492,37,57,57],"floor_reached":40,"playtime":3363,"items_purged":["animator:Strike"],"score":446,"play_id":"bd59cfcc-427d-491c-9198-63b723415a23","local_time":"20190620200155","is_ascension_mode":false,"campfire_choices":[{"data":"animator:Alexander","floor":6,"key":"SMITH"},{"data":"animator:Kaijin","floor":12,"key":"SMITH"},{"data":"animator:RinTohsaka","floor":15,"key":"SMITH"},{"data":"Mayhem","floor":23,"key":"SMITH"},{"data":"animator:Alexander","floor":25,"key":"SMITH"},{"data":"animator:HigakiRinne","floor":29,"key":"SMITH"},{"floor":32,"key":"REST"}],"neow_cost":"NONE","seed_source_timestamp":0,"circlet_count":0,"master_deck":["animator:Strike_Fate","animator:Defend_Fate","animator:Defend","animator:Defend","animator:RinTohsaka+1","animator:Alexander+1","Dramatic Entrance","animator:PandorasActor","animator:MisaKurobane","animator:Archer","animator:Lancer","animator:Kaijin+1","animator:ElricEdward","animator:ElricAlphonse","animator:YunYun","animator:FeridBathory","animator:Alexander+1","animator:RinTohsaka","animator:Alexander","animator:Caster","animator:ElricAlphonse","Mayhem+1","animator:Tatsumaki+1","animator:Lancer+1","animator:HigakiRinne+1","animator:Spearman+1","animator:Berserker","animator:Saitama","animator:SilverFang","animator:Hakurou+1","animator:EmiyaShirou","animator:AcuraShin","animator:Gilgamesh"],"special_seed":0,"relics":["animator:LivingPicture","animator:PurgingStone_Cards","animator:TheMissingPiece","animator:ShionDessert","Potion Belt","Pantograph","animator:RacePiece","Ornamental Fan","MawBank","Centennial Puzzle","Eternal Feather","animator:OldCoffin"],"potions_floor_usage":[7,13,19,24,30,31,33,37],"damage_taken":[{"damage":5.0,"enemies":"Small Slimes","floor":1.0,"turns":2.0},{"damage":0.0,"enemies":"Cultist","floor":2.0,"turns":5.0},{"damage":1.0,"enemies":"Jaw Worm","floor":3.0,"turns":3.0},{"damage":10.0,"enemies":"Large Slime","floor":5.0,"turns":5.0},{"damage":15,"enemies":"Lagavulin","floor":7,"turns":6},{"damage":3,"enemies":"Blue Slaver","floor":8,"turns":4},{"damage":1,"enemies":"3 Louse","floor":10,"turns":2},{"damage":5,"enemies":"Looter","floor":11,"turns":3},{"damage":6,"enemies":"Gremlin Nob","floor":13,"turns":4},{"damage":0,"enemies":"Gremlin Gang","floor":14,"turns":1},{"damage":22,"enemies":"The Guardian","floor":16,"turns":9},{"damage":0,"enemies":"Chosen","floor":18,"turns":4},{"damage":7,"enemies":"Spheric Guardian","floor":19,"turns":3},{"damage":16,"enemies":"Snake Plant","floor":20,"turns":4},{"damage":32,"enemies":"Slavers","floor":24,"turns":3},{"damage":7,"enemies":"3 Cultists","floor":27,"turns":4},{"damage":6,"enemies":"Book of Stabbing","floor":28,"turns":4},{"damage":0,"enemies":"Cultist and Chosen","floor":30,"turns":3},{"damage":11,"enemies":"Centurion and Healer","floor":31,"turns":5},{"damage":17,"enemies":"Automaton","floor":33,"turns":8},{"damage":4,"enemies":"3 Darklings","floor":35,"turns":3},{"damage":18,"enemies":"3 Shapes","floor":36,"turns":5},{"damage":26,"enemies":"Transient","floor":37,"turns":5},{"damage":15,"enemies":"3 Darklings","floor":39,"turns":6},{"damage":13,"enemies":"Giant Head","floor":40,"turns":2}],"seed_played":"-526690681496085460","potions_obtained":[{"floor":2.0,"key":"SpeedPotion"},{"floor":3.0,"key":"AttackPotion"},{"floor":5.0,"key":"animator:FalseLifePotion"},{"floor":7,"key":"SpeedPotion"},{"floor":13,"key":"Fire Potion"},{"floor":16,"key":"Explosive Potion"},{"floor":18,"key":"Energy Potion"},{"floor":20,"key":"AttackPotion"},{"floor":27,"key":"LiquidBronze"},{"floor":30,"key":"Explosive Potion"},{"floor":33,"key":"SteroidPotion"},{"floor":36,"key":"PowerPotion"},{"floor":37,"key":"Strength Potion"}],"is_trial":false,"path_per_floor":["M","M","M","$","M","R","E","M","T","M","M","R","E","M","R","B",null,"M","M","M","$","?","R","E","R","T","M","E","R","M","M","R","B",null,"M","M","M","$","M","E"],"character_chosen":"THE_ANIMATOR","items_purchased":["animator:PandorasActor","animator:MisaKurobane","Mayhem","animator:OldCoffin","animator:AcuraShin"],"campfire_rested":1,"item_purchase_floors":[4,4,21,38,38],"current_hp_per_floor":[67,67,66,66,56,56,41,38,38,37,32,32,26,26,26,29,72,72,65,51,51,72,72,42,42,42,35,29,29,29,18,39,47,72,68,50,24,24,9,0],"gold":57,"neow_bonus":"RANDOM_COLORLESS","is_prod":false,"is_daily":false,"chose_seed":false,"campfire_upgraded":6,"win_rate":0.0,"timestamp":1561075315,"path_taken":["M","M","M","$","M","R","E","M","T","M","M","R","E","M","R","BOSS","M","M","M","$","?","R","E","R","T","M","E","R","M","M","R","BOSS","M","M","M","$","?","E"],"build_version":"2019-01-23","purchased_purges":1,"victory":false,"max_hp_per_floor":[72,72,72,72,72,72,72,72,72,72,72,72,72,72,72,72,72,72,72,72,72,72,72,72,72,72,72,72,72,72,72,72,72,72,72,72,72,72,72,72],"card_choices":[{"not_picked":["animator:Priestess","animator:Shuna","animator:ZankiKiguchi"],"picked":"SKIP","floor":1.0},{"not_picked":["animator:HiiragiShinya","animator:HighElfArcher","animator:Aqua"],"picked":"SKIP","floor":2.0},{"not_picked":["animator:AcuraAkari","animator:Shuna","animator:HiiragiShinya"],"picked":"SKIP","floor":3.0},{"not_picked":["animator:RinTohsaka","animator:Caster"],"picked":"animator:Archer","floor":5.0},{"not_picked":["animator:GazelDwargon","animator:YunYun"],"picked":"animator:Lancer","floor":7},{"not_picked":["animator:ElricEdward","animator:Tatsumaki"],"picked":"animator:Kaijin","floor":8},{"not_picked":["animator:Darkness","animator:Ara"],"picked":"animator:ElricEdward","floor":10},{"not_picked":["animator:ElricEdward","animator:RoyMustang"],"picked":"animator:ElricAlphonse","floor":11},{"not_picked":["animator:Archer","animator:IzunaHatsuse"],"picked":"animator:YunYun","floor":13},{"not_picked":["animator:Shuna","animator:Aisha","animator:IzunaHatsuse"],"picked":"SKIP","floor":14},{"not_picked":["animator:HigakiRinne","animator:PinaCoLada"],"picked":"animator:FeridBathory","floor":16},{"not_picked":["animator:Illya","animator:RinTohsaka"],"picked":"animator:Caster","floor":18},{"not_picked":["animator:SilverFang","animator:DolaCouronne"],"picked":"animator:ElricAlphonse","floor":19},{"not_picked":["animator:Viivi","animator:Spearman","animator:Kazuma"],"picked":"SKIP","floor":20},{"not_picked":["animator:Mitsuba","animator:DwarfShaman+1"],"picked":"animator:Tatsumaki+1","floor":24},{"not_picked":["animator:Archer","animator:Illya"],"picked":"animator:Lancer+1","floor":27},{"not_picked":["animator:Aqua","animator:Kaijin"],"picked":"animator:HigakiRinne","floor":28},{"not_picked":["animator:SilverFang","animator:Ara"],"picked":"animator:Spearman+1","floor":30},{"not_picked":["animator:GuildGirl","animator:GazelDwargon"],"picked":"animator:Berserker","floor":31},{"not_picked":["animator:Elesis","animator:ChaikaTrabant"],"picked":"animator:Saitama","floor":33},{"not_picked":["animator:Genos","animator:MetalKnight"],"picked":"animator:SilverFang","floor":33},{"not_picked":["animator:Cocytus","animator:Melzalgald"],"picked":"animator:Hakurou+1","floor":35},{"not_picked":["animator:Mitsuba","animator:CowGirl+1"],"picked":"animator:EmiyaShirou","floor":36},{"not_picked":["animator:Cocytus","animator:Shuna","animator:Alexander"],"picked":"SKIP","floor":37},{"not_picked":["animator:Archer","animator:Lancer"],"picked":"animator:Gilgamesh","floor":39}],"player_experience":486886,"relics_obtained":[{"floor":7,"key":"animator:ShionDessert"},{"floor":9,"key":"Potion Belt"},{"floor":13,"key":"Pantograph"},{"floor":24,"key":"Ornamental Fan"},{"floor":26,"key":"MawBank"},{"floor":28,"key":"Centennial Puzzle"}],"event_choices":[{"damage_healed":21,"gold_gain":0,"player_choice":"Full Heal","damage_taken":0,"max_hp_gain":0,"max_hp_loss":0,"event_name":"Wheel of Change","floor":22,"gold_loss":0}],"is_beta":false,"boss_relics":[{"not_picked":["Orrery","Ectoplasm"],"picked":"animator:RacePiece"},{"not_picked":["Pandora\u0027s Box","Velvet Choker"],"picked":"Eternal Feather"}],"items_purged_floors":[38],"is_endless":false,"potions_floor_spawned":[2,3,5,7,8,13,16,18,20,27,30,33,36,37,39],"killed_by":"Giant Head","ascension_level":0}