{"gold_per_floor":[119,129,147,161,184,184,33,33,58,73,91,122,157,169,181,312,324,357,100,121,140,140,140,165,206,232,232,232,147,170,269,269,269],"floor_reached":33,"playtime":1180,"items_purged":["Strike_R"],"score":431,"play_id":"31a245be-67ec-4001-b7d4-e92751024d96","local_time":"20190720210553","is_ascension_mode":true,"campfire_choices":[{"data":"Armaments","floor":6,"key":"SMITH"},{"data":"True Grit","floor":15,"key":"SMITH"},{"floor":23,"key":"REST"},{"data":"Pommel Strike","floor":27,"key":"SMITH"},{"floor":32,"key":"REST"}],"neow_cost":"NONE","seed_source_timestamp":43412692854194,"circlet_count":0,"master_deck":["Strike_R","Strike_R","Strike_R","Defend_R","Defend_R","Defend_R","Defend_R","Bash","Warcry","Cleave","Thunderclap","Armaments+1","Shockwave","True Grit+1","Immolate","Clothesline+1","Twin Strike+1","Pommel Strike+1","Flex+1"],"relics":["Burning Blood","Regal Pillow","PreservedInsect","Golden Idol","Potion Belt","MawBank","Cursed Key","Juzu Bracelet","Darkstone Periapt","Lantern"],"potions_floor_usage":[12,16,16,16,20,20,25,33,33],"damage_taken":[{"damage":10,"enemies":"Cultist","floor":1,"turns":5},{"damage":7,"enemies":"Small Slimes","floor":2,"turns":5},{"damage":13,"enemies":"Jaw Worm","floor":3,"turns":4},{"damage":22,"enemies":"Blue Slaver","floor":4,"turns":5},{"damage":2,"enemies":"2 Fungi Beasts","floor":10,"turns":4},{"damage":0,"enemies":"Gremlin Gang","floor":11,"turns":1},{"damage":0,"enemies":"Lagavulin","floor":12,"turns":7},{"damage":15,"enemies":"Lots of Slimes","floor":13,"turns":3},{"damage":30,"enemies":"The Guardian","floor":16,"turns":15},{"damage":24,"enemies":"2 Thieves","floor":18,"turns":4},{"damage":10,"enemies":"Spheric Guardian","floor":20,"turns":4},{"damage":39,"enemies":"Snecko","floor":21,"turns":5},{"damage":14,"enemies":"Centurion and Healer","floor":24,"turns":6},{"damage":0,"enemies":"Gremlin Leader","floor":25,"turns":6},{"damage":32,"enemies":"Snake Plant","floor":30,"turns":4},{"damage":71,"enemies":"Collector","floor":33,"turns":8}],"seed_played":"3661084383674154248","potions_obtained":[{"floor":2,"key":"Ancient Potion"},{"floor":3,"key":"PowerPotion"},{"floor":4,"key":"Strength Potion"},{"floor":12,"key":"Swift Potion"},{"floor":13,"key":"Strength Potion"},{"floor":18,"key":"SpeedPotion"},{"floor":20,"key":"Dexterity Potion"},{"floor":24,"key":"GamblersBrew"},{"floor":30,"key":"Fire Potion"}],"is_trial":false,"path_per_floor":["M","M","M","M","T","R","$","?","T","M","M","E","M","?","R","B",null,"M","$","M","M","?","R","M","E","T","R","?","?","M","?","R","B"],"character_chosen":"IRONCLAD","items_purchased":["PreservedInsect","PowerPotion","Juzu Bracelet"],"campfire_rested":2,"item_purchase_floors":[7,19,19],"current_hp_per_floor":[76,75,68,52,52,52,52,52,52,56,62,68,59,52,52,28,68,50,50,46,13,13,52,44,50,56,56,56,56,30,30,71,0],"gold":269,"neow_bonus":"TEN_PERCENT_HP_BONUS","is_prod":false,"is_daily":false,"chose_seed":false,"campfire_upgraded":3,"win_rate":0,"timestamp":1563671153,"path_taken":["M","M","?","M","?","R","$","?","T","?","M","E","M","?","R","BOSS","M","$","M","M","?","R","M","E","T","R","?","?","M","?","R","BOSS"],"build_version":"2019-07-17","purchased_purges":1,"victory":false,"max_hp_per_floor":[88,88,88,88,88,88,88,81,81,81,81,81,81,81,81,81,81,81,81,81,81,81,81,81,81,87,87,87,87,87,87,87,87],"card_choices":[{"not_picked":["Heavy Blade","Rage"],"picked":"Warcry","floor":1},{"not_picked":["Clash","Flex"],"picked":"Cleave","floor":2},{"not_picked":["Sword Boomerang","Entrench"],"picked":"Thunderclap","floor":3},{"not_picked":["Anger","Dark Embrace"],"picked":"Armaments","floor":4},{"not_picked":["Infernal Blade","Cleave"],"picked":"Shockwave","floor":10},{"not_picked":["Shrug It Off","Intimidate"],"picked":"True Grit","floor":11},{"not_picked":["Flex","Thunderclap","Evolve"],"picked":"SKIP","floor":12},{"not_picked":["Cleave","Body Slam","Heavy Blade"],"picked":"SKIP","floor":13},{"not_picked":["Double Tap","Feed"],"picked":"Immolate","floor":16},{"not_picked":["Twin Strike","Pummel"],"picked":"Clothesline","floor":18},{"not_picked":["Sentinel","Warcry","Headbutt"],"picked":"SKIP","floor":20},{"not_picked":["Thunderclap+1","Heavy Blade","Corruption"],"picked":"SKIP","floor":21},{"not_picked":["Clash+1","Havoc"],"picked":"Twin Strike+1","floor":24},{"not_picked":["Body Slam","Brutality"],"picked":"Pommel Strike","floor":25},{"not_picked":["Shockwave","Body Slam"],"picked":"Flex+1","floor":30}],"player_experience":309823,"relics_obtained":[{"floor":5,"key":"Regal Pillow"},{"floor":9,"key":"Potion Belt"},{"floor":12,"key":"MawBank"},{"floor":25,"key":"Darkstone Periapt"}],"event_choices":[{"damage_healed":0,"gold_gain":0,"player_choice":"Lose Max HP","damage_taken":0,"relics_obtained":["Golden Idol"],"max_hp_gain":0,"max_hp_loss":7,"event_name":"Golden Idol","floor":8,"gold_loss":0},{"cards_removed":["Strike_R"],"damage_healed":0,"gold_gain":0,"player_choice":"Card Removal","damage_taken":7,"max_hp_gain":0,"max_hp_loss":0,"event_name":"Golden Wing","floor":14,"gold_loss":0},{"damage_healed":0,"gold_gain":0,"player_choice":"Upgraded","damage_taken":0,"max_hp_gain":0,"max_hp_loss":0,"event_name":"Upgrade Shrine","floor":22,"gold_loss":0,"cards_upgraded":["Clothesline"]},{"cards_removed":["Doubt"],"damage_healed":0,"gold_gain":0,"player_choice":"Purged","damage_taken":0,"max_hp_gain":0,"max_hp_loss":0,"event_name":"Purifier","floor":28,"gold_loss":0},{"damage_healed":0,"gold_gain":0,"player_choice":"Obtained Relic","damage_taken":0,"relics_obtained":["Lantern"],"max_hp_gain":0,"max_hp_loss":0,"event_name":"Addict","floor":29,"gold_loss":85},{"damage_healed":0,"gold_gain":99,"player_choice":"Stole From Cult","damage_taken":0,"max_hp_gain":0,"max_hp_loss":0,"event_name":"Nest","floor":31,"gold_loss":0}],"is_beta":false,"boss_relics":[{"not_picked":["Runic Pyramid","Lizard Tail"],"picked":"Cursed Key"}],"items_purged_floors":[19],"is_endless":false,"potions_floor_spawned":[2,3,4,12,13,18,20,24,30],"killed_by":"Collector","ascension_level":7}