{"gold_per_floor":[117,117,117,137,137,137,162,162,162,180,180,54,54,74,74,200,200],"floor_reached":17,"playtime":246,"items_purged":["Zap+1"],"score":228,"play_id":"891aec66-28af-43f5-96b8-fb9acb55bcb5","local_time":"20190329225736","is_ascension_mode":false,"campfire_choices":[{"floor":6,"key":"RECALL"},{"data":"Gash","floor":8,"key":"SMITH"},{"floor":11,"key":"REST"},{"data":"Gash","floor":15,"key":"SMITH"}],"neow_cost":"NONE","seed_source_timestamp":0,"circlet_count":0,"master_deck":["Gash+1","Gash+1"],"relics":["Pandora\u0027s Box","Unceasing Top","Blood Vial","Shuriken","Golden Idol","Nuclear Battery"],"potions_floor_usage":[],"damage_taken":[{"damage":11,"enemies":"2 Louse","floor":1,"turns":3},{"damage":6,"enemies":"Cultist","floor":4,"turns":3},{"damage":0,"enemies":"Gremlin Nob","floor":7,"turns":1},{"damage":0,"enemies":"Small Slimes","floor":10,"turns":1},{"damage":0,"enemies":"3 Louse","floor":14,"turns":1},{"damage":0,"enemies":"Hexaghost","floor":16,"turns":1}],"seed_played":"14385","potions_obtained":[{"floor":7,"key":"SpeedPotion"},{"floor":10,"key":"Poison Potion"}],"is_trial":false,"path_per_floor":["M","?","?","M","?","R","E","R","T","M","R","$","?","M","R","B",null],"character_chosen":"DEFECT","items_purchased":["Gash"],"campfire_rested":1,"item_purchase_floors":[12],"current_hp_per_floor":[64,52,52,46,46,46,46,46,46,48,70,70,52,54,54,56,75],"gold":200,"neow_bonus":"BOSS_RELIC","is_prod":false,"is_daily":false,"chose_seed":true,"campfire_upgraded":2,"win_rate":0,"timestamp":1553918256,"path_taken":["M","?","?","?","?","R","E","R","T","M","R","$","?","M","R","BOSS"],"build_version":"2019-03-15","purchased_purges":1,"victory":false,"max_hp_per_floor":[75,75,75,75,75,75,75,75,75,75,75,75,75,75,75,75,75],"card_choices":[{"not_picked":["Sweeping Beam","Beam Cell","Compile Driver"],"picked":"SKIP","floor":1},{"not_picked":["Glacier","Hologram","Blizzard"],"picked":"SKIP","floor":4},{"not_picked":["Sweeping Beam","Undo"],"picked":"Gash","floor":7},{"not_picked":["Auto Shields","Ball Lightning","Streamline"],"picked":"SKIP","floor":10},{"not_picked":["Redo","Coolheaded","Force Field"],"picked":"SKIP","floor":14}],"player_experience":478136,"relics_obtained":[{"floor":7,"key":"Blood Vial"},{"floor":9,"key":"Shuriken"}],"event_choices":[{"damage_healed":0,"gold_gain":0,"player_choice":"Success","damage_taken":12,"relics_obtained":["Unceasing Top"],"max_hp_gain":0,"max_hp_loss":0,"event_name":"Scrap Ooze","floor":2,"gold_loss":0},{"cards_removed":["Dualcast"],"damage_healed":0,"gold_gain":0,"player_choice":"Card Removal","damage_taken":0,"max_hp_gain":0,"max_hp_loss":0,"event_name":"Wheel of Change","floor":3,"gold_loss":0},{"damage_healed":0,"gold_gain":0,"player_choice":"Grow","damage_taken":0,"max_hp_gain":0,"max_hp_loss":0,"event_name":"Living Wall","floor":5,"gold_loss":0,"cards_upgraded":["Zap"]},{"damage_healed":0,"gold_gain":0,"player_choice":"Take Damage","damage_taken":18,"relics_obtained":["Golden Idol"],"max_hp_gain":0,"max_hp_loss":0,"event_name":"Golden Idol","floor":13,"gold_loss":0}],"is_beta":true,"boss_relics":[{"not_picked":["Velvet Choker","Tiny House"],"picked":"Nuclear Battery"}],"items_purged_floors":[12],"is_endless":false,"potions_floor_spawned":[7,10],"ascension_level":0}