{"path_per_floor":["M","?","M","M","M","R","M","R","T","R","E","M","R","M","R"],"character_chosen":"IRONCLAD","items_purchased":[],"gold_per_floor":[114,114,131,144,155,155,173,173,173,173,205,224,224,243,243,243],"floor_reached":16,"campfire_rested":0,"playtime":12369,"item_purchase_floors":[],"current_hp_per_floor":[80,73,79,80,80,80,80,80,80,80,62,68,68,74,74,0],"items_purged":[],"gold":243,"score":125,"play_id":"baffe20c-7968-4468-b50a-133031fdc438","local_time":"20180607000601","is_prod":false,"is_daily":false,"chose_seed":false,"is_ascension_mode":true,"campfire_upgraded":5,"win_rate":0,"timestamp":1528322761,"campfire_choices":[{"data":"Cleave","floor":6,"key":"SMITH"},{"data":"Body Slam","floor":8,"key":"SMITH"},{"data":"Bash","floor":10,"key":"SMITH"},{"data":"Barricade","floor":13,"key":"SMITH"},{"data":"Defend_R","floor":15,"key":"SMITH"}],"path_taken":["M","?","?","M","M","R","M","R","T","R","E","M","R","M","R","BOSS"],"build_version":"2018-06-05","seed_source_timestamp":30360481636410,"purchased_purges":0,"victory":false,"master_deck":["Strike_R","Strike_R","Strike_R","Strike_R","Defend_R","Defend_R","Defend_R","Defend_R+1","Bash+1","Cleave+1","Body Slam+1","Barricade+1","Battle Trance"],"max_hp_per_floor":[80,80,80,80,80,80,80,80,80,80,80,80,80,80,80,80],"relics":["Burning Blood","Anchor","Bottled Lightning","Letter Opener"],"card_choices":[{"not_picked":["Twin Strike","Disarm"],"picked":"Cleave","floor":1},{"not_picked":["Warcry","Cleave","Pommel Strike"],"picked":"SKIP","floor":3},{"not_picked":["Sword Boomerang","Reckless Charge","Thunderclap"],"picked":"SKIP","floor":4},{"not_picked":["Berserk","Intimidate","Infernal Blade"],"picked":"SKIP","floor":5},{"not_picked":["Dropkick","Metallicize"],"picked":"Body Slam","floor":7},{"not_picked":["Headbutt","Flex"],"picked":"Barricade","floor":11},{"not_picked":["Reckless Charge","Intimidate","Second Wind"],"picked":"SKIP","floor":12},{"not_picked":["Sword Boomerang","Havoc"],"picked":"Battle Trance","floor":14}],"player_experience":139241,"potions_floor_usage":[11,14,16],"damage_taken":[{"damage":0,"enemies":"2 Louse","floor":1,"turns":2},{"damage":0,"enemies":"Jaw Worm","floor":3,"turns":3},{"damage":2,"enemies":"Small Slimes","floor":4,"turns":3},{"damage":5,"enemies":"2 Fungi Beasts","floor":5,"turns":4},{"damage":4,"enemies":"Red Slaver","floor":7,"turns":3},{"damage":24,"enemies":"Lagavulin","floor":11,"turns":7},{"damage":0,"enemies":"Blue Slaver","floor":12,"turns":2},{"damage":0,"enemies":"Large Slime","floor":14,"turns":6},{"damage":77,"enemies":"Hexaghost","floor":16,"turns":13}],"relics_obtained":[{"floor":9,"key":"Bottled Lightning"},{"floor":11,"key":"Letter Opener"}],"event_choices":[{"event_name":"Golden Wing","player_choice":"Card Removal","floor":2,"damage_taken":0}],"boss_relics":[],"items_purged_floors":[],"potions_floor_spawned":[4,11,12],"seed_played":"4721032358337019067","killed_by":"Hexaghost","ascension_level":4,"potions_obtained":[{"floor":4,"key":"Block Potion"},{"floor":11,"key":"AttackPotion"},{"floor":12,"key":"FearPotion"}],"is_trial":false}