{"gold_per_floor":[115,129,129,129,140,173,47,47,47,60,85,85,85,108,108,108],"floor_reached":16,"playtime":479,"items_purged":[],"score":143,"play_id":"8421f790-2350-4219-a180-aee2181d11cc","local_time":"20190714155045","is_ascension_mode":true,"campfire_choices":[{"data":"Double Tap","floor":8,"key":"SMITH"},{"floor":12,"key":"REST"},{"data":"Hemokinesis","floor":15,"key":"SMITH"}],"neow_cost":"NONE","seed_source_timestamp":21610005893023,"circlet_count":0,"master_deck":["Strike_R","Strike_R","Strike_R","Strike_R","Defend_R","Defend_R","Defend_R","Defend_R","Bash","Double Tap+1","Hemokinesis+1","Cleave","True Grit","Feed","Evolve+1","Offering"],"relics":["Burning Blood","WingedGreaves","Frozen Egg 2","Charon\u0027s Ashes","Golden Idol"],"potions_floor_usage":[6,10,14],"damage_taken":[{"damage":8,"enemies":"2 Louse","floor":1,"turns":4},{"damage":13,"enemies":"Jaw Worm","floor":2,"turns":4},{"damage":3,"enemies":"Cultist","floor":5,"turns":2},{"damage":36,"enemies":"Lagavulin","floor":6,"turns":5},{"damage":0,"enemies":"2 Fungi Beasts","floor":10,"turns":2},{"damage":38,"enemies":"Gremlin Nob","floor":11,"turns":4},{"damage":9,"enemies":"3 Louse","floor":14,"turns":1},{"damage":41,"enemies":"Slime Boss","floor":16,"turns":6}],"seed_played":"-772182848124449112","potions_obtained":[{"floor":2,"key":"Fire Potion"},{"floor":11,"key":"PowerPotion"}],"is_trial":false,"path_per_floor":["M","M","?","?","M","E","$","R","T","M","E","R","?","M","R","B"],"character_chosen":"IRONCLAD","items_purchased":["Feed","AttackPotion"],"campfire_rested":1,"item_purchase_floors":[7,7],"current_hp_per_floor":[70,63,63,63,66,36,36,36,36,45,13,37,37,37,37,0],"gold":108,"neow_bonus":"ONE_RANDOM_RARE_CARD","is_prod":false,"is_daily":false,"chose_seed":false,"campfire_upgraded":2,"win_rate":0,"timestamp":1563133845,"path_taken":["M","M","?","?","M","E","$","R","T","?","E","R","?","M","R","BOSS"],"build_version":"2019-07-05","purchased_purges":0,"victory":false,"max_hp_per_floor":[80,80,80,80,80,80,80,80,80,83,83,83,77,80,80,80],"card_choices":[{"not_picked":["Clash","Intimidate","Flex"],"picked":"SKIP","floor":1},{"not_picked":["Pommel Strike","Headbutt"],"picked":"Hemokinesis","floor":2},{"not_picked":["Iron Wave","Metallicize"],"picked":"Cleave","floor":5},{"not_picked":["Perfected Strike","Clash"],"picked":"True Grit","floor":6},{"not_picked":["Corruption+1","Iron Wave"],"picked":"Evolve+1","floor":10},{"not_picked":["Perfected Strike","Twin Strike"],"picked":"Offering","floor":11},{"not_picked":["Infernal Blade","Pummel","Heavy Blade"],"picked":"SKIP","floor":14}],"player_experience":292534,"relics_obtained":[{"floor":6,"key":"WingedGreaves"},{"floor":9,"key":"Frozen Egg 2"},{"floor":11,"key":"Charon\u0027s Ashes"}],"event_choices":[{"damage_healed":0,"gold_gain":0,"player_choice":"Ignored","damage_taken":0,"max_hp_gain":0,"max_hp_loss":0,"event_name":"Liars Game","floor":3,"gold_loss":0},{"cards_removed":["Strike_R"],"damage_healed":0,"gold_gain":0,"player_choice":"Offered Basic","damage_taken":0,"max_hp_gain":0,"max_hp_loss":0,"event_name":"Bonfire Elementals","floor":4,"gold_loss":0},{"damage_healed":0,"gold_gain":0,"player_choice":"Lose Max HP","damage_taken":0,"relics_obtained":["Golden Idol"],"max_hp_gain":0,"max_hp_loss":6,"event_name":"Golden Idol","floor":13,"gold_loss":0}],"is_beta":false,"boss_relics":[],"items_purged_floors":[],"is_endless":false,"potions_floor_spawned":[2,11],"killed_by":"Slime Boss","ascension_level":6}