{"path_per_floor":["M","M","M","?","$","R","T","M","T","M","M","E","R","?","R","B",null,"M","M","M","$","M","R","E","M","T","?","$","?","R"],"character_chosen":"DEFECT","items_purchased":["Seek","Magnetism"],"gold_per_floor":[115,134,152,227,81,81,81,92,92,107,123,158,158,158,158,258,258,248,260,279,86,100,100,126,140,140,140,40,40,40,40],"floor_reached":31,"campfire_rested":1,"playtime":4683,"item_purchase_floors":[5,21],"current_hp_per_floor":[63,63,63,52,52,52,52,44,44,51,55,55,55,55,55,49,68,66,68,68,68,68,68,22,28,28,18,18,4,27,0],"items_purged":["Defend_B","Strike_B"],"gold":40,"score":270,"play_id":"eb598ef5-7979-447e-8645-f711a77c905c","local_time":"20180611202959","is_prod":false,"is_daily":false,"chose_seed":false,"is_ascension_mode":true,"campfire_upgraded":4,"win_rate":0,"timestamp":1528741799,"campfire_choices":[{"data":"Seek","floor":6,"key":"SMITH"},{"data":"Reinforced Body","floor":13,"key":"SMITH"},{"data":"Redo","floor":15,"key":"SMITH"},{"data":"Creative AI","floor":23,"key":"SMITH"},{"floor":30,"key":"REST"}],"path_taken":["M","M","M","?","$","R","?","?","T","M","M","E","R","?","R","BOSS","M","M","M","?","M","R","E","M","T","?","$","?","R","?"],"build_version":"2018-06-08","seed_source_timestamp":26550776640821,"purchased_purges":2,"victory":false,"master_deck":["Defend_B","Defend_B","Defend_B","Zap","Dualcast","Force Field","Redo+1","Ball Lightning","Reinforced Body+1","Self Repair","Seek+1","Ball Lightning","Seek","Conserve Battery","Creative AI+1","Heatsinks+1","Hologram","Magnetism","Self Repair","Necronomicurse"],"max_hp_per_floor":[68,68,68,68,68,68,68,68,68,68,68,68,68,68,68,68,68,68,68,68,68,68,68,68,68,68,74,74,79,79,79],"relics":["Cracked Core","Oddly Smooth Stone","Thread and Needle","Toolbox","Sozu","Darkstone Periapt","Molten Egg 2","Necronomicon"],"card_choices":[{"not_picked":["Beam Cell","Genetic Algorithm"],"picked":"Ball Lightning","floor":1},{"not_picked":["Scrape","Coolheaded"],"picked":"Reinforced Body","floor":2},{"not_picked":["Hologram","Turbo"],"picked":"Self Repair","floor":3},{"not_picked":["Hologram","Go for the Eyes"],"picked":"Ball Lightning","floor":8},{"not_picked":["Reprogram","Go for the Eyes","Recycle"],"picked":"SKIP","floor":10},{"not_picked":["Steam","Rebound"],"picked":"Seek","floor":11},{"not_picked":["Beam Cell","Reprogram"],"picked":"Conserve Battery","floor":12},{"not_picked":["Fission","Core Surge"],"picked":"Creative AI","floor":16},{"not_picked":["Conserve Battery","Lockon+1"],"picked":"Heatsinks+1","floor":18},{"not_picked":["Steam Power+1","Turbo+1","Barrage"],"picked":"SKIP","floor":19},{"not_picked":["Self Repair","Ball Lightning"],"picked":"Hologram","floor":20},{"not_picked":["Go for the Eyes","Sweeping Beam+1","Streamline"],"picked":"SKIP","floor":22},{"not_picked":["Compile Driver","Hologram","Multi-Cast"],"picked":"SKIP","floor":24},{"not_picked":["Redo","Rebound"],"picked":"Self Repair","floor":25}],"player_experience":173591,"potions_floor_usage":[8,16,16],"damage_taken":[{"damage":5,"enemies":"Jaw Worm","floor":1,"turns":4},{"damage":0,"enemies":"Cultist","floor":2,"turns":3},{"damage":0,"enemies":"2 Louse","floor":3,"turns":2},{"damage":15,"enemies":"Lots of Slimes","floor":8,"turns":3},{"damage":0,"enemies":"Exordium Thugs","floor":10,"turns":4},{"damage":3,"enemies":"3 Louse","floor":11,"turns":3},{"damage":7,"enemies":"Lagavulin","floor":12,"turns":6},{"damage":13,"enemies":"Hexaghost","floor":16,"turns":11},{"damage":9,"enemies":"2 Thieves","floor":18,"turns":4},{"damage":0,"enemies":"Spheric Guardian","floor":19,"turns":3},{"damage":3,"enemies":"Centurion and Healer","floor":20,"turns":4},{"damage":4,"enemies":"Snecko","floor":22,"turns":4},{"damage":53,"enemies":"Slavers","floor":24,"turns":8},{"damage":1,"enemies":"Snake Plant","floor":25,"turns":4},{"damage":48,"enemies":"Cultist and Chosen","floor":31,"turns":5}],"relics_obtained":[{"floor":7,"key":"Oddly Smooth Stone"},{"floor":9,"key":"Thread and Needle"},{"floor":12,"key":"Toolbox"},{"floor":24,"key":"Darkstone Periapt"},{"floor":26,"key":"Molten Egg 2"},{"floor":27,"key":"Necronomicon"}],"event_choices":[{"event_name":"World of Goop","player_choice":"Gather Gold","floor":4,"damage_taken":0},{"event_name":"Purifier","player_choice":"One Purge","floor":14,"damage_taken":0},{"event_name":"Cursed Tome","player_choice":"Obtained Book","floor":27,"damage_taken":0},{"event_name":"Forgotten Altar","player_choice":"Shed Blood","floor":29,"damage_taken":0}],"boss_relics":[{"not_picked":["Pandora\u0027s Box","Cursed Key"],"picked":"Sozu"}],"items_purged_floors":[5,28],"potions_floor_spawned":[2,10,12,18,20,22],"seed_played":"-7787460379260432714","killed_by":"Cultist and Chosen","ascension_level":1,"potions_obtained":[{"floor":2,"key":"Poison Potion"},{"floor":10,"key":"SpeedPotion"},{"floor":12,"key":"SkillPotion"}],"is_trial":false}